2072 3730
136 889 189 939 l)

238 140 343 192 4⁴24
867 141 1344 198 PLATONIS

244 285 290 340 δ’
345 283 475 352 ἐγω,
519 285 840 357 φαρμάκοις
884 291 1113 353 πολλοῖς
1152 292 1423 360 χρῆσθαι.
1483 290 1679 346 ὶατυὸν
1725 296 1780 346 δέ
1825 314 1936 348 που

240 366 315 438 μὴ
364 371 639 464 δεομένοις
679 372 780 462 μὲν
810 388 1025 439 σωμασι
1050 376 1382 448 φαρμάκων,
1422 372 1567 429 ἀλλα
1599 379 1779 453 διαίτη
1807 383 1936 431 εὕε-

242 451 453 508 λόντων
491 450 825 515 ὑπακούειν,
859 461 950 510 καὶ
990 456 1340 530 φαυλότερον
1367 459 1609 528 ἐξαρκεῖν
1634 459 1935 530 ἡγούμεθα

238 537 408 593 εἶναι·
468 533 611 590 ὅταν
653 540 710 592 δὲ
755 536 822 604 δὴ
868 561 959 595 και
1004 540 1381 616 φαρμακεύειν
1425 546 1547 618 δέη,
1606 547 1791 613 ἴσμεν,
1846 544 1936 599 ὅτι

237 619 624 691 ἀνδρειοτέρου
680 625 760 677 δεῖ
833 627 932 679 τοῦ
989 629 1204 697 ἰατροῦ.
1287 625 1535 692 Ἀληθῆ·
1593 627 1738 682 ἀλλὰ
1795 627 1934 698 πρὸς

239 711 291 761 τί
333 709 533 775 λέγειςς
618 704 780 776 Πρὸς
825 706 967 774 τάδε,
1013 702 1082 776 ἦν
1123 709 1172 764 δ’
1225 710 1358 778 ἐγώ·
1403 714 1579 781 συχνῷ
1626 714 1701 781 τῷ
1746 714 1936 787 ψεύδει

241 795 334 846 καὶ
379 792 443 866 τῇ
487 788 678 867 ἀπάτῃ
723 792 1023 848 κινδυνεύει
1075 792 1207 862 ἡμῖν
1251 793 1462 861 δεήσειν
1502 798 1757 865 χρῆσθαι
1804 799 1936 862 τους

240 873 522 946 ἄρχοντας
577 875 664 929 ἐπ’
744 875 980 951 ὠφελείᾳ
1035 882 1147 933 τῶν
1202 878 1536 950 ἀρχομένων.
1612 886 1819 953 ἔφαμεν
1877 886 1935 936 δέ

240 980 348 1015 που
408 967 466 1014 ὲν
525 963 829 1031 φαρμάκου
885 962 1012 1017 εἴδει
1064 963 1253 1018 πάντα
1298 963 1366 1017 τά
1417 966 1647 1018 τοιαῦτα
1686 966 1932 1036 χρήσιμα

239 1043 397 1099 εἶναι.
488 1046 601 1098 Καὶ
640 1044 836 1115 ὀρθῶς
878 1068 954 1115 γε,
999 1050 1122 1123 ἔφη.
1204 1048 1294 1102 Ἐν
1340 1060 1458 1111 τοῖς
1501 1049 1701 1119 γάμοις
1745 1055 1932 1104 τοίνυν

237 1134 326 1183 καὶ
385 1132 765 1195 παιδοποιίαις
821 1141 960 1186 ἔοικε
1031 1131 1092 1186 τὸ
1150 1129 1342 1201 ὀρθ-ὸν
1410 1136 1579 1188 τοῦτο
1636 1139 1935 1202 γίγνεσθαι

235 1211 336 1268 οὐκ
379 1212 687 1282 ἐλάχιστον.
775 1219 910 1279 Πῶς
952 1215 1056 1282 δή;
1143 1222 1408 1284 Δεῖ-μέν,
1475 1218 1659 1280 εἷπον,
1719 1226 1775 1271 ἐκ
1822 1221 1932 1273 τῶν

234 1296 672 1394 ὡμολογημένων
714 1298 846 1363 τοὺς
886 1298 1148 1369 α’ρίστους
1197 1312 1316 1363 ταῖς
1358 1300 1612 1368 ἀρίσταις
1654 1306 1931 1372 συγγίγνε-

235 1385 382 1435 σθαι
428 1379 501 1444 ὡς
547 1384 879 1447 πλειστάκις,
924 1406 1055 1447 τους
1100 1388 1155 1437 δὲ
1201 1384 1596 1458 φαυλοτάτους
1622 1397 1740 1450 ταῖς
1784 1408 1932 1460 φαυ-

235 1463 500 1529 λοτάταις
546 1463 906 1532 τούναντίον,
968 1473 1060 1522 και
1124 1471 1234 1522 τῶν
1295 1475 1395 1539 μὲν
1443 1468 1512 1523 τα
1556 1474 1755 1538 ἔκ)ονα
1801 1477 1927 1542 τρέ-

238 1571 395 1624 φειν,
444 1552 555 1603 τῶν
599 1553 656 1606 δὲ
698 1551 809 1622 μή,
863 1575 908 1608 ει
950 1556 1130 1622 μέλλει
1174 1551 1234 1607 τὸ
1286 1557 1545 1622 ποίμνιον
1589 1552 1619 1609 ὅ
1671 1575 1718 1609 τι
1758 1553 1931 1625 ἀκρό-

2057 622 2072 655 ‚si

2052 658 2072 695 ἢ.

233 1655 410 1692 ΐαΐθν
455 1633 623 1689 εἶναι

348 1830 397 1870 C.
471 1826 599 1871 ἀλλὰ
638 1826 816 1881 διαίτῃ
860 1827 1200 1880 ἐθελόντων]
1244 1829 1364 1872 Flor.
1409 1844 1447 1869 α.
1493 1845 1527 1882 γ.

1079 1888 1233 1928 Paullo
1274 1894 1377 1928 ante
1421 1889 1523 1931 Ast.
1563 1891 1695 1930 scribi
1735 1887 1926 1932 mavul't·

229 1885 483 1937 ἐθέλουσιν,
524 1895 572 1930 ut
609 1885 762 1940 Steph.
804 1889 1003 1930 coniecit.

231 1942 380 1999 ἰατρόν
410 1945 459 2001 γέ
488 1961 589 1988 που.

681 1640 771 1691 καὶ
818 1639 997 1692 ταῦτα
1042 1636 1230 1692 πάντα
1273 1635 1571 1708 ,ιγνόμενα
1615 1637 1932 1695 λανθάνειν

1575 1832 1605 1869 V
1612 1832 1701 1875 ind.
1749 1834 1847 1876 Vat.
1896 1848 1929 1875 r.

652 1945 743 1986 Sed
775 1944 821 1985 δέ
849 1953 967 1987 reete
997 1947 1159 1986 habere
1190 1945 1378 1985 videtur.

346 2005 396 2045 D.
449 2006 610 2046 τοῦτο
643 2003 941 2056 γίγνεσθαι
973 1998 1075 2045 οὐκ
1105 2000 1417 2054 ἐλάχιστον.
1444 2002 1929 2059 8ιερὴ.,ι]ιιίγενέσθαι

230 2062 383 2103 invitis
414 2065 543 2104 codd.
574 2063 731 2113 edidit,
764 2059 818 2102 ἄι
847 2063 1099 2104 addendum
1130 2062 1447 2114 suspicabatur.
1478 2061 1676 2104 Frustra.

288 2230 608 2274 κινδυνεύει
651 2227 770 2284 ἡμῖν
809 2229 1038 2285 δεήσειν

229 2291 500 2345 χρῆσθαι]
566 2289 636 2329 Ne
697 2290 793 2342 quis
854 2293 1037 2332 miretur

230 2349 347 2388 istud
397 2347 590 2403 δεήσειν,
650 2348 863 2389 latissime
915 2356 1036 2402 patet

231 2420 332 2446 usus
379 2409 700 2448 infinitivorum
753 2406 889 2446 futuri
929 2413 1035 2447 tem-

230 2466 365 2515 poris,
398 2473 446 2505 ut
476 2467 550 2518 qui
582 2465 908 2515 coniungantur
939 2479 1035 2505 eum

228 2523 429 2574 plurimis
474 2523 642 2568 verbis,
691 2534 880 2573 quorum
927 2525 1035 2575 legi-

230 2583 359 2621 timos
432 2583 615 2622 comites
680 2581 814 2632 vulgo
876 2582 1039 2622 habent

228 2641 472 2690 praesentis
502 2639 744 2689 aoristique
777 2640 1034 2682 infinitivos.

234 2698 428 2738 Plurima
490 2701 555 2739 rei
600 2697 801 2748 exempla
846 2698 1032 2751 college-

228 2760 331 2794 runt
376 2756 599 2797 duumviri
648 2757 1032 2807 praestantissimi,

230 2813 571 2854 Sohaeferus
616 2813 673 2853 ad
711 2812 873 2855 Poetas
911 2812 1032 2854 Gno-

226 2872 364 2911 mieos
393 2885 435 2923 p.
459 2872 514 2915 16
537 2887 601 2925 sq.
639 2877 682 2911 et
708 2870 1031 2912 Lobeckius

225 2929 279 2968 ad
312 2929 548 2981 Phrynich.
589 2944 631 2983 p.
665 2927 761 2972 748.
807 2928 935 2972 conf.
965 2931 1032 2970 in-

225 2986 291 3025 fra
322 3001 361 3038 p.
392 2986 492 3031 471.
528 2987 577 3029 C.

281 3044 339 3083 D.
416 3043 471 3085 ἐν
520 3041 814 3098 φαρμάκου
864 3045 1028 3097 εἴδειΙ

225 3104 468 3143 remedii
501 3104 642 3146 loco.
676 3118 716 3143 v.
747 3105 804 3145 ad
836 3105 934 3144 libr.
957 3105 1028 3147 ΙΙΙ.

223 3171 264 3210 p·
297 3157 397 3201 389.
439 3163 521 3210 A.‚
563 3162 637 3201 ubi
680 3163 735 3202 de
774 3163 872 3203 istis
912 3176 1029 3203 men-

229 3215 367 3256 daciis
398 3230 425 3257 a
453 3218 714 3271 philosopho
746 3221 791 3260 in
810 3222 1032 3273 republica

229 3274 432 3318 admissis
465 3278 766 3317 disseruimus.

289 3328 341 3370 τὸ
397 3328 581 3384 ὀρθὸν
637 3336 801 3374 τοῦτο
855 3338 1028 3388 γίγνε-

230 3391 361 3430 σθαι
395 3391 476 3444 --J
507 3391 609 3432 hoe
643 3395 790 3444 quod
822 3401 1028 3434 rectum

1123 2231 1291 2272 nobis
1324 2231 1574 2281 videtur,
1608 2245 1714 2273 non
1746 2246 1807 2274 ex
1837 2236 1927 2274 mi-

1123 2291 1271 2330 nima
1302 2293 1467 2342 parte
1497 2290 1650 2330 fieri.

1181 2348 1280 2387 τῶν
1308 2347 1401 2397 μὲν
1435 2344 1490 2387 τὰ
1520 2347 1719 2400 ἔκγονα
1744 2371 1792 2377 —
1821 2349 1928 2388 τῶν

1123 2402 1177 2445 δὲ
1209 2402 1321 2458 μή,]
1369 2406 1419 2445 V.
1457 2418 1498 2457 p.
1530 2404 1633 2448 460.
1667 2404 1715 2449 C.
1750 2413 1793 2447 et
1822 2405 1922 2450 461.

1123 2462 1189 2511 C„
1213 2465 1284 2504 ubi
1317 2464 1371 2503 de
1404 2465 1647 2505 tractandis
1679 2465 1926 2507 infantibus

1122 2528 1164 2562 et
1194 2522 1360 2562 mutilis
1395 2527 1439 2562 et
1470 2528 1626 2563 eontra
1654 2523 1796 2575 legem
1824 2537 1925 2576 pro-

1118 2583 1276 2620 creatis
1310 2581 1556 2621 disseritur.

1173 2639 1227 2679 E.
1271 2634 1296 2678 ὅ
1331 2653 1371 2677 τι
1406 2632 1719 2691 ἀκρότατον
1747 2632 1922 2690 εἶναι]

1114 2698 1144 2736 i.
1178 2709 1215 2739 e.
1262 2710 1423 2748 quam
1468 2698 1922 2750 praestantissi-

1115 2768 1268 2795 mum.
1330 2754 1433 2795 Non
1466 2768 1578 2807 opus
1599 2759 1666 2794 est
1690 2753 1922 2807 Stepha-

1115 2813 1171 2853 ni
1202 2813 1480 2882 epniectura,
1513 2812 1586 2865 qui
1633 2805 1922 2863 ἀκρατότατον

1117 2871 1188 2911 vei
1208 2847 1516 2927 ἀκεραιότατον
1529 2870 1811 2910 scribendum
1840 2883 1920 2922 pu-

1117 2929 1260 2970 tabat:
1253 2942 1525 2995 quanquam
1538 2928 1789 2979 sequentia:
1802 2929 1920 2981 εἴπερ
2052 2971 2053 2974 ¹

1117 2985 1248 3037 μέλλει
1303 2982 1504 3039 καθαρὸν
1556 2981 1602 3024 τὸ
1653 2984 1781 3037 γένος
1838 2986 1922 3026 τῶν
2047 2976 2057 3018 ⁴⁸¹

1119 3043 1326 3095 φυλάκων
1358 3043 1538 3083 ἔσεσθαι
1571 3043 1655 3083 tale
1689 3044 1795 3096 quid
1829 3047 1918 3096 pri·
2052 3043 2057 3050 '

1116 3117 1187 3144 mo
1229 3103 1439 3154 adspectu
1482 3101 1705 3152 requirere
1738 3102 1917 3143 videan-

1118 3169 1203 3203 tur.
1273 3159 1430 3211 Neque
1467 3160 1511 3199 in
1554 3161 1768 3211 proximis
1811 3158 1915 3200 πάν-

1118 3230 1191 3259 τας
1226 3231 1307 3271 pro
1338 3213 1475 3257 πάντα
1505 3218 1782 3285 scripserim,
1814 3219 1917 3259 lieet

1118 3277 1344 3317 Εἰοίιιιιε
1386 3276 1578 3316 fortasse
1627 3277 1692 3316 sic
1741 3276 1915 3328 legerit,

1117 3341 1164 3376 ut
1205 3336 1278 3386 qui
1320 3334 1426 3374 haec
1467 3334 1809 3388 interpretetur:
1851 3335 1915 3375 ab

1116 3392 1369 3435 omnibus
1428 3400 1828 3447 praeterquam
1891 3407 1915 3432 ιι
