2124 3744
309 200 376 263 86
943 203 1424 257 PLATONIS

311 357 402 409 καὶ
445 352 694 452 ὠφέλιμα

739 354 1000 418 γ’.ιγνεται
1046 355 1138 405 καὶ
1191 354 1295 404 νῦν
1321 346 1516 418 σχεδὸν
1547 346 1694 404 οἷσθ’
1732 346 1822 402 ὅτι
1848 351 2021 417 μέλλω

312 441 483 493 τοῦτο
528 427 726 505 λέγειν,
790 438 881 488 καὶ
927 432 1068 503 πρὸς
1111 433 1315 503 τούτῳ,
1372 431 1460 486 ὅτι
1516 429 1699 496 αὐτὴν
1758 452 1858 502 ουχ
1905 437 2025 486 ἱκα·

315 524 421 585 νὼς
468 521 655 588 ἰ’σμεν·

708 525 752 573 εὶ
798 522 852 572 δὲ
898 540 973 585 μη
1026 518 1208 589 ὶσιιεν,
1265 515 1400 570 ἀνευ
1447 520 1503 571 δὲ
1551 515 1760 580 ταύτης
1802 522 1847 572 εὶ
1894 514 1923 570 ὅ
1972 537 2026 568 τι

314 606 563 675 μάλιστα
610 596 787 656 τᾶλλα
836 607 1244 673 ἐπισταίμεθα,
1293 600 1476 671 οἶσθ’,
1533 598 1622 654 ὅτι
1677 599 1840 654 οὐδὲν
1894 597 2026 669 ἡμῖν

230 689 279 741 Β
317 688 551 763 ὄφελος,μ
580 686 758 755 ὥςπερ
805 685 928 740 οὐδ’

995 694 1038 741 εὶ
1083 682 1402 761 κεκτῃμεθοὶ
1450 706 1502 738 τι
1547 682 1681 739 ἄνευ
1730 687 1827 739 τοῦ
1885 682 2027 750 ἁγα-

321 778 457 829 θοῦ.
504 771 536 838 ἢ
584 772 684 828 οἴει
730 793 783 836 τι
828 775 997 828 πλέον
1061 771 1202 825 εἶναι
1260 773 1450 823 πᾶσαν
1494 771 1690 834 κτῆσιν
1734 771 2027 834 ἐκτῆσθαι»,

318 858 393 927 μὴ
436 865 626 928 μέντοι
668 853 944 922 ἀγαθήνς
1005 853 1035 919 ἢ
1097 852 1284 908 πάντα
1345 846 1523 907 τᾶλλα
1581 862 1812 926 φρονεῖν
1859 847 2027 931 [ἄνευ

319 945 420 998 τοῦ
465 933 758 1017 &yae-9617]
808 939 980 993 καλὸν
1026 942 1081 992 δὲ
1125 942 1213 991 καὶ
1260 937 1499 1004 ἀγαθὸν
1541 940 1714 1007 μηδὲν
1761 947 2030 1011 φρονεῖν,-

433 1175 482 1215 εἰ
520 1173 574 1215 δὲ
615 1171 674 1226 μή
711 1174 883 1222 ἴσμεν,
923 1170 1052 1213 ἄνευ
1086 1172 1140 1215 δὲ
1173 1172 1233 1226 τ.]
1271 1174 1412 1215 Verba
1442 1172 1484 1213 εἰ
1510 1170 1557 1211 δὲ
1586 1186 1642 1224 μη
1676 1173 1795 1221 ἴσμεν
1835 1170 1940 1211 Ven.
1979 1185 2027 1212 ἐς.

319 1249 345 1275 a
376 1248 440 1287 pr.
474 1246 588 1274 man.
606 1229 802 1275 omittit.

433 1291 486 1333 B.
551 1284 670 1330 οὐδ’
716 1288 768 1328 εἰ
804 1285 1141 1342 κεκτήμεθα]
1174 1289 1315 1345 Editt.
1349 1299 1500 1333 omnes
1533 1283 1788 1340 κεκτήμεθα.

320 1490 516 1530 ctissime
535 1488 801 1534 censuerunt
826 1488 902 1528 alii
935 1487 1129 1540 plurimi

320 1560 376 1587 ex
416 1557 605 1599 quorum
652 1554 836 1586 numero
890 1547 999 1586 satis
1050 1546 1133 1585 erit

321 1605 620 1649 nominavisse
673 1604 716 1662 ῌ
732 1617 756 1643 e
771 1618 798 1643 u
810 1617 829 1644 s
843 1604 892 1643 d
882 1617 895 1643 1
910 1617 938 1643 ιι
950 1617 993 1649 ιιι
1034 1604 1130 1644 init.

322 1662 585 1714 Philosoph.
659 1652 837 1709 Platon.
902 1650 1004 1701 Vol.
1070 1661 1132 1701 11.

322 1721 444 1761 Part.
474 1720 560 1762 111.
594 1733 635 1772 p.
668 1713 725 1763 88
756 1733 851 1772 sqq·
892 1719 1133 1759 'Prende-

321 1778 448 1820 lenb
468 1791 585 1829 urg
632 1778 702 1823 De
748 1779 920 1820 l’laton.
962 1777 1134 1818 Philebi

324 1837 508 1877 oonsilio
550 1849 591 1888 p.
632 1828 687 1879 17
727 1833 831 1887 sqqa¹
887 1834 1006 1876 Gar.
1048 1835 1133 1877 Fr.

329 1894 710 1935 Hermannum
740 1893 869 1945 Disp.
899 1894 976 1933 De
1007 1892 1138 1933 idea

326 1953 459 1994 boni
499 1953 527 2006 l.
563 1966 600 1991 e.
641 1951 951 1992 Vindiciae
983 1952 1135 2002 dispu-

324 2002 508 2051 tationis
551 2001 607 2049 de
649 2009 752 2054 idea
791 2010 900 2049 boni
931 2023 1002 2062 ap.
1036 2009 1137 2048 Pia

325 2076 489 2108 tonem.
519 2066 902 2120 Mathai-&1539
929 2066 970 2110 4.
1003 2065 1136 2106 Lud

327 2124 782 2168 Gar.M‹311er:
855 2115 1137 2166 Theodiceae

330 2183 443 2225 Plat.
484 2183 761 2224 Lineament.
815 2183 959 2223 Berol.
1006 2182 1134 2226 1839

322 2240 366 2284 8.
431 2239 716 2294 Theodor.
779 2241 1134 2291 Wehrmann.

329 2299 529 2339 Platonis
562 2299 618 2338 de
649 2311 819 2339 summo
853 2298 951 2339 Deo
973 2291 1136 2339 doetri-

321 2369 392 2397 na.
441 2357 634 2409 Berolin.
679 2355 806 2399 1843
841 2355 883 2398 8.
929 2358 1135 2397 Anton.

322 2405 652 2463 Erdtmann:
718 2415 951 2454 Platonis
966 2415 1023 2455 de
1063 2427 1134 2454 ra-

322 2472 518 2512 tionibus
572 2485 685 2525 quae
735 2474 852 2512 inter
895 2467 1037 2513 Deum
1092 2468 1136 2515 et

322 2531 444 2570 ideas
475 2528 756 2571 intercedunt
781 2531 1000 2574 doctrina.
1034 2530 1134 2571 Mo-

323 2593 487 2628 naster.
510 2586 640 2631 1855.
663 2587 705 2630 8.
766 2588 899 2640 Enim
930 2601 1037 2629 vero
1068 2589 1132 2628 di-

322 2659 499 2687 versum
529 2658 637 2696 sane
668 2651 854 2697 apparet
874 2646 1006 2687 deum
1035 2659 1132 2687 esse

321 2704 378 2744 ab
415 2705 529 2745 ideis
570 2703 641 2743 vel
685 2715 739 2742 ex
781 2716 856 2755 eo,
897 2706 1018 2757 quod
1059 2705 1134 2744 ille

321 2762 446 2802 ideas
513 2762 730 2807 intuetur,
799 2762 928 2802 ideae
989 2768 1135 2804 autem

319 2820 456 2859 menti
497 2820 639 2871 ipsius
681 2817 884 2871 infinitae
923 2826 1135 2876 tanquam

321 2877 627 2919 obversantur.
703 2877 940 2930 interr-edit
997 2879 1135 2930 i'gitu'r

320 2936 574 2978 manifesto,
597 2935 773 2987 utrique
815 2937 933 2977 idem
978 2937 1133 2977 discri-

319 3005 443 3043 men,
492 2993 608 3046 quod
649 2992 797 3034 lotium
848 2994 980 3036 habet
1018 2995 1135 3035 inter

320 3057 523 3091 naturam
540 3051 868 3103 intelligentem
886 3058 1018 3104 atque
1040 3060 1133 3093 rem

319 3108 515 3149 eiusdem
542 3109 869 3160 intelligentiae
895 3111 1128 3151 obiectam.

321 3165 387 3219 Ad
433 3167 519 3206 hoe
566 3171 713 3206 autem
757 3169 956 3218 adsedit,
1010 3167 1131 3221 quod

318 3221 442 3263 Deus
489 3224 609 3277 apud
656 3224 891 3266 Platonem
947 3231 1132 3266 vocatur

318 3281 496 3331 quidem
530 3277 721 3333 ἁγαθός,
754 3290 802 3322 ut
835 3283 951 3324 Tim.
982 3297 1025 3336 p.
1059 3284 1128 3327 29.

317 3338 395 3387 R,
448 3344 496 3378 ut
546 3339 688 3380 bonus
755 3342 813 3381 sit
860 3341 965 3381 boni
1012 3343 1130 3388 idea,

317 3397 688 3448 quemadmodum
748 3401 929 3439 omnino
964 3401 1134 3440 *omnia

316 3454 551 3505 qualitates
602 3466 703 3494 suas
754 3457 809 3495 ab
851 3458 961 3496 ideis
1013 3460 1131 3497 aoei—

1985 1170 2018 1185 Μ

1852 1285 2025 1339 Optati-

1220 1489 1368 1539 piunt;
1412 1498 1631 1539 nusquam
1661 1493 1808 1531 autem
1843 1483 1891 1525 τὸ
1921 1480 2026 1538 ἄγα-

1218 1543 1311 1586 θόν
1345 1546 1414 1584 vel
1447 1539 1554 1584 αὐτὸ
1588 1541 1635 1584 τὸ
1668 1539 1845 1597 ἀγαθόν
1874 1544 2027 1596 appel·

1219 1603 1361 1649 latur,
1401 1615 1489 1655 quo
1530 1604 1708 1643 nomine
1738 1603 1843 1643 boni
1873 1603 2031 1642 summi

1219 1662 1320 1701 idea
1353 1663 1511 1713 utique
1534 1662 1790 1719 insignitur,
1820 1666 1870 1700 ut
1886 1653 2031 1712 Reipl.

1225 1716 1508 1771 v1.p..518
1551 1712 1601 1759 C.
1643 1717 2032 1771 p.50..6Dvn.

1219 1790 1261 1829 p.
1296 1776 1399 1820 534
1462 1777 1524 1818 Ut
1563 1778 1703 1827 igitur
1732 1777 1856 1818 Deus
1887 1777 2032 1817 ideam

1222 1837 1330 1876 boni
1362 1837 1409 1875 in
1441 1849 1487 1876 se
1518 1836 1852 1888 complectatur,
1885 1841 2032 1875 tamen

1223 1895 1326 1935 idea
1361 1894 1468 1935 boni
1514 1904 1602 1933 non
1642 1899 1710 1933 est
1739 1894 1887 1943 Deus;
1925 1904 2033 1948 quo-

1225 1954 1344 1993 niam
1382 1963 1475 1993 non
1516 1952 1665 2003 explet
1703 1951 1861 1991 summi
1891 1951 2032 1990 numi-

1226 2011 1294 2051 nis
1323 2016 1543 2064 naturam‚
1576 2021 1688 2061 quae
1718 2009 1878 2050 mentis
1899 2015 2033 2060 atque

1221 2069 1547 2121 intelligentiae
1578 2069 1667 2107 vim
1699 2068 1910 2109 eontinet.
1944 2065 2034 2107 Sed

1223 2127 1333 2167 haee
1363 2127 1542 2179 quidem
1570 2126 1781 2166 hocloco
1811 2137 1893 2177 pro
1923 2137 2032 2165 con-

1224 2184 1314 2226 silii
1353 2185 1495 2225 nostri
1537 2184 1714 2224 ratione
1758 2183 2034 2235 significasse

1222 2243 1372 2296 potius
1404 2252 1536 2295 quam
1554 2243 1816 2294 exposuisse
1848 2241 2034 2281 iuvabit.

1225 2301 1444 2343 Conferas
1479 2307 1626 2341 tamen
1657 2302 1788 2340 etiam
1821 2300 2031 2351 Prolego-

1222 2371 1353 2400 mena
1378 2365 1534 2399 nostra
1554 2358 1613 2399 ad
1637 2356 1869 2399 Timaeum
1900 2364 2033 2410 atque

1223 2417 1547 2458 Parmenidem.

1277 2495 1307 2554 ᾗ
1349 2502 1438 2547 καὶ
1479 2494 1668 2543 δίκαια
1712 2502 1796 2543 καὶ
1843 2494 2033 2556 τᾶλλα]

1220 2559 1350 2601 Non
1358 2561 1473 2602 dixit
1505 2555 1554 2601 τὰ
1585 2558 1728 2601 δίκαια
1747 2559 1825 2602 sed
1844 2561 2032 2602 articulo

1221 2617 1388 2660 omisso
1422 2614 1592 2670 δίκαια,
1630 2624 1680 2660 ut
1722 2631 1813 2659 non
1845 2620 1900 2661 de
1933 2620 2034 2660 idea

1220 2678 1418 2719 iustitiae
1456 2677 1536 2719 sed
1583 2674 1766 2719 omnino
1810 2677 1864 2719 de
1902 2676 2032 2719 rebus

1219 2735 1350 2776 iustis
1383 2737 1668 2788 cogitaretur.
1718 2734 1852 2778 Quod
1887 2742 2033 2777 autem

1219 2795 1376 2835 iusta
1420 2791 1711 2847 potissimum
1755 2792 2033 2835 animadver-

1220 2853 1275 2892 tit
1327 2858 1411 2904 'ope
1463 2857 1509 2892 et
1546 2847 1714 2892 auxilio
1754 2850 1859 2892 boni
1905 2849 2032 2892 ideae

1220 2908 1349 2951 utilia
1380 2916 1424 2949 et
1460 2899 1760 2950 conducibilia
1800 2910 2032 2961 exsistere,

1219 2967 1474 3008 meminisse
1513 2965 1685 3008 iuvabit
1728 2967 1870 3034 ipsam
1918 2970 2031 3020 opti-

1219 3033 1335 3066 mam
1382 3026 1606 3066 civitatem
1658 3022 1890 3065 iustitia
1936 3027 2032 3079 qui·

1219 3073 1318 3124 dem
1347 3083 1446 3133 niti,
1478 3081 1558 3124 sed
1586 3087 1734 3123 tamen
1764 3084 1828 3123 ita
1857 3083 2029 3124 institui

1218 3148 1262 3183 et
1293 3141 1532 3194 gubernari
1565 3145 1797 3191 oportere
1831 3147 1880 3180 ut
1912 3143 2030 3195 prin-

1219 3200 1340 3253 cipes
1373 3204 1416 3239 et
1445 3199 1799 3255 gubernatores‘
1787 3200 1930 3253 ipsius
1961 3213 2032 3255 res

1219 3257 1314 3299 eius
1347 3270 1498 3297 omnes
1520 3256 1577 3296 ad
1598 3251 1749 3296 ideam
1775 3257 1879 3298 boni
1915 3271 2030 3304 com-

1219 3318 1402 3368 ponant
1438 3329 1479 3354 v.
1518 3314 1730 3374 Prolegg.

1278 3397 1362 3440 ’ὅτι
1418 3399 1592 3449 μέλλω
1639 3398 2037 3451 τοῦτονλέγειιν

1225 3459 1308 3511 ψ]
1355 3469 1413 3499 sc.
1458 3455 1522 3498 ὅτι
1555 3454 1579 3509 ἦ
1617 3459 1695 3498 τοῦ
1730 3453 1911 3509 ἀγαθοῦ
1943 3456 2033 3498 ἰδέα
