2106 3594
27 277 31 397 1

1760 115 1851 169 IX

131 262 315 335 operis
363 259 742 334 gravissimam
782 258 1018 312 efficere.
1069 257 1232 311 Licet
1262 257 1406 310 enim
1433 255 1849 310 concedendum

135 337 210 389 sit
258 333 546 388 Platonem
593 347 988 402 saepenumero
1039 346 1318 399 sermones
1369 346 1499 381 suos
1551 328 1848 396 indicibUS‚

137 405 234 476 qui
270 404 369 458 -vel
416 401 486 457 de
532 402 786 473 personis
817 419 956 456 ›cum
1011 399 1243 456 Socrate
1281 399 1723 470 colloquentibus
1763 400 1849 454 vel

139 478 207 532 de
253 476 419 529 rebus
468 472 540 527 ad
588 482 873 527 externum
923 491 1113 526 eorum
1150 479 1404 526 ornatum
1442 472 1850 542 pertinentibus

135 547 351 621 repetiti
391 553 537 614 sunt,
575 545 871 616 inscriptos
909 543 1174 610 edidisse3
1213 551 1398 597 tamen
1439 543 1669 598 alterum
1705 544 1852 598 eius-

137 619 286 676 modi
329 617 707 688 inscriptionis
742 635 897 670 exem
939 615 1072 685 lum,
1114 633 1256 687 quae
1295 633 1464 684 quum
1502 615 1853 687 praecipuam

138 689 531 764 disputationis
580 695 791 760 partem
827 636 1075 741 indicare
1111 687 1395 756 videatur,
1446 687 1619 741 nihilo
1667 688 1850 740 minus

138 784 174 818 a
206 781 268 816 re
298 761 502 816 leviore
541 769 599 814 et
634 760 804 813 veluti
841 778 942 831 per
966 760 1311 813 occasionem
1335 766 1576 812 tractata
1600 757 1854 813 desumta

139 837 245 903 sit,
293 834 498 887 frustra
544 851 676 886 sane
727 831 1081 901 quaesiveris.
1155 831 1279 886 Nec
1314 850 1446 884 vero
1481 831 1653 884 ullum
1688 830 1854 884 alium

138 907 392 961 novimus
433 905 775 976 scriptorem,
815 903 911 974 qui
933 903 1042 970 ista
1076 903 1304 957 licentia
1329 902 1482 956 abuti
1508 902 1850 964 sustinuerit.

138 978 305 1033 Certe
352 995 455 1030 nec
492 975 824 1030 Aristoteles
863 993 968 1029 nec
1003 973 1200 1028 Cicero
1238 993 1344 1028 nec
1382 974 1476 1028 alii
1511 973 1685 1028 libros
1723 993 1852 1028 suos

138 1050 207 1104 de
256 1047 566 1120 Republica
615 1054 712 1100 aut
759 1045 828 1100 de
881 1046 1132 1117 Legibus
1191 1046 1621 1118 inscripserunt,
1684 1064 1855 1115 quum

137 1122 244 1176 hoc
292 1120 311 1173 i
353 1139 474 1174 sum
527 1126 911 1193 argumentum
979 1118 1176 1172 leviter
1239 1126 1458 1172 tantum
1515 1118 1655 1171 attin
1699 1125 1855 1172 entes

138 1201 235 1248 aut
283 1141 424 1246 alius
469 1192 547 1246 rei
584 1209 752 1246 causa
786 1189 1124 1245 illustrantes
1162 1190 1327 1262 plane
1365 1189 1517 1250 aliud
1557 1136 1697 1260 qui}
1729 1197 1851 1243 tan-

178 1284 305 1318 uam
341 1283 610 1318 summum
651 1275 706 1316 et
743 1270 1044 1316 extremum
1068 1262 1124 1316 in
1157 1260 1450 1317 scribendo
1475 1263 1854 1333 sequerentur.

139 1284 421 1404 Quocirca
471 1354 541 1388 ne
579 1335 869 1388 Platonem
922 1333 1145 1406 quidem
1194 1342 1389 1406 putare
1438 1333 1646 1404 licebit,
1686 1353 1855 1405 quum

138 1416 285 1462 esset
310 1406 379 1460 de
402 1407 616 1461 iustitia
644 1405 1045 1478 disputaturus,
1071 1405 1160 1460 his
1187 1406 1529 1460 sermonibus
1555 1408 1859 1467 Πολιτείας

137 1497 337 1533 nomen
374 1479 545 1533 fuisse
582 1481 968 1551 praefixurum.
1039 1477 1079 1532 J
1082 1497 1169 1531 am
1207 1496 1338 1532 vero
1375 1477 1485 1532 huc
1520 1477 1686 1532 etiam
1719 1476 1858 1531 illud

142 1549 376 1622 accedit,
426 1549 576 1620 quod
617 1551 778 1604 Plato
828 1551 948 1621 ipse
996 1551 1055 1603 in
1104 1549 1259 1604 libris
1308 1556 1507 1620 postea
1551 1549 1608 1602 in
1655 1549 1857 1623 vulgus

143 1621 357 1675 emissis
397 1621 632 1675 Politiae
667 1621 749 1674 ita
783 1621 1117 1674 mentionem
1141 1620 1350 1689 iniecit,
1386 1628 1451 1674 ut
1488 1621 1660 1676 solius
1687 1640 1856 1691 quae-

142 1692 337 1748 stionis
389 1691 566 1745 civilis
619 1693 888 1746 rationem
948 1691 1235 1757 habuerit3
1297 1690 1730 1762 disputationem
1786 1691 1856 1746 de

143 1763 354 1818 iustitia
389 1763 695 1816 institutam
734 1783 802 1817 ne
839 1764 1010 1818 verbo
1049 1762 1562 1836 quidemrattigerit.
1631 1763 1721 1817 Ex
1747 1782 1858 1833 qua

145 1854 203 1890 re
240 1835 347 1890 etsi
393 1854 503 1891 non
549 1834 608 1888 id
646 1835 1034 1906 consequitur,
1079 1842 1141 1888 ut
1194 1834 1434 1906 optimae
1484 1835 1723 1890 civitatis
1762 1834 1858 1889 de-

143 1907 250 1961 scri
292 1907 370 1960 tio
406 1926 508 1978 pro
548 1907 840 1980 principali
879 1907 1061 1979 operis
1087 1914 1244 1976 parte
1271 1905 1526 1960 habenda
1553 1907 1642 1968 sit,
1673 1916 1855 1962 tamen

145 1978 241 2032 illu
318 1979 513 2032 saltem
550 1986 698 2033 recte
736 1977 955 2032 videtur
986 1978 1111 2032 colli
1155 1997 1172 2031 1
1211 1996 1398 2049 posse,
1433 1998 1545 2032 non
1584 1978 1708 2034 ideo
1733 1987 1856 2033 tan-

144 2060 261 2105 tum
318 2050 708 2122 rempublicam
758 2050 827 2104 ab
877 2069 942 2104 eo
991 1998 1271 2104 confitam
1323 2069 1476 2120 esse,
1517 2059 1579 2111 ut
1615 2051 1857 2105 iustitiae

146 2131 342 2176 natura
377 2130 434 2175 et
469 2122 609 2176 ratio
646 2123 702 2176 in
740 2122 968 2177 clariore
1005 2122 1128 2176 luce
1163 2121 1544 2192 collocaretur,
1561 2122 1659 2176 sed
1697 2142 1762 2177 ea
1799 2143 1858 2177 re

144 2194 309 2248 etiam
355 2193 505 2247 aliud
551 2194 686 2263 quid
740 2194 913 2249 fuisse
974 2202 1282 2266 spectatum
1334 2202 1500 2264 atque
1527 2220 1531 2236 ··
1561 2194 1619 2248 id
1678 2196 1859 2268 ipsum

145 2266 316 2319 fuisse
355 2266 715 2337 propositum,
755 2274 819 2320 ut
856 2266 1136 2337 perfectae
1175 2266 1512 2338 reipublicae
1549 2267 1766 2337 species
1804 2275 1859 2321 et

145 2338 324 2409 imago
362 2338 773 2409 exprimeretur.
849 2342 1036 2409 Atque
1077 2338 1220 2392 hanc
1251 2338 1597 2406 sententiam,
1637 2339 1685 2394 si
1721 2338 1859 2410 quid

146 2408 338 2476 vide0‚
391 2409 555 2463 etiam
607 2410 946 2465 nobilissima
1003 2409 1099 2463 illa
1147 2408 1353 2463 Critiae
1411 2411 1467 2463 in
1527 2411 1752 2466 Timaeo
1801 2413 1856 2480 ²⁸)

148 2480 388 2534 narratio
427 2480 610 2535 reddit
644 2481 1003 2554 probabilem,
1043 2501 1186 2552 quae
1225 2490 1371 2535 certe
1427 2502 1536 2536 non
1576 2483 1684 2537 alio
1724 2501 1858 2538 con-

149 2550 271 2605 silio
318 2560 402 2606 est
447 2554 781 2625 composita,
835 2573 1000 2623 quam
1053 2563 1114 2607 ut
1163 2554 1425 2626 optimam
1473 2555 1753 2609 civitatem
1800 2555 1859 2607 in

149 2621 351 2677 Politia
386 2622 722 2695 descriptam
757 2625 1070 2680 hominibus
1103 2626 1343 2679 melioris
1381 2634 1611 2679 naturae
1651 2646 1716 2680 ac
1752 2625 1859 2680 diis

152 2694 633 2816 propinquioribus
689 2698 984 2751 convenire
1020 2696 1303 2752 doceatur.
1380 2695 1496 2750 Cur
1534 2699 1678 2751 enim
1716 2716 1858 2769 opus

176 2763 343 2820 nisset
380 2765 486 2821 hoc
525 2767 707 2822 denuo
748 2768 1025 2822 declarare
1050 2769 1318 2838 novisque
1346 2769 1686 2841 argumentis
1726 2787 1858 2823 con-

152 2834 394 2912 firmare,
444 2838 493 2892 si
541 2838 844 2913 disputatio
908 2838 976 2894 de
1035 2839 1198 2894 rebus
1248 2839 1500 2895 civilibus
1547 2842 1603 2895 in
1655 2841 1859 2895 Politia

152 2907 390 2961 iustitiae
414 2911 762 2980 potissimum
793 2910 1146 2966 illustrandae
1184 2911 1363 2984 gratia
1387 2919 1533 2966 esset
1559 2913 1856 2985 suscepta?

155 2978 404 3059 Denique
454 3000 554 3036 nec
589 2983 727 3039 illud
765 2998 851 3039 est
886 2981 1313 3055 negligendum,
1368 2983 1517 3054 quod
1558 3004 1727 3057 supra
1773 2986 1855 3038 ul-

153 3060 283 3103 timo
337 3050 459 3106 loco
522 3056 1082 3110 commemoravimus,
1169 3053 1232 3111 Si
1282 3055 1427 3109 enim
1482 3057 1736 3126 quaestio
1789 3055 1856 3110 de

150 3121 430 3192 republica
465 3123 536 3179 acl
571 3125 952 3182 illustrandam
993 3145 1158 3180 unam
1183 3126 1402 3180 virtutis
1435 3136 1686 3181 naturam
1711 3136 1859 3183 esset

149 3204 491 3264 comparata,
539 3198 788 3269 profecto
837 3199 1031 3253 mirum
1080 3196 1305 3253 deberet
1352 3198 1553 3269 videri,
1605 3198 1754 3270 quod
1794 3219 1858 3253 ea

204 3348 255 3396 θ’)
295 3350 341 3390 1'.
380 3353 447 3395 20.
491 3349 543 3393 l')⁴
603 3378 625 3383 ‹-
667 3354 736 3397 25.
773 3355 826 3394 1).
863 3358 958 3399 coll.
996 3354 1103 3398 crit.
1142 3369 1180 3407 p,
1221 3357 1316 3402 108.
1352 3358 1399 3400 Ι).
