2106 3594
1616 153 1815 206 XLIX

114 307 206 350 tur
242 295 425 359 loci3
463 293 616 364 quod
650 292 797 347 idem
836 293 1034 347 fecisse
1086 294 1390 365 Gorgiam,
1446 310 1645 364 quum
1692 297 1831 349 sin-

116 366 453 440 gularum
493 383 732 418 rerum
792 363 1045 419 laudes
1106 365 1829 437 vituperationesque

120 458 198 492 co
217 436 566 508 nscripsis
584 454 656 489 se
676 444 715 492 t.
798 435 996 507 Itaque
1051 435 1400 491 verisimilius
1436 437 1724 508 statueris,
1763 438 1830 492 li-

117 510 248 564 bros
270 509 609 579 Protagorae
638 511 762 576 περὶ
786 509 1068 569 πολιτείας
1092 516 1150 561 et
1189 512 1315 576 περὶ
1356 510 1454 573 τῆς
1472 514 1530 562 ἐν
1567 506 1710 584 ἀρχῇ
1736 531 1827 566 κα-

120 579 457 649 ταστάσεως,
491 596 631 649 quos
660 586 927 638 memorat
950 578 1005 632 D
1025 579 1092 632 io
1159 599 1188 633 e
1205 599 1242 632 n
1258 599 1288 633 e
1303 598 1330 632 s
1345 620 1360 648 ,
1386 579 1526 634 tales
1548 580 1741 650 fuisse,
1763 600 1832 635 ex

118 651 316 723 quibus
330 650 491 704 Plato
517 649 783 722 proficere
803 650 1061 722 potuerit.
1142 651 1212 704 isi
1233 651 1373 704 forte
1399 658 1518 704 tota
1530 654 1774 706 narratio
1801 672 1831 706 e

114 721 401 777 mendacio
423 728 546 776 orta
572 729 675 793 est,
704 741 846 792 quae
869 722 1119 792 profecta
1143 721 1362 776 videtur
1391 741 1424 775 a
1445 722 1830 794 Peripateticis

155 793 546 861 osterioribus,
597 793 847 849 Platonis
883 793 1061 847 famae
1100 793 1523 863 inimicissimis,
1565 809 1648 863 ac,
1686 802 1832 850 teste

116 815 173 920 tf)
189 866 256 920 io
272 886 310 939 g
325 884 403 919 en
418 883 448 918 e
462 905 479 933 ,
517 864 784 935 imprimis
808 865 1222 935 Aristoxenum,
1249 864 1522 920 hominem
1546 865 1609 919 in
1633 864 1833 920 Socra-

118 946 230 992 tem
278 956 344 992 ac
393 935 710 992 Socraticos
762 936 896 990 mire
946 936 1193 992 invidum
1243 945 1295 989 et
1348 934 1696 1007 maledicum,
1735 957 1832 991 au-

118 1016 328 1063 ctorem
363 1007 562 1075 habet,
621 1006 690 1061 de
727 1008 883 1062 cuius
919 1007 1264 1080 impudentia
1299 1007 1357 1060 in
1393 1007 1672 1081 fingendis
1708 1009 1834 1067 tali-

117 1081 221 1135 bus
268 1079 678 1134 narrationibus
726 1079 1006 1152 praeclare
1069 1079 1374 1152 disputavit
1431 1079 1473 1134 J
1489 1100 1539 1134 o.
1593 1080 1833 1134 Luza-

120 1153 278 1206 cius
323 1150 508 1206 Lectt.
559 1152 682 1205 Att.
733 1171 789 1223 p.
836 1153 960 1206 241.
1011 1170 1132 1222 sqq.
1218 1150 1371 1204 Fieri
1405 1161 1591 1206 tamen
1627 1159 1832 1225 potest,

118 1237 182 1277 ut
228 1220 379 1294 apud
419 1222 819 1294 Diogenem
866 1222 1104 1278 Laert.
1155 1241 1256 1295 pro
1306 1228 1366 1277 ὲν
1402 1234 1524 1287 τοῖς
1557 1222 1834 1292 ἀντιλογι·

118 1305 241 1358 κοῖς
278 1292 628 1348 scribendum
663 1294 738 1348 sit
773 1300 831 1348 ἐν
867 1305 986 1359 τοῖς
1018 1297 1348 1358 πολιτικοῖς.
1424 1293 1553 1364 Quo
1576 1296 1835 1350 restituto

119 1364 355 1440 cogitari
417 1365 608 1420 licebit
669 1364 738 1420 de
798 1365 1005 1439 scripto
1053 1366 1396 1448 Protagorae
1457 1371 1581 1436 περὶ
1629 1370 1729 1434 τῆς
1776 1373 1837 1424 ἐν

118 1437 262 1509 ἀρχῆ
297 1435 716 1506 καταστάσεως,
757 1436 908 1508 quod.
944 1437 1278 1492 continuent
1314 1437 1514 1494 similia
1549 1439 1647 1509 iis,
1687 1458 1828 1510 quae

122 1529 158 1565 a
189 1493 427 1570 Platone
470 1508 562 1563 De
607 1507 841 1592 Republ.
867 1511 869 1514 ”
892 1508 968 1573 ΙΙ.
1015 1531 1070 1582 p.
1109 1511 1233 1564 369.
1271 1510 1342 1563 A.
1379 1540 1463 1573 —‚
1482 1512 1605 1565 374.
1654 1511 1729 1566 D.
1767 1509 1837 1564 de

24 1640 26 1643 ,
120 1568 434 1655 primordiis
482 1579 722 1636 civitatis
774 1600 844 1634 ex
884 1581 1029 1638 osita
1084 1588 1230 1636 sunt.
1313 1579 1394 1635 Et
1458 1600 1590 1637 sane
1640 1581 1840 1638 similia

122 1661 255 1707 sunt
306 1650 608 1706 Platonicis
660 1670 801 1722 quae
908 1660 1197 1726 rotagoras
1250 1650 1413 1724 apud
1440 1653 1732 1721 Platonem
1777 1653 1837 1707 in

122 1723 344 1796 dialogo
399 1724 730 1796 cognomine
790 1722 846 1795 ἰ).
900 1726 1023 1779 322.
1075 1723 1140 1776 Β.
1192 1724 1444 1778 fabulose
1493 1725 1720 1796 exponit
1766 1723 1837 1779 de

122 1803 248 1850 ortu
294 1794 577 1848 societatis
625 1794 835 1863 civilis,
886 1814 1052 1865 quem
1099 1803 1278 1849 totum
1313 1796 1517 1866 repetit
1549 1797 1617 1850 ab
1663 1796 1838 1850 homi-

121 1886 252 1921 num
284 1865 606 1939 indigentia.
694 1865 830 1920 Inde
878 1866 1050 1939 igitur
1084 1865 1549 1937 impudentissimi
1586 1867 1868 1922 Platonis.

23 1947 25 1953 ’
121 1937 540 1994 calumniatores
590 1937 856 1992 continuo
910 1938 1203 1993 commenti
1240 1945 1372 1992 sunt
1407 1945 1581 2005 totam
1618 1958 1837 2011 rempu-

22 2064 25 2084 4
121 2009 321 2065 blicam
360 2008 609 2063 Platonis
646 2028 680 2062 a
717 2009 1185 2082 Protagoraesse
1209 2008 1534 2093 desumtam,
1574 2009 1838 2080 quemad-

123 2080 345 2146 modum
420 2079 737 2134 Phaedrum
810 2079 984 2136 simili·
1046 2081 1320 2135 calumnia
1404 2082 1698 2137 levlssimis
1769 2081 1838 2136 de

122 2151 339 2208 caussis
390 2150 631 2206 iuvenile
685 2151 1007 2235 philosophi
1054 2171 1196 2224 opus
1254 2171 1380 2208 esse
1430 2152 1838 2218 dictitaverunt.

122 2222 399 2286 Nimirum
446 2230 623 2292 totum
674 2223 1034 2296 Reipublicae
1071 2233 1455 2298 argumentum
1492 2225 1837 2298 Protagorae

123 2293 504 2351 deberi-tanto
542 2296 721 2351 minus
759 2295 1022 2351 credibile
1061 2305 1175 2365 est,
1217 2295 1367 2368 quod
1404 2297 1724 2351 universum
1762 2297 1839 2352 ci-

123 2367 312 2422 vitatis
359 2365 672 2421 aedificium
724 2367 782 2422 in
836 2388 900 2422 eo
939 2374 1283 2422 exstructum
1330 2367 1639 2438 tripartitae
1674 2369 1839 2423 animi

127 2437 387 2494 divisioni
436 2438 721 2506 innititur,
773 2459 938 2510 quam
975 2439 1265 2494 Platonem
1302 2441 1555 2495 novimus
1591 2460 1703 2494 non
1741 2441 1839 2494 ali-

126 2508 272 2564 unde
309 2508 412 2564 nisi
452 2528 487 2563 a
525 2510 909 2583 Pythagoreis,
947 2530 1050 2565 nec
1087 2531 1219 2565 vero
1258 2531 1291 2565 a
1317 2512 1646 2583 Protagora,
1682 2531 1840 2567 acce-

126 2581 295 2654 pisse.
367 2578 484 2636 Sed
517 2579 804 2637 redeamus
841 2601 940 2651 e0,
995 2581 1144 2637 unde
1196 2602 1368 2655 prope
1404 2584 1578 2638 invita
1614 2583 1842 2638 deflexit

131 2653 326 2708 oratiO.
417 2651 607 2706 Facile
669 2653 814 2707 enim
871 2653 980 2708 iam
1041 2654 1378 2724 intellectum
1439 2655 1506 2709 iri
1601 2663 1838 2724 utamuS,

131 2742 383 2780 caussam
429 2723 599 2778 fuisse
648 2742 946 2796 sanequam
1000 2722 1287 2795 idoneam,
1337 2744 1436 2780 cur
1474 2675 1839 2798 philosophus

133 2791 190 2850 in
226 2794 520 2852 scribendo
557 2794 662 2851 hoc
699 2815 865 2868 opere
900 2796 1048 2851 vitae
1095 2816 1255 2851 usum
1291 2805 1458 2866 atque
1495 2816 1702 2852 morem
1740 2798 1840 2851 mi-

133 2885 235 2921 nus
285 2875 520 2921 curaret.
607 2868 803 2922 Voluit
850 2867 995 2921 enim
1046 2867 1287 2922 civitatis
1337 2867 1393 2921 in
1445 2886 1503 2922 se
1553 2870 1839 2923 absolutae

132 2938 409 3011 exemplar
443 2938 668 3009 aliquod
707 2958 1044 3012 proponere,
1096 2937 1245 3010 quod
1282 2938 1392 2994 alte
1430 2940 1840 3011 suspiciendum

133 3018 282 3064 esset
306 3009 375 3064 ab
403 3010 676 3080 omnibuS,
707 3012 803 3082 qui
828 3029 917 3065 res
955 3009 1144 3065 civiles
1172 3018 1338 3081 atquc
1377 3010 1656 3082 publicam
1693 3013 1840 3067 salu-

133 3089 245 3136 tem
291 3089 574 3147 curarent3
621 3101 800 3153 neque
853 3101 985 3136 vero
1025 3100 1146 3136 sese
1182 3083 1288 3136 iam
1327 3081 1612 3137 demittere
1652 3083 1723 3137 ad
1741 3083 1840 3138 *vi-

134 3161 223 3206 tae
281 3154 585 3208 communis
657 3153 1143 3237 consuetudinem,
1205 3172 1368 3226 quam
1430 3155 1614 3226 potius
1680 3155 1841 3210 altius

139 3220 370 3278 educere
406 3223 494 3279 vel
535 3224 826 3281 emendare
879 3225 1276 3282 constituisset.
1348 3224 1438 3280 Ex
1485 3245 1594 3297 quo
1641 3234 1840 3298 sponte

143 3294 526 3367 consequitur,
598 3306 660 3353 ut
708 3317 820 3352 non
870 3317 980 3352 uno
1030 3295 1212 3352 stadio
1260 3304 1504 3367 tantum,
1561 3297 1659 3353 sed
1721 3305 1840 3352 toto

144 3362 300 3419 coelo
350 3385 381 3419 a
435 3380 583 3422 recto
633 3369 917 3424 aberrasse
967 3368 1315 3423 existimandi
1365 3368 1477 3424 sint
1521 3370 1615 3439 qui
1663 3368 1841 3441 philo-

1471 3456 1499 3504 4
