2124 3744
275 184 335 231 14
846 181 1237 239 ARGUMEN
1246 183 1413 237 TUM

276 326 467 378 leviter
521 323 795 396 gustanda
843 333 956 393 est,
1016 326 1114 384 sed
1168 327 1389 398 largiter
1449 324 1816 396 percipienda.
1907 327 1968 378 Ρ,

277 398 399 450 502.
443 394 508 448 C.
548 427 617 434 --
657 397 775 449 504.
814 395 882 447 Ε.

422 466 533 521 Sed
587 467 670 520 his
726 466 952 519 accedat
1004 486 1228 520 necesse
1278 475 1362 520 est
1415 467 1576 519 etiam
1616 467 1845 520 scientia
1882 465 1975 519 illa.

277 540 438 611 longe
477 539 799 610 gravissima
839 557 900 591 ac
938 539 1431 609 praestantissima,
1494 557 1654 607 quam
1693 539 1795 591 etsi
1838 557 1973 591 non-

279 610 408 664 dum
455 610 897 677 memoravimuS,
951 618 1134 662 tamen
1183 610 1614 679 praetermittere
1661 610 1820 663 nobis
1865 629 1973 662 non

278 682 423 751 licet.
497 682 694 750 Neque
746 681 889 733 enim
938 681 1348 753 magistratibus
1410 682 1612 734 nostris
1672 681 1975 751 iisdemque

278 753 622 825 philosophis
674 752 881 806 sufficit
930 772 1077 821 eam,
1129 771 1268 821 quae
1319 751 1497 805 adhuc
1551 753 1822 822 explicata
1871 761 1974 820 est,

278 825 498 878 virtutis
556 825 834 878 notionem
889 834 1097 877 tenere:
1148 825 1258 876 imo
1320 824 1387 876 iis
1455 824 1523 876 ad
1585 824 1977 877 accuratiorem

279 897 444 950 etiam
494 897 641 950 illius
691 895 939 949 notitiam
979 903 1063 948 est
1101 894 1432 949 enitendum.
1509 894 1775 948 Contueri
1815 897 1977 948 etiam

280 967 482 1021 debent
528 968 705 1021 Boni
755 965 1019 1035 Ideam,
1072 986 1180 1036 qua
1233 986 1344 1020 una
1382 987 1523 1036 quae
1562 968 1735 1036 iusta,
1779 967 1973 1037 proba,

279 1040 511 1093 honesta
558 1040 830 1094 habentur
875 1039 1030 1091 utilia
1078 1039 1238 1091 etiam
1278 1047 1334 1091 et
1371 1039 1652 1092 salutifera
1689 1040 1976 1092 exsistunt.

280 1111 609 1181 Quanquam
658 1112 801 1164 enim
852 1110 1006 1164 ideae
1054 1110 1199 1163 illius
1249 1111 1448 1163 claram
1487 1118 1798 1179 certamque
1834 1110 1978 1162 noti·

279 1185 412 1236 tiam
469 1183 698 1254 adipisci
749 1182 907 1235 nobis
960 1201 1068 1234 non
1126 1182 1282 1250 licet,
1340 1190 1521 1235 tamen
1582 1202 1646 1235 ea
1709 1181 1976 1249 destituti,

282 1255 530 1325 quamvis
578 1262 759 1307 cetera
809 1253 1197 1325 sapientissimi
1253 1254 1449 1321 simus,
1502 1254 1705 1322 ubique
1756 1252 1978 1305 vacilla-

280 1327 475 1379 bimus.
562 1324 755 1380 Solent
804 1334 983 1378 autem
1031 1325 1276 1395 plerique
1344 1343 1662 1377 summum
1728 1325 1978 1377 bonum

280 1398 337 1450 in
388 1397 764 1469 voluptate
828 1416 1056 1468 ponere:
1118 1396 1207 1448 alii
1254 1395 1390 1448 illud
1450 1396 1505 1448 in
1569 1396 1978 1467 cognitione

283 1466 606 1539 (φρονήσει)
648 1476 934 1538 quaerunt.
1008 1467 1095 1520 Ex
1136 1467 1335 1536 quibus
1373 1467 1552 1520 neutri
1590 1486 1778 1520 verum
1817 1468 1980 1520 attin-

282 1552 411 1613 gere
473 1539 745 1593 videntur.
846 1539 990 1593 Nam
1064 1539 1158 1607 qui
1220 1539 1578 1608 posteriorem
1655 1539 1980 1592 sententiam

282 1612 705 1683 amplectuntur,
755 1612 913 1664 fateri
964 1626 1110 1664 certe
1149 1609 1350 1663 debent
1385 1610 1755 1682 cognitionem
1805 1611 1982 1681 ipsam

281 1704 391 1737 non
437 1684 542 1736 alio
582 1684 799 1752 referri,
849 1684 952 1736 nisi
993 1682 1061 1734 ad
1109 1682 1340 1750 bonum,
1393 1692 1455 1735 ut
1499 1684 1555 1735 in
1604 1701 1785 1735 errore
1821 1683 1980 1754 plane

282 1755 514 1808 ridiculo
564 1755 771 1808 versari
823 1753 1082 1808 censendi
1131 1754 1243 1807 sint
1300 1755 1422 1824 qui,
1486 1774 1652 1825 quum
1715 1773 1981 1807 summum

282 1828 486 1882 bonum
538 1827 594 1880 in
647 1827 960 1899 cognitione
1015 1826 1253 1897 positum
1310 1834 1539 1896 putent,
1601 1833 1783 1878 tamen
1839 1825 1981 1878 hanc

282 1918 472 1953 rursus
523 1898 593 1951 ad
630 1900 835 1952 bonum
871 1899 1191 1965 referenteS,
1234 1896 1367 1967 quid
1407 1898 1479 1950 sit
1515 1895 1651 1949 illud
1688 1897 1885 1968 ipsum,
1925 1897 1980 1949 in

284 1991 392 2041 quo
425 1971 627 2025 bonum
654 1978 925 2039 cernatur,
964 1969 1336 2039 disputatione
1374 1988 1482 2022 non
1507 1967 1794 2022 definiunt.
1870 1967 1984 2022 Sed

283 2063 394 2096 non
444 2043 622 2096 minus
673 2050 856 2094 errant
904 2042 996 2111 qui
1045 2059 1312 2094 summum
1350 2041 1553 2094 bonum
1590 2041 1647 2093 in
1682 2039 1982 2110 voluptati-

284 2115 386 2168 bus
447 2122 676 2185 ponunt.
774 2113 971 2183 Neque
1033 2113 1174 2166 enim
1223 2111 1317 2164 isti
1363 2119 1596 2184 possunt
1641 2111 1750 2165 ullo
1819 2110 1982 2165 modo

286 2185 628 2239 dissimulare
687 2184 847 2238 etiam
907 2185 1076 2238 malas
1141 2183 1367 2256 reperiri
1432 2183 1772 2253 voluptates:
1835 2182 1982 2236 unde

285 2264 481 2328 sponte
521 2257 894 2327 consequitur,
933 2263 995 2308 ut
1030 2257 1231 2309 bonum
1269 2256 1458 2308 nonin
1497 2255 1777 2327 voluptate
1803 2255 1982 2308 inesse

284 2328 516 2382 iudicari
553 2327 766 2382 debeat.
843 2327 1028 2395 Quum
1077 2335 1257 2400 autem
1308 2326 1562 2399 permulti
1601 2327 1658 2379 in
1695 2346 1759 2380 eo
1797 2327 1982 2396 acqui-

285 2419 470 2454 escere
508 2400 750 2468 soleant,
806 2408 868 2452 ut
917 2399 1153 2468 aliquam
1204 2398 1495 2452 virtutis
1532 2405 1817 2466 speciem
1854 2417 1983 2469 prae

285 2491 342 2526 se
378 2472 586 2538 ferant3
631 2479 811 2545 tamen
851 2491 1066 2539 omnes,
1111 2471 1205 2524 ubi
1245 2470 1313 2524 de
1351 2471 1512 2524 boni
1553 2470 1734 2542 agitur
1768 2484 1982 2541 posses-

286 2545 473 2612 sione,
524 2544 707 2615 specie
746 2543 997 2616 neglecta
1033 2543 1211 2614 ipsam
1250 2549 1521 2611 quaerunt
1556 2542 1871 2610 veritatem,
1922 2549 1984 2594 ut

285 2615 443 2669 facilc
494 2623 758 2686 appareat
807 2630 991 2668 omnes
1041 2626 1248 2668 summo
1293 2613 1466 2668 teneri
1509 2614 1639 2667 boni
1677 2613 1850 2685 ipsius
1888 2611 1982 2666 de—

284 2686 514 2756 sideriO,
569 2688 792 2758 eiusque
847 2686 1219 2758 cognitionem
1259 2705 1425 2755 quum
1465 2685 1714 2739 omnibus
1754 2684 1982 2738 homini-

284 2759 418 2827 buS,
478 2768 594 2812 tum
654 2758 854 2812 nostris
912 2759 1207 2830 praecipue
1265 2757 1598 2829 reipublicae
1662 2754 1982 2810 custodibus

284 2848 511 2901 prorsus
552 2850 672 2884 esse
709 2829 1091 2884 necessariam.
1167 2828 1387 2901 Quippe
1426 2848 1494 2882 ne
1520 2828 1823 2881 honestatis
1865 2826 1982 2896 qui·

286 2901 410 2955 dem
447 2910 541 2955 aut
577 2903 823 2956 iustitiae
857 2901 1020 2972 plena
1058 2911 1145 2954 est
1183 2920 1246 2954 ac
1283 2901 1527 2972 perfecta
1563 2899 1839 2970 cogniti0‚
1879 2899 1983 2952 nisi

287 2973 448 3026 etiam
488 2993 606 3027 cur
642 2975 825 3027 bona
862 2973 959 3026 sit
994 2972 1377 3044 perspiciatur.
1454 2970 1636 3038 Quum
1665 2989 1795 3023 vero
1820 2969 1983 3041 longe

287 3045 358 3098 sit
410 3044 790 3100 difficillimum
839 3045 1055 3115 ipsam
1104 3044 1277 3097 Boni
1329 3041 1627 3114 speciei‘n
1693 3041 1850 3111 quasi
1913 3041 2005 3096 ob·

287 3116 476 3170 oculos
522 3136 724 3188 ponere
775 3124 831 3170 et
883 3115 1018 3184 quid
1068 3114 1204 3168 illud
1262 3115 1333 3167 sit
1382 3112 1619 3166 dilucide
1682 3113 1983 3185 explicare:

287 3188 492 3240 sufficit
541 3191 596 3241 in
686 3189 920 3241 raesenti
973 3187 1090 3240 eius
1151 3186 1309 3256 quasi
1370 3185 1658 3256 imaginem
1711 3183 1983 3254 quandam

287 3258 554 3313 exhibere.
631 3208 797 3327 (guod
834 3259 1151 3330 priusquam
1174 3258 1453 3323 faciamus,
1493 3256 1754 3309 nonnulla
1791 3275 1855 3307 ex
1893 3255 1981 3320 iis,

288 3328 355 3382 de
405 3330 601 3398 quibus
652 3331 759 3384 alio
798 3338 1044 3400 tempore
1081 3330 1224 3383 inter
1261 3346 1360 3382 nos
1399 3329 1686 3394 convenit,
1741 3328 1797 3380 in
1835 3345 1982 3380 men-

286 3409 394 3454 tem
444 3421 773 3455 revocemus.
851 3403 912 3454 P.
968 3404 1085 3453 505.
1127 3403 1194 3453 A.
1235 3432 1302 3438 —
1344 3400 1460 3450 507.
1503 3401 1569 3451 Α.
1662 3400 1791 3451 Duo
1843 3397 1981 3449 enim

2110 1787 2124 1934 ..n-52*
2120 1754 2124 1761 A
2118 1711 2124 1737 --

2114 2323 2118 2333 -
2116 2056 2124 2277 ,<-·>—--.-.
