2098 3658
266 176 333 228 26
880 168 1359 228 PLATON'IS

264 322 442 384 τοῖςδέ
501 340 558 373 τε
613 326 733 382 τοῖς
788 311 1095 385 νεανίσκοις
1141 318 1371 386 ξύνισθι
1442 341 1533 374 και
1598 319 1762 388 δεῦρο
1828 315 1950 387 παρ’

263 402 413 472 ἡμᾶς
467 406 638 500 φοίτα
701 398 774 465 ὡς
827 399 982 471 παρὰ
1040 407 1235 478 φίλους
1279 425 1335 460 τε
1379 407 1468 458 καὶ
1515 399 1661 457 πάνυ
1706 405 1961 465 οἰκείους.

269 489 382 540 Καὶ
424 485 554 554 μήν,
600 504 668 550 ην
713 483 756 539 δ’
792 485 912 553 ἐμά,
948 479 1250 562 ὧΚέᾳαλε,
1282 493 1455 558 χαίρω
1487 509 1545 557 ys
1577 482 1962 555 διαλεγόμενος

176 581 225 634 Ε
262 578 380 634 τοῖς
424 568 647 644 σφόδρα
693 567 1046 638 πρεσβύταις.
1094 575 1244 628 δοκεῖ
1284 594 1394 642 γαρ
1437 594 1536 640 μοι
1574 573 1779 642 χρῆναι
1825 567 1950 638 παρ’

262 653 452 709 αὐτῶν
496 651 942 718 πυνθάνεσθαι,
984 654 1164 726 ὥςπερ·
1217 654 1342 711 τινὰ
1389 653 1525 710 ὁδὸν
1569 652 1960 724 προεληλυθό-

260 760 401 804 των,
452 736 520 805 ἢν
557 740 647 791 καὶ
689 736 834 808 ἡμᾶς
880 737 1005 804 ἴσως
1049 739 1228 806 δεήσει
1272 738 1653 808 πορεύεσθαι,
1698 743 1834 792 ποία
1879 740 1961 801 τίς

259 830 390 888 ἐστι,
434 832 658 893 τραχεῖα
706 826 796 876 καὶ
837 823 1072 893 χαλεπή,
1119 823 1150 891 ἢ
1196 823 1363 898 ῥᾳδία
1411 827 1503 879 καὶ
1547 820 1820 892 εὕπορος;
1866 825 1959 876 καὶ

259 905 328 974 δὴ
388 911 479 963 καὶ
514 909 642 969 ,σοῦ
687 904 855 973 ἡδέως
899 903 972 962 ἂν
1012 912 1342 981 πυθοίμην,
1389 905 1420 964 ὅ
1466 912 1520 964 τί
1565 927 1654 963 σοι
1697 911 1961 981 φαίνεται

375 1069 417 1109 D
494 1083 549 1110 το
566 1074 615 1111 ῖς
646 1073 994 1121 νεανίσκοις]
1031 1070 1105 1113 Sic
1123 1062 1234 1113 Ven.
1266 1071 1312 1113 Π
1350 1071 1452 1113 Par.
1481 1072 1540 1113 D.
1558 1071 1611 1113 K.
1645 1071 1770 1112 Mon.
1802 1071 1958 1115 Ambr.

261 1130 381 1180 Ang.
424 1128 543 1170 Flor.
588 1141 628 1168 a.
670 1130 709 1169 b.
761 1142 802 1170 x.
833 1129 959 1170 Stob'.
992 1129 1132 1171 Serm.
1164 1131 1309 1171 CXII.
1341 1144 1383 1183 p.
1414 1130 1510 1174 589.
1573 1131 1721 1180 Vulgo
1757 1130 1958 1175 νεανίαις,

260 1187 378 1239 quod
410 1191 646 1227 tenuerunt
679 1188 812 1227 Schn.
845 1187 977 1229 Turr.
1011 1189 1160 1229 Herm.
1191 1189 1281 1229 Pro
1315 1186 1493 1239 ξύνισθι
1528 1187 1622 1228 vat.
1659 1185 1706 1227 Θ.
1742 1187 1870 1226 vind.
1908 1185 1957 1225 Φ.

260 1244 363 1285 Vat.
393 1256 428 1288 r.
461 1257 558 1284 cum
591 1243 765 1285 Thoma
795 1246 916 1315 Mag.
949 1259 989 1298 p.
1021 1246 1129 1290 478:
1181 1244 1353 1297 ξύνιθι,
1385 1247 1504 1299 quod
1536 1244 1824 1296 Oudendorp.
1855 1256 1958 1296 pro·

259 1302 407 1342 habat.
468 1301 585 1342 Dein
618 1301 810 1343 οἰκείους
842 1317 956 1343 πανυ
990 1305 1123 1346 Vind.
1162 1303 1211 1344 Φ.

375 1372 559 1428 Χαίρω
601 1388 659 1428 γε
701 1371 860 1428 διαλ.]
909 1389 956 1428 γε
997 1389 1094 1416 cum
1124 1376 1329 1417 Bekkero
1368 1388 1422 1416 ex
1458 1374 1563 1417 Ven.
1603 1371 1656 1415 II.
1691 1374 1795 1415 Par.
1827 1373 1870 1413 D
1902 1371 1955 1416 K.

259 1431 384 1472 Mon.
423 1433 545 1472 Flor.
584 1430 628 1484 β.
681 1431 876 1473 Stobaeo
907 1434 1171 1474 addidimus.
1227 1433 1402 1474 Firmat
1440 1434 1642 1474 voculam
1679 1433 1811 1473 etiam
1849 1431 1957 1473 scri·

261 1494 391 1542 ptura
423 1490 547 1531 Flor.
578 1503 617 1533 a.
654 1503 691 1531 c.
728 1504 772 1530 x.
806 1505 846 1531 α.
877 1493 1010 1544 χαίρω
1044 1505 1093 1531 τε
1124 1489 1228 1531 διαὶ.

342 1562 429 1603 -Ε,
489 1566 707 1615 τραχεῖα
748 1563 835 1603 καὶ
874 1563 939 1616 χ.]
1000 1565 1120 1604 Ante
1163 1566 1330 1618 τραχεῖα
1369 1561 1568 1602 inferunt
1607 1559 1793 1614 πότερον
1831 1557 1956 1600 Mon.

260 1704 446 1774 φοιτᾶν
458 1697 596 1743 αυτὸν
626 1698 724 1773 παρ’
756 1696 866 1758 ἡμᾶς
895 1705 964 1744 καὶ
995 1701 1060 1744 σι’-

395 1811 698 1832 ιιιιι

254 1874 313 1930 μὴ
363 1874 501 1917 ἄλλως
546 1879 680 1924 ποίει,
734 1872 834 1918 ἄλλα
834 1814 1070 1951 §fiviofft'

258 1949 300 1975 τε
330 1936 401 1974 καὶ
427 1949 478 1988 γι·
481 1929 604 1987 ὥριζε
623 1936 690 1975 καὶ
712 1933 820 1988 ἡμᾶς
847 1938 914 1977 καὶ
937 1934 1062 1976 τούς-

262 1992 312 2034 δε
351 1990 455 2033 τούς
487 1993 739 2047 νεωτέρους.
801 1996 900 2036 Hoc
932 1996 1060 2035 dicit:

263 2053 362 2094 sed
401 2057 460 2092 et
497 2062 614 2092 cum·
655 2053 814 2093 hisce
851 2054 1065 2094 adoles

263 2111 620 2160 centulis,ut
650 2111 902 2162 soles,in
932 2112 1066 2152 urbe

261 2180 621 2218 conversare,
656 2174 710 2208 et
739 2169 838 2209 huc
870 2168 931 2209 ad
964 2181 1065 2210 nos

262 2226 321 2266 ut'
362 2226 574 2266 amicos
614 2232 738 2267 tuos
781 2233 836 2267 et
863 2227 1067 2267 famili·

259 2297 380 2325 ares
411 2284 466 2323 in
491 2284 792 2325 Piraeeum
823 2286 1068 2336 ventita,

258 2347 417 2383 neutro
450 2342 600 2382 officio
634 2342 900 2383 intermisso.

316 2401 353 2440 E
423 2403 645 2452 τραχεῖα
695 2401 779 2440 καὶ
832 2397 1063 2454 χαλεπή]

258 2456 391 2505 Quod
422 2465 525 2499 ante
547 2460 712 2510 τραχεῖα
741 2460 788 2498 in
807 2459 935 2499 codd.
953 2471 1064 2499 non-

260 2516 393 2555 nullis
424 2515 721 2568 interponitur
753 2513 965 2570 πότερον,
998 2518 1064 2556 vi-

260 2574 389 2614 detur
418 2575 528 2614 illud
558 2587 584 2614 a
613 2576 910 2625 grammaticis
928 2576 1063 2615 inter-

259 2632 454 2683 positum
486 2645 597 2681 esse,
632 2633 708 2683 qui
736 2633 850 2673 hanc
880 2634 1065 2674 voculae

259 2690 544 2731 omissionem
575 2695 650 2728 aut
678 2691 876 2731 indicare
903 2692 1066 2732 vellent

258 2753 340 2787 aut
366 2749 635 2800 ignorarent.
694 2747 818 2788 Nihil
838 2756 956 2789 certe
986 2750 1065 2790 illa

257 2806 378 2856 apud
425 2807 651 2846 Platonem
692 2807 988 2859 frequentium
1021 2820 1062 2850 V.

260 2862 448 2905 Phaedr.
499 2877 541 2916 p.
589 2863 689 2906 270.
727 2866 785 2905 D.
826 2866 1063 2917 Protagor.

259 2932 302 2971 p.
346 2919 446 2963 330.
485 2920 537 2962 C.
583 2921 759 2966 1-,achet.
804 2937 846 2976 p.
879 2923 979 2966 192.
1009 2923 1062 2964 E.

258 2977 400 3029 Legg.
445 2977 515 3018 lv,
555 2991 597 3029 p.
642 2979 741 3023 710.
792 2982 840 3021 C.
886 2981 971 3023 IX.
1019 2994 1060 3033 p.

256 3034 358 3077 859.
391 3036 446 3076 A.
479 3035 548 3075 De
579 3035 765 3089 Republ.
794 3039 865 3078 VI.-
884 3052 926 3091 p.
957 3037 1060 3082 486.

259 3093 311 3133 Ε.
353 3093 414 3132 Χ.
463 3105 504 3144 P.
545 3092 646 3135 603.
697 3094 746 3137 C
791 3096 975 3137 Theaet.
1016 3109 1060 3149 p.

259 3149 361 3194 151.
393 3150 446 3191 E.
476 3151 534 3190 al.

321 3203 346 3247 ὅ
378 3209 428 3246 τί
453 3219 538 3247 σοι
577 3210 837 3258 φαίνεται
869 3209 1057 3266 τοῦτο]

262 3264 452 3308 Phaedr.
483 3278 524 3317 p
557 3266 656 3309 234·-
691 3268 746 3307 C.
790 3270 831 3308 τί
857 3280 927 3309 σοι
960 3271 1059 3321 φαί-

260 3337 374 3363 τεται
407 3318 431 3363 ὁ
459 3321 925 3395 λόγοτ;Ο1ιει“ωἰ(1.Ρ.
960 3327 1060 3371 154-

261 3381 327 3424 D:
368 3381 411 3420 τί
431 3393 504 3421 σοι
536 3384 730 3432 φαίνεται
762 3379 786 3424 ὁ
813 3386 1061 3432 νεανισ;κοε·

261 3438 381 3486 Men.
417 3452 460 3492 p.
491 3439 562 3484 82.
591 3441 655 3483 E:
688 3441 729 3482 τι
755 3438 801 3481 δὲ
833 3437 858 3495 ἦ
889 3440 1060 3483 ἐκεινοι

1150 1703 1230 1744 τοῦ
1263 1700 1517 1750 &maclam
1545 1716 1606 1743 sc.
1641 1714 1711 1742 σοι
1746 1702 1956 1753 φαίνεται.

1155 1763 1389 1813 l’rotagor.
1436 1774 1479 1813 p.
1531 1760 1632 1803 352.
1676 1760 1728 1799 B.
1797 1759 1955 1799 Horat.

1149 1819 1492 1871 Epist.1.11.in.
1515 1817 1659 1865 Quid
1687 1818 1794 1858 tibi
1826 1819 1956 1858 visa

1149 1873 1345 1928 Chios,
1402 1876 1643 1927 Buliati,
1707 1882 1954 1928 notaque

1146 1935 1378 1986 Lesbos,
1456 1936 1545 1988 qui
1563 1935 1591 1974 d
1679 1934 1957 1974 concinna

1149 1992 1374 2043 Samos,
1408 1994 1543 2046 quid
1574 1991 1767 2032 Croesi
1798 1992 1956 2044 regia

1150 2052 1387 2092 Sardes?
1449 2051 1668 2091 Terent.
1749 2049 1954 2092 Eunuch.

1147 2116 1230 2151 act.
1262 2110 1321 2148 11.
1360 2122 1419 2150 sc.
1443 2109 1506 2148 ΙΙ.
1529 2122 1565 2148 v.
1583 2107 1664 2150 43:
1698 2109 1793 2148 sed
1823 2107 1954 2161 quid

1149 2167 1375 2208 videtur
1444 2167 1547 2208 hoe
1595 2166 1703 2206 tibi
1750 2166 1952 2207 manci·

1148 2239 1176 2279 p
1188 2227 1242 2266 iu
1259 2239 1298 2264 m
1311 2226 1330 2264 Ρ

1206 2281 1288 2322 ἐπὶ
1321 2279 1536 2336 γήραος
1567 2276 1718 2336 ουδςῦ
1749 2279 1951 2332 φασιν]

1148 2342 1184 2382 F
1189 2354 1378 2411 requens
1396 2347 1463 2381 est
1480 2342 1761 2393 apudpoetas
1782 2336 1850 2378 ἐπὶ
1878 2335 1953 2392 γή-

1150 2410 1258 2452 ραος
1277 2394 1397 2438 ουδιό
1416 2400 1471 2440 de
1490 2399 1649 2452 grandi
1668 2397 1735 2438 vel
1758 2403 1954 2438 extrema

1150 2463 1386 2499 senectute.
1402 2472 1442 2497 v.
1454 2457 1495 2497 H
1509 2471 1534 2497 o
1544 2470 1587 2497 m
1597 2470 1620 2496 e
1633 2454 1952 2497 r.Iiiad.XXII.

1150 2516 1218 2559 60.
1251 2516 1325 2555 ubi
1359 2515 1508 2556 Schol.
1533 2527 1659 2556 vere:
1693 2511 1761 2553 ἐπὶ
1793 2513 1842 2564 τῇ
1875 2512 1955 2552 τοῦ

1149 2571 1295 2627 γήρως
1323 2570 1482 2628 ἐξόδῳ·
1510 2571 1578 2613 ἐπὶ
1598 2586 1654 2627 τῳ
1672 2571 1837 2624 τέρματι
1853 2572 1953 2613 coll.

1149 2633 1406 2674 Eustath.
1458 2632 1515 2672 ad
1567 2631 1620 2675 Il.
1662 2628 1852 2681 ὖπεξιιύν
1883 2630 1952 2670 καὶ

1149 2687 1261 2743 πρὸς
1280 2691 1342 2744 τῷ
1355 2687 1534 2743 θανάτῳ
1554 2686 1628 2732 ὦν.
1660 2690 1775 2730 XXI
1785 2688 1830 2731 V.
1851 2687 1952 2732 486.

1150 2748 1310 2802 odyss.
1354 2749 1446 2790 XV.
1495 2747 1598 2790 246.
1687 2748 1848 2799 Hymn.
1904 2748 1950 2787 in

1150 2807 1351 2860 Aphrod.
1386 2805 1485 2849 106.
1518 2805 1744 2847 Hesiod.
1781 2803 1876 2847 OO.
1909 2812 1954 2846 et

1152 2865 1241 2904 Du.
1262 2864 1664 2907 3⁴29.a1.Dubitant
1683 2875 1790 2903 vero
1810 2864 1951 2915 intpp.

1148 2923 1486 2964 scribendumne
1504 2921 1561 2961 sit
1577 2921 1695 2990 apud
1715 2922 1950 2973 scriptores

1149 2981 1334 3022 Atticos
1340 2977 1407 3019 ἐπὶ
1438 2977 1606 3033 γήραος
1638 2973 1771 3033 ουδῷ,
1794 2991 1851 3018 an
1883 2976 1950 3018 ἐπὶ

1147 3037 1295 3093 γήρως
1340 3033 1443 3092 ὀδῷ.
1523 3037 1594 3077 De
1653 3049 1740 3088 qua
1786 3049 1834 3077 re
1888 3038 1952 3077 sic

1147 3080 1488 3138 existimandum
1509 3105 1749 3135 censemus.
1768 3094 1949 3135 Utrum-

1147 3168 1231 3208 que
1290 3155 1409 3207 apud
1466 3153 1643 3193 Atticos
1704 3153 1948 3204 dicebatur,

1145 3213 1294 3265 prouti
1332 3213 1430 3264 quis
1456 3224 1502 3251 se
1526 3211 1583 3250 ad
1601 3217 1829 3264 poetarum
1849 3211 1947 3250 imi-

1143 3270 1356 3310 tationem
1395 3274 1702 3322 componeret,
1739 3274 1817 3309 aut
1845 3281 1946 3320 pro-

1147 3328 1344 3368 verbium
1391 3329 1529 3368 multo
1582 3340 1663 3367 usu
1700 3328 1850 3367 tritum
1889 3327 1946 3367 ad

1146 3385 1430 3437 quotidianae
1486 3386 1664 3437 linguae
1730 3385 1944 3426 rationem

1144 3444 1451 3484 acommodare
1507 3443 1659 3492 vellen
1722 3455 1759 3486 ν.
1819 3441 1943 3482 Mei-
