2098 3658
321 175 424 225 370
926 175 1397 228 PLATONIS

316 322 553 390 ἀγαθοῦ
599 319 726 376 οὔτε
771 323 962 390 κακοῦ,
993 321 1120 376 οὐδὲ
1172 326 1251 376 ἑνὶ
1293 322 1440 391 λόγῳ
1481 327 1646 378 ποιοῦ
1690 345 1855 389 τινος,
1882 324 1995 379 ἀλλ’

317 404 494 460 αὐτοῦ
541 403 802 476 πώματος
848 405 1028 475 μόνον
1070 406 1208 460 αὐτὸ
1258 410 1424 482 δίψος
1476 413 1710 479 πέφυκες
1773 408 2004 463 [Iomni-

317 509 456 544 πασι
513 492 613 559 μὲν
667 482 785 546 οὖν.
855 491 971 544 Τοῦ
1027 494 1307 566 διψῶντος
1364 491 1476 559 ἄρα
1536 489 1570 558 ὴ
1628 493 1810 568 ψυχή,
1863 493 1996 548 καθ’

315 570 451 630 ὅσον
495 576 661 651 (διψῇ,
707 574 808 630 οὐκ
855 571 994 628 ἄλλο
1038 596 1089 628 τι
1133 575 1394 644 βούλεται
1446 571 1478 642 ἢ
1526 587 1694 641 πιεῖν,
1741 580 1833 631 καὶ
1880 578 2003 631 του-

312 679 411 713 του
456 655 705 727 ὀρέγεται
748 662 839 713 καὶ
884 661 1166 714 ἐπὶτοῦτο
1202 657 1369 730 ὁρμᾷ.
1455 663 1639 726 Δῆλον
1683 660 1768 728 δή.
1864 661 2003 716 Οὐκ-

312 745 415 797 οῦν
459 744 507 798 εἴ
551 752 683 799 ποτέ
727 765 778 798 τι
822 741 1003 810 αὐτὴν
1047 743 1308 797 ἀνθέλκει
1363 744 1654 818 διψῶσαν,
1699 751 1887 813 ἕτερον
1929 745 2003 800 ἄν

311 849 365 881 τι
431 834 488 881 ἐν
544 827 686 905 αὐτῇ
745 828 826 894 εἴη
885 826 1064 881 αὐτοῦ
1120 830 1220 882 τοῦ
1278 831 1558 902 διψῶντος
1613 833 1704 883 καὶ
1759 828 2002 899 ἄγοντος

309 911 484 981 ὥςπερ
547 916 759 981 θηρίον
802 914 890 967 ἐπὶ
945 907 1009 967 τὸ
1068 923 1239 980 malm
1301 911 1366 967 ου
1414 911 1522 985 γὰρ
1565 913 1647 979 δή,
1693 922 1891 988 φαμέν,
1939 913 2002 969 τό

307 1018 364 1063 γε
409 992 549 1051 αὐτὸ
597 999 670 1065 τῷ
718 996 871 1065 αὐτῷ
930 998 1134 1052 ἑαυτοῦ
1173 1001 1288 1068 περὶ
1335 993 1397 1051 τὸ
1445 996 1584 1053 αὐτὸ
1629 996 1749 1067 ἅμα
1794 998 2000 1055 τάναν-

307 1085 395 1134 τία
456 1080 713 1150 πράττοι.
807 1081 882 1135 (h)
930 1079 1037 1149 γὰρ
1088 1073 1206 1135 ουν.
1280 1079 1487 1151 τὨςπερ
1531 1105 1615 1152 γε,
1660 1083 1848 1152 οἶμαι,
1896 1086 1996 1139 τοῦ

305 1165 538 1231 τοξότου
565 1165 629 1221 οὐ
657 1168 836 1230 καλῶς
867 1170 967 1236 ἔχει
998 1170 1169 1232 λέγειν
1208 1163 1521 1222 {iri-afim&
1564 1166 1684 1235 ἅμα
1728 1172 1786 1221 αἱ
1824 1178 2000 1237 χεῖρες

304 1248 367 1304 τὸ
414 1248 577 1316 τόξον
621 1250 1000 1305 ἀπωθοῦνταί
1042 1270 1098 1303 τε
1143 1253 1232 1304 καὶ
1280 1255 1700 1319 προςέλκονται,
1742 1248 1861 1305 ἀλλ’
1908 1250 1998 1307 ὅτι

302 1333 442 1400 ἄλλη
487 1338 588 1403 μὲν
633 1333 665 1401 ἡ
709 1333 1034 1390 ἀπωθοῦσα
1076 1338 1210 1404 χείρ,
1238 1339 1395 1402 ἑτέρα
1427 1337 1484 1390 δὲ
1520 1333 1549 1402 ἡ
1596 1342 1998 1406 προςαγομέυη.

304 1419 649 1473 Παντάπασι
692 1422 795 1489 μὲν
841 1411 959 1486 οὖν,
1004 1423 1124 1492 ἔφη..
1194 1417 1450 1489 Πότερον
1496 1418 1558 1486 δὴ
1607 1422 1796 1493 φῶμέν
1843 1442 1996 1485 τινας

418 1598 469 1638 Β.
529 1595 634 1649 ἅμα
666 1593 931 1639 τάναντία
964 1595 1219 1651 πράττοι]
1280 1598 1406 1639 Libri
1438 1611 1589 1640 omnes
1634 1598 1835 1656 πράττοι,
1858 1606 1992 1656 'prae-

301 1664 502 1709 terquam
542 1658 662 1710 quod
701 1655 824 1698 Flor.
856 1671 895 1697 α.
934 1657 1089 1701 Ambr.
1123 1655 1278 1698 Galen.
1311 1652 1520 1709 πράττειν.
1583 1658 1706 1699 Unde
1736 1637 1866 1701 facile
1897 1674 1995 1701 cum

296 1716 427 1756 Astio
477 1713 648 1769 πράττει
697 1714 1017 1756 efformaveris
1100 1713 1190 1755 Sed
1231 1727 1335 1755 vere
1381 1716 1696 1756 animadvertit
1737 1717 1991 1763 Schneider.

296 1775 541 1826 optativum
580 1775 651 1815 hic
687 1787 841 1815 rursus
871 1774 925 1814 ab
954 1774 1230 1814 antecedenti
1262 1769 1316 1813 ἅτ
1345 1773 1486 1825 affici,
1518 1780 1566 1814 ut
1595 1775 1717 1818 Libr.
1755 1777 1783 1820 l.
1815 1790 1857 1830 p.
1889 1774 1991 1822 352,

293 1832 355 1871 Ε.
388 1827 608 1873 ἀκούσαις.
641 1832 701 1873 ΙΙ.
731 1846 773 1885 p.
805 1831 906 1876 360.
941 1831 997 1873 C:
1031 1832 1151 1871 ἴοιεν.
1186 1831 1258 1873 lll.
1291 1845 1334 1884 p
1366 1831 1468 1874 398.
1503 1834 1567 1874 A·
1611 1826 1918 1884 α’ποπέμποιεν.
1949 1841 1993 1876 et

293 1890 391 1934 410.
422 1890 484 1932 B:
517 1891 596 1943 εἴη.

409 1962 483 2004 C.
523 1960 766 2014 Πότεροτ
807 1959 870 2014 δὴ
915 1961 1094 2012 φῶμεν
1126 1961 1200 2013 -]
1243 1960 1319 2000 Sic
1347 1961 1473 2004 codd.
1511 1962 1603 2002 fere
1631 1975 1794 2006 omnes.

298 2106 451 2145 borum
481 2105 555 2145 hic
579 2108 670 2145 estz
716 2098 769 2143 οὐ
800 2101 957 2156 θήσεις
989 2097 1097 2144 εἶναι

297 2160 464 2202 τούτων
522 2159 652 2205 τινός.
745 2161 887 2215 Verba
950 2168 1096 2204 autem

294 2221 592 2272 insequentia:
656 2218 785 2259 τοῦτο
834 2215 941 2272 ὅπερ
993 2220 1094 2271 ἔστι,

293 2279 490 2319 indicant
528 2280 618 2319 vim
668 2282 711 2318 et
750 2282 951 2319 naturam
996 2279 1093 2318 sitis

292 2350 369 2388 per
429 2350 475 2377 se
535 2337 856 2378 consideratam
877 2367 888 2387 ‚
949 2337 1092 2388 qualis

291 2407 436 2464 supra
473 2395 807 2464 significabatur
855 2395 1001 2436 verbis
1043 2392 1092 2434 τὰ

291 2448 335 2491 δ’
380 2447 487 2492 αὐτὰ
525 2451 679 2494 ἕκαστα
726 2446 866 2491 αυτοῦ
905 2449 1091 2492 ἑκάστου

289 2507 429 2560 μόνον
457 2511 562 2563 (Β)
586 2516 630 2552 et
660 2505 770 2550 αὐτὰ
800 2507 913 2560 μόνα
943 2506 1088 2551 αυτῶν

289 2566 437 2619 μόνων
466 2570 569 2621 (D).
629 2567 759 2616 Quod
792 2569 970 2620 quidem
1001 2582 1090 2610 non

289 2633 464 2679 praeter
494 2641 621 2668 usum
652 2628 716 2667 ita
736 2627 848 2677 fieri,
871 2628 1090 2667 docebunt

290 2686 464 2726 abunde
502 2699 614 2737 quae
654 2686 709 2725 ad
746 2685 912 2725 l'liileb.
944 2699 986 2737 p.
1019 2685 1087 2728 62.

288 2745 346 2786 A,
389 2749 434 2784 et
468 2743 605 2784 Men..
628 2756 673 2796 p.
705 2743 774 2786 72.
814 2742 868 2783 B.
901 2746 1090 2785 adnota-

288 2803 444 2843 vimus.
483 2802 640 2854 Atque
665 2802 734 2841 his
765 2802 830 2840 ita
861 2802 1091 2854 explicatis

286 2866 444 2912 sponte
460 2861 745 2912 cognoscitur
755 2860 890 2899 *etiam
904 2873 1090 2912 sequen-

286 2920 394 2958 tium
425 2918 661 2958 verborum
684 2918 936 2958 sententia.⁴
974 2917 1089 2959 Nam

286 2975 373 3015 ἔστι
417 2975 464 3015 δὲ
506 2972 651 3028 δήπου
695 2973 824 3026 δίψος
864 2981 951 3016 est:
1004 2982 1091 3016 est

286 3046 309 3072 e
320 3046 349 3073 n
361 3035 376 3073 i
388 3047 429 3074 m
453 3034 689 3086 (absolute)
707 3035 750 3075 si
763 3035 805 3073 ti
819 3048 839 3074 s
849 3048 863 3086 ‚⁰
872 3034 1088 3075 relatione

284 3097 429 3132 autem
460 3093 695 3133 accedente
734 3093 869 3132 sitis
903 3097 1086 3144 potus.

281 3148 489 3190 Aliorum
510 3151 905 3203 interpretationes
920 3150 1086 3191 referre

278 3206 461 3258 longum
491 3213 558 3247 est
585 3214 629 3249 et
658 3209 829 3248 inutile.
912 3246 915 3247 γ

339 3262 391 3303 Β.
435 3260 655 3306 Οὐκοῦν
684 3265 888 3306 εἴποτέ
919 3280 963 3306 τι
996 3261 1082 3307 αὕέ

281 3318 374 3374 τὴν
402 3316 544 3375 ἀνῶ]
584 3323 692 3364 Rem
723 3326 902 3365 uberius
933 3337 1081 3376 perse·

279 3381 436 3432 quitur·
472 3379 665 3421 Galen.
706 3382 760 3422 de
790 3383 1002 3435 Hippocr.
1037 3388 1081 3424 et

279 3438 391 3481 Plat.
425 3439 611 3480 decretis
631 3439 678 3481 V.
712 3452 755 3490 p.
777 3440 863 3482 293
895 3454 988 3493 sqq.
1025 3441 1076 3479 T.

1184 2104 1221 2146 Ι.
1253 2103 1321 2145 ed.
1353 2101 1456 2143 Bas.
1510 2148 1512 2150 ,

1243 2161 1331 2200 καὶ
1371 2157 1612 2214 ἄγοντος
1662 2159 1843 2215 ὥςπερ
1890 2162 1984 2216 θη-

1184 2234 1207 2269 0
1222 2218 1336 2272 ιὀυ]
1371 2218 1503 2259 Conf.
1525 2219 1624 2263 libr.
1641 2220 1726 2263 IX.
1748 2234 1790 2273 p.
1811 2219 1910 2264 58‘3.
1932 2220 1984 2264 C.

1182 2277 1358 2318 Politic.
1404 2290 1446 2330 p.
1484 2277 1583 2321 309.
1624 2278 1683 2318 D.
1730 2280 1799 2334 τῷ
1838 2273 1903 2319 αὖ
1920 2279 1985 2333 τῷ

1181 2334 1469 2376 ἑαυτοῦθεῐ
1492 2336 1679 2376 eadem
1701 2339 1783 2378 sui
1804 2343 1982 2389 parte.

1239 2393 1336 2433 τοῦ
1397 2389 1632 2444 τοξότου
1694 2390 1760 2435 οὕ
1814 2396 1984 2435 καλῶς

1177 2450 1283 2502 ἔχει
1309 2450 1510 2504 λέγειν,
1546 2448 1712 2505 ὅτι-]
1748 2451 1982 2495 Genitivus

1177 2507 1362 2561 τοξότου
1400 2511 1570 2562 positus
1609 2510 1785 2551 videtur
1816 2512 1901 2563 sic,
1933 2518 1983 2551 ut

1176 2576 1327 2621 ex²sq.
1347 2573 1483 2621 χεῖρες
1502 2569 1691 2620 pendeat
1718 2570 1980 2621 pronomine

1176 2621 1315 2666 αὐτοῦ
1344 2627 1620 2668 abundanter
1635 2627 1777 2669 illato.
1825 2627 1981 2669 Potest

1174 2690 1319 2724 tamen
1337 2686 1466 2725 etiam
1482 2686 1536 2725 ab
1553 2686 1728 2737 integra
1743 2687 1976 2737 sententia,

1180 2756 1291 2795 quae
1330 2756 1407 2795 per
1453 2738 1518 2783 ὅτι
1555 2755 1730 2784 annexa
1758 2749 1844 2795 est,
1877 2756 1974 2784 sus·

1173 2814 1336 2852 pensus
1378 2813 1499 2841 esse:
1546 2801 1655 2841 haec
1695 2802 1812 2842 enim
1851 2802 1970 2841 vices

1174 2859 1363 2901 nominis
1404 2859 1669 2899 substantivi
1710 2860 1881 2911 explet,
1927 2864 1976 2899 ut

1173 2923 1300 2957 acute
1331 2917 1650 2959 demonstravit
1679 2916 1755 2956 He
1769 2929 1976 2959 rmann.

1171 2975 1228 3015 ad
1263 2975 1407 3027 Viger.
1437 2987 1480 3026 p.
1499 2973 1616 3024 880„
1649 2987 1839 3026 quocum
1870 2987 1974 3015 con-

1171 3034 1306 3073 sentit
1339 3031 1391 3072 G.
1429 3032 1482 3074 Τ.
1516 3033 1573 3072 A.
1603 3032 1895 3085 Krfigerus
1925 3034 1972 3074 in

1167 3090 1282 3130 libro
1322 3090 1502 3141 egregio
1515 3119 1526 3140 ‚
1546 3103 1675 3142 quem
1703 3092 1756 3131 de
1776 3093 1818 3130 A
1831 3097 1969 3131 ttra·

1160 3149 1367 3202 ,ctione
1425 3147 1678 3199 Linguae
1732 3148 1970 3189 Latinae

1172 3203 1432 3246 Germanice
1444 3206 1654 3258 scriptum
1665 3206 1819 3257 edidit,
1830 3219 1872 3258 p.
1882 3206 1968 3250 163

1170 3276 1264 3316 sqq.
1300 3263 1482 3304 Poterat
1509 3264 1639 3304 etiam
1662 3265 1773 3304 dici:
1807 3278 1863 3304 το
1881 3264 1967 3303 ὖτο

1169 3321 1263 3362 ’τοῦ
1303 3319 1536 3371 τοξότου
1588 3316 1643 3361 οὐ
1697 3322 1835 3362 καλῶς
1882 3321 1963 3373 ἔχει

1166 3379 1312 3433 λέγειν.
1381 3379 1448 3420 De
1492 3377 1593 3432 ἄλλη
1640 3378 1728 3429 μὲν,
1759 3378 1880 3434 ἑτέρα
1919 3377 1966 3419 δέ

1164 3451 1203 3480 v.
1236 3438 1292 3478 ad
1324 3436 1495 3478 Phileb.
1528 3452 1569 3490 p.
1600 3438 1670 3482 52.
1701 3438 1754 3480 B.

1855 1961 1990 2005 Solus
2044 1969 2047 1973 ’
