2106 3594
1700 158 1882 217 ‚XLV

171 301 236 354 In
288 320 400 370 quo
452 308 510 353 ut
556 298 762 361 iudicio
811 317 913 355 suo
965 299 1134 355 falsus
1169 297 1594 368 sit,‚⁶siquidem
1630 299 1880 370 singulo-

167 393 288 425 rum
343 371 545 425 civium
568 406 579 430 ,ι
593 371 739 424 vires
790 371 954 424 etiam
991 371 1048 422 in
1086 370 1326 425 civitatis
1364 369 1652 430 ordinibus
1690 370 1881 442 singna

166 444 317 497 latim
358 442 593 496 eminere
633 441 810 495 solere
846 449 1103 510 constat,
1143 451 1328 495 tamen
1362 441 1501 511 quid
1538 442 1775 496 senserit
1811 458 1877 494 ex

166 513 505 585 eo·intelligi
540 513 690 580 licet,
731 512 960 582 quodjn,
990 513 1267 584 plerisque
1306 513 1628 567 civitatibus
1651 511 1879 566 hodier-

163 587 250 640 nis
299 584 571 655 triplicem
618 584 864 638 ordinem
903 583 1240 654 docentium,
1276 584 1654 653 militantium,
1703 585 1880 639 nutri-

163 658 398 719 entium,
417 664 679 726 tanquam
722 656 867 711 ultro
915 663 971 709 et
1017 658 1140 728 ipsa
1190 664 1388 711 natura
1425 655 1564 710 duce
1603 656 1878 710 exstitisse

164 735 508 800 compertum
543 727 826 782 habemus,
1361 740 1366 745 “
1762 790 1765 793 ⁴

307 800 425 852 lam
458 818 589 852 vero
626 798 716 852 hic
753 798 950 868 aliquis
988 818 1100 852 non
1137 806 1344 858 temere
1379 796 1741 867 quaesiverit,
1779 816 1880 851 cur

163 870 390 925 tandem
438 870 801 942 philosophus
851 871 964 923 isto
1020 877 1187 941 pacto
1238 870 1296 922 in
1355 867 1724 922 describendo
1779 888 1878 940 op-

162 945 326 996 timae
376 942 617 997 civitatis
654 949 801 995 statu
848 942 1183 1011 substiterit,
1244 959 1426 1011 neque
1475 940 1701 994 ulterius
1749 959 1880 1011 pro-

161 1033 387 1087 gressus
422 1032 542 1068 eam
589 1013 946 1084 descripserit
992 1014 1345 1081 societatem,
1395 1030 1538 1082 quae
1573 1018 1750 1066 totum
1781 1029 1878 1083 ge-

162 1105 266 1139 nus
314 1085 609 1158 humanum
671 1086 879 1139 ambitu
927 1105 1029 1140 suo
1078 1084 1552 1156 complecteretur.
1625 1082 1695 1136 Id
1733 1084 1878 1143 enim

163 1157 336 1211 videri
359 1175 529 1217 „sanet
561 1163 750 1228 potest
798 1165 963 1227 capto
992 1157 1080 1210 'ab
1131 1156 1254 1227 ipso
1317 1153 1597 1210 scribendi
1646 1155 1876 1215 consilio

161 1230 327 1300 longe
363 1228 1116 1290 accommodatiusfuturum
1163 1228 1380 1282 fuisse.2
1428 1225 1523 1280 Ad
1562 1246 1704 1297 quae
1725 1245 1875 1282 ,sane

161 1301 217 1355 in
267 1308 489 1371 promtu
524 1299 820 1368 habemus,
861 1319 1017 1371 quae,
1049 1300 1171 1353 iure
1216 1297 1539 1370 responderi
1588 1317 1754 1370 posse
1793 1298 1878 1353 vi-'

162 1372 458 1432 deantur„
498 1371 719 1431 Etenim
766 1369 1003 1443 primum
1053 1369 1276 1441 quidem
1331 1370 1650 1431 meminisse
1705 1369 1874 1424 debe-

162 1460 290 1505 mus
351 1443 678 1511 Platonem,
742 1444 905 1501 sicuti
953 1444 1073 1514 ipse
1130 1442 1382 1497 Graecus
1419 1442 1551 1509 fuit,
1591 1441 1875 1505 ita-etiam

163 1512 399 1573 Graecis
436 1515 919 1584 .scripsisse‚2non
956 1515 1172 1569 cunctis
1209 1514 1358 1568 orbis
1396 1521 1664 1567 terrarum
1697 1513 1875 1568 natio-

163 1587 344 1647 nibus.
428 1584 589 1639 Vidit
636 1587 779 1646 enim
834 1586 904 1640 de
952 1586 1163 1641 iustitia
1210 1591 1375 1655 atque
1428 1585 1633 1639 virtute
1669 1585 1876 1656 pariter

162 1667 331 1727 atque
367 1656 438 1711 de
473 1657 638 1713 rebus
674 1658 932 1712 civilibus
981 1658 1127 1712 inter
1169 1657 1466 1729 populares
1513 1664 1570 1712 et
1615 1657 1874 1733 aequales

161 1747 294 1783 suos
331 1737 443 1782 tam
481 1748 770 1800 perversas
801 1730 1091 1800 opiniones
1130 1735 1373 1801 grassari
1411 1729 1661 1799 coepiSSe
1706 1735 1873 1799 atque

161 1799 503 1858 Graecarum
550 1800 838 1855 civitatum
883 1800 1336 1871 depravationem
1397 1818 1516 1862 eam
1576 1799 1871 1872 ingr-uisse,

160 1880 226 1928 ut
259 1872 567 1933 animorum
615 1871 890 1927 medicina
921 1891 1062 1943 opus
1100 1879 1262 1928 esset.
1312 1869 1615 1939 'Quocirca
1652 1871 1758 1932 sibi
1789 1871 1873 1925 fa-.

160 1942 269 1998 cile
315 1944 591 2015 persuasit
640 1944 804 2002 aliam
838 1941 1436 2016 viamingrediendam
1473 1962 1610 1997 esse.
1655 1943 1873 1998 .Desti-

161 2015 313 2069 navit
334 2015 506 2086 igitur
529 2016 766 2088 optimae
790 2015 1051 2085 civitatiS,
1079 2035 1255 2086 2quam
1291 2014 1560 2089 condidit,
1598 2015 1875 2087 exemplar

160 2086 519 2159 popularibus
579 2087 727 2156 suis,
778 2087 859 2147 si„
882 2087 1034 2145 forte⁴
1073 2086 1203 2143 inde
1263 2086 1680 2155 condiscerent,
1736 2086 1872 2156 quid

161 2158 512 2230 philosophia
546 2158 617 2212 ad
656 2159 942 2220 civitatum
992 2159 1226 2215 salutem
1265 2178 1330 2212 ac
1366 2159 1685 2213 felicitatem
1724 2158 1871 2223 vale·-

160 2238 261 2284 ret.
332 2229 553 2284 Deinde
590 2229 794 2287 Graeci
829 2239 1065 2300 veteres,
1102 2230 1456 2302 quantumvis
1492 2230 1725 2287 multum
1751 2229 1874 2302 phi-

160 2301 505 2373 losophando
543 2303 907 2386 profecerint,
944 2351 945 2354 ,
978 2314 1166 2372 tamen
1223 2303 1466 2374 speciem
1525 2311 1610 2358 et·
1642 2303 1872 2365 formam

160 2373 444 2434 societatis
490 2374 725 2429 alicuius
775 2374 999 2430 humani
1047 2375 1268 2446 generis
1315 2373 1651 2443 communis,
1693 2374 1871 2444 qualis

160 2446 272 2500 fere
321 2453 408 2500 est
455 2444 772 2506 Christiana
818 2447 974 2519 regni
1022 2446 1194 2501 divini
1230 2447 1417 2515 noti0,
1465 2466 1591 2501 non
1616 2445 1874 2501 videntur

162 2531 402 2587 unquam
450 2518 645 2578 animis
681 2518 797 2574 suis
830 2520 1172 2590 suscepissc.·
1221 2516 1391 2572 Certe
1431 2520 1710 2590 ,nusquam
1747 2535 1871 2573 -nos

160 2588 218 2642 in
253 2589 478 2659 scriptis
514 2604 703 2644 corum
736 2590 915 2646 simile
954 2590 1217 2661 quiddam
1238 2590 1477 2662 reperire
1507 2590 1870 2657 meminimuS,

160 2676 338 2731 neque
386 2660 495 2715 huc
535 2661 778 2715 revocari
817 2661 954 2719 illud
990 2669 1206 2735 potest,
1248 2660 1398 2733 quod
1436 2662 1721 2717 Socratem
1760 2680 1872 2722 me-

160 2732 366 2792 moriae
413 2731 692 2806 proditum
717 2784 721 2788 ,
747 2742 861 2801 est,
904 2748 1071 2804 quum
1109 2743 1265 2790 essct
1292 2734 1681 2805 interrogatuS,
1722 2732 1872 2794 cuia-

161 2811 272 2859 tem
307 2821 367 2859 se
405 2822 526 2860 esse
563 2804 790 2871 diceret,
830 2805 1210 2878 respondisse,
1250 2803 1689 2874 mundanum,
1741 2804 1873 2875 quia

161 2894 220 2930 se
272 2877 442 2934 totius
491 2876 676 2931 mundi
731 2877 965 2931 incolam
1017 2885 1075 2931 ct
1121 2877 1296 2931 civem
1347 2877 1754 2932 sit.arbitratus
1793 2878 1867 2945 *).

162 2944 314 3015 Quid
389 2948 559 3020 igitur
633 2950 825 3003 mirum
905 2958 1020 3018 cst,
1085 2947 1236 3019 quod
1283 2967 1389 3004 nec
1445 2948 1692 3010 Platonis
1754 2949 1869 3002 ani-

161 3037 309 3074 mum
368 3020 636 3091 cogitatio
700 3020 768 3075 dc
833 3020 1107 3076 communi
1167 3020 1352 3091 aliqua
1422 3020 1594 3076 totius
1650 3020 1868 3092 generis

160 3087 382 3146 hmnani
418 3092 681 3147 societate
720 3092 920 3148 subiit?
995 3091 1253 3163 Denique
1300 3091 1463 3153 etiam
1502 3110 1698 3162 caussa
1735 3092 1868 3146 satis

162 3158 360 3217 idonea
406 3163 588 3219 afferri
628 3173 840 3236 potest,
876 3184 976 3218 cur
1015 3163 1300 3220 Platonem
1338 3163 1670 3220 contendere
1708 3163 1872 3219 liceat

275 3306 484 3313 --·——-——--

223 3390 268 3440 ⁵)
296 3390 466 3434 Oion
513 3392 679 3435 'l'nscnl
729 3393 779 3432 V.
815 3393 912 3437 108.
