2106 3594
332 109 623 165 CXXXII

329 259 447 307 tum
484 259 601 319 631,
657 257 921 320 quantum
960 250 1147 305 velles.
1221 251 1441 307 Etenim
1480 250 1729 307 Astius
1766 251 2025 309 61311611-

329 331 445 378 111111
499 322 745 377 Platonis
795 341 958 392 quem
1006 322 1173 394 vulgo
1209 322 1400 379 dicunt
1447 323 1516 376 ab
1555 322 1668 380 Im,-
1704 322 2025 377 Bekkero

328 394 579 448 refietum
629 401 685 447 et
734 393 1080 454 emendatum
1128 402 1386 464 noverat,
1443 401 1627 447 tamen
1678 393 1877 463 quibus
1937 393 2027 448 ille

331 465 505 536 copiis
545 472 601 518 61
638 465 856 519 auxiliis
906 465 964 518 in
1009 465 1348 526 emendando
1398 466 1627 523 Platone
1677 483 1812 520 usus
1861 472 2025 534 esset,

329 535 572 590 nondum
598 544 848 605 noverat,
874 536 1315 607 quandoquidem
1338 535 1431 590 Co
1447 557 1563 591 mm
1580 536 1840 590 entarii
1875 536 2028 590 Cri-

328 607 461 661 tici
522 607 967 666 Bekkeriani
1036 628 1180 668 anno
1231 609 1448 662 demum
1513 610 1665 666 1823.
1730 609 1788 660 in
1848 608 2027 666 lucem

327 677 664 750 prodierunt.
757 679 943 747 Quum
1003 680 1173 752 igitur
1231 680 1314 734 vir
1375 678 1777 733 eruditissimus
1835 680 2026 751 paucis

326 751 455 818 illis,
497 751 699 819 quibus
735 750 852 823 ipse
890 752 1164 820 utebatur,
1205 751 1488 805 codicibus
1525 751 1702 819 iisque
1739 751 1916 810 minus
1945 750 2027 803 di-

326 821 561 893 ligenter
608 823 851 878 excussis
899 824 1073 881 unice,
1097 822 1400 878 confideret
1439 841 1504 875 ac
1541 829 1828 893 praeterea
1861 823 2029 878 etiam

329 893 649 949 coniecturis
699 913 866 966 saepe
919 895 1047 966 plus
1093 896 1239 949 iusto
1287 894 1584 962 tribueret,
1623 892 1742 947 fieri
1784 913 1896 947 non
1926 913 2029 965 -po-

327 965 463 1033 tuit,
515 965 646 1034 quin
692 965 826 1021 haec
863 982 1031 1038 opera
1063 966 1238 1038 ipsius
1272 966 1432 1020 iustis
1468 964 2029 1027 virorumvdoctorum

328 1035 612 1092 desideriis
660 1039 840 1093 minus
889 1038 1246 1095 satisfaceret.
1330 1037 1450 1092 Nec
1501 1044 1683 1092 tamen
1714 1036 1832 1108 ipse
1871 1056 2029 1098 caus-

327 1128 442 1162 sam
480 1127 512 1161 a
551 1128 609 1163 36
645 1118 958 1182 susceptam
1034 1117 1189 1164 ostea
1226 1108 1483 1177 deseruit,
1522 1106 1704 1166 denuo
1735 1127 2029 1191 aggressus

328 1179 633 1241 editionem
659 1181 840 1252 operis
879 1183 935 1236 in
1026 1201 1116 1252 pp.
1156 1181 1374 1235 Platon.
1424 1179 1664 1233 omnium
1703 1180 2028 1238 edit.‚Tom.

325 1251 418 1305 lV.
459 1252 552 1321 qui
599 1252 722 1306 libr.
751 1253 1014 1310 ,Politiae-
1041 1255 1080 1307 1.
1135 1283 1204 1291 -
1256 1252 1386 1307 Vlll.
1425 1251 1697 1319 continet,
1749 1260 1802 1305 et
1846 1251 2025 1306 Tom.

327 1322 399 1376 V.
453 1324 550 1393 qui
599 1324 720 1379 libr.
773 1325 869 1379 lX.
908 1325 984 1379 X.
1035 1324 1316 1380 Timaeum
1356 1331 1411 1381 et
1448 1321 1676 1377 Critiam
1712 1323 2027 1394 complecti.-

324 1401 428 1448 tur.
470 1413 519 1448 a.
563 1396 716 1449 1822.
750 1398 826 1464 8.,
865 1397 958 1450 11111
999 1403 1210 1450 textum
1259 1394 1330 1450 ad
1380 1393 1700 1455 Bekkeri
1752 1395 2030 1466 exemplar

328 1466 696 1520 examinatum
722 1466 876 1522 dedit
896 1466 1341 1525 adiecta-Latina
1374 1466 1831 1536 interpretatione
1863 1467 2027 1538 lojnge

325 1536 743 1609 elegantissima.
1350 1575 1352 1577 ·

465 1639 627 1693 Hanc
675 1637 970 1691 editionem
1027 1638 1270 1711 proxime
1323 1645 1560 1711 sequuta
1598 1645 1684 1692 est
1722 1655 1805 1706 ea,
1861 1654 2025 1706 quam

325 1730 425 1764 nos
461 1730 604 1763 anno
653 1712 800 1763 1829.
841 1717 894 1763 et
938 1712 1087 1770 1830.
1130 1709 1348 1764 Gothae
1388 1719 1443 1771 et
1482 1709 1767 1764 Erfordiae
1813 1709 2024 1763 curavi-

321 1800 458 1835 mus.
547 1780 728 1849 Quam
779 1781 998 1852 quidem
1050 1785 1197 1835 nunc
1262 1781 1577 1840 damusffiita
1636 1785 1914 1849 recusam,
1967 1790 2029 1835 ut

323 1853 483 1906 facile
531 1873 632 1923 pro
671 1872 813 1906 novo
853 1859 1039 1923 opere
1075 1853 1259 1906 haberi
1297 1853 1494 1924 possit.
1572 1853 1806 1922 De'quo
1840 1859 2025 1911 ‚tamen

322 1930 565 1978 tacemus
619 1925 892 1992 consult0‚
955 1926 1209 1995 quoniam
1260 1924 1409 1995 apud
1458 1923 1757 1995 prudentes
1807 1923 2026 1995 quidem

322 2014 410 2050 res
446 1995 568 2068 ipsa
603 1996 762 2070 facile
797 1997 901 2050 sibi
939 1996 1101 2055 faciet
1136 1995 1488 2067 audientiam.
1552 2023 1554 2025 ·
1751 2003 1754 2007 ’
1931 2005 1935 2010 ’

463 2108 677 2163 Eodem
725 2109 852 2162 fere·
887 2122 1131 2181 tempore
1179 2109 1329 2163 Car.
1392 2110 1548 2164 Ern.
1601 2109 2021 2182 Chri-stopsh.

323 2180 833 2237 Schneiderus
861 2201 1060 2234 novam
1110 2182 1327 2252 paravit
1370 2181 1666 2241 editionem
1699 2183 1882 2253 operis
1919 2183 2024 2236 cri-

323 2253 518 2320 ticam,
569 2271 710 2323 quae
758 2253 965 2323 prodiit
1012 2254 1190 2307 tribus
1240 2253 1366 2307 voll.
1421 2253 1635 2310 octonis
1670 2253 2023 2337 Lipsiaeap.

321 2324 595 2379 Teubner.
632 2326 800 2382 11830..
841 2356 909 2364 —
951 2326 1103 2380 1833.
1194 2323 1377 2392 Quam
1422 2345 1550 2379 mox
1599 2326 1820 2395 excepit
1857 2325 2025 2379 editio

360 2415 490 2450 arvo
545 2395 722 2467 pretio
810 2396 1030 2451 arabilis
1091 2396 1321 2449 adiectis
1374 2396 1598 2451 scholiis
1649 2397 1862 2468 graecis
1922 2398 2024 2453 sub

321 2415 428 2525 iioc
475 2467 664 2522 titulo:
719 2468 1049 2538 Pwatonis
1102 2466 1383 2529 Civitas
1437 2467 1726 2522 Graece.
1812 2469 2023 2522 Recen-

321 2539 434 2591 suit
496 2547 552 2593 et
618 2538 829 2594 scholia
888 2540 1102 2593 addidit
1170 2540 1317 2593 Car.
1381 2540 1540 2595 Ern.
1604 2539 1821 2594 Chri-s
1837 2540 2021 2611 toph.

322 2609 736 2667 Schneider.
788 2611 1082 2666 Vratislav.
1136 2613 1286 2666 1841.
1339 2613 1387 2666 8.
1439 2612 1588 2670 Huic
1625 2611 1861 2681 denique
1900 2628 2023 2666 suc-

321 2682 488 2736 cessit
535 2700 711 2753 nuper
769 2684 935 2737 etiam
984 2683 1146 2736 tertia
1207 2683 1402 2739 editio·
1435 2682 1650 2739 Graece
1714 2691 1769 2736 et
1826 2683 2024 2740 Latine

323 2754 482 2822 lacta,
524 2754 782 2822 Ρ6113113,
822 2774 906 2826 ap.
945 2755 1113 2808 Firm.
1164 2754 1356 2819 Didot.
1402 2756 1553 2810 1846.
1594 2759 1675 2813 4..
1717 2773 1856 2824 quae
1894 2774 2023 2809 conv-

322 2823 436 2877 ficit
473 2826 725 2878 volumen
763 2826 1064 2880 secundum
1103 2825 1348 2897 Operum
1386 2826 1632 2880 Platonis
1660 2826 1798 2884 ibid.
1849 2826 2021 2880 edito-

322 2914 467 2960 rum;
517 2916 642 2950 nam
688 2898 920 2967 primum
968 2905 1164 2971 postea
1224 2897 1443 2957 demum
1490 2897 1559 2950 ab
1613 2897 1680 2950 R.
1734 2899 1800 2957 B,
1857 2898 2021 2951 Hir-

323 2967 619 3038 schigio
669 2976 1071 3027 curatum„est.
1110 3004 1126 3013 -·
1171 2969 1240 3023 In
1276 2968 1462 3040 prima
1513 2967 1859 3023 editione-id
1910 2969 2022 3041 egit

323 3036 835 3108 Ssschneiderus,
875 3047 937 3093 ut
973 3048 1236 3113 congesta
1272 3039 1514 3108 undique
1543 3039 1805 3094 varietate
1830 3041 2019 3095 lectio-

323 3129 452 3169 num
504 3109 667 3162 etiam
718 3129 933 3177 earum,
986 3131 1124 3182 quae
1144 3128 1155 3150 ⁶
1180 3111 1370 3182 paucis
1424 3111 1581 3164 annis
1635 3119 1760 3165 ante
1798 3113 1866 3166 ab
1910 3113 2018 3166 Im.

326 3180 644 3234 Bekkero
683 3189 739 3234 et
776 3201 808 3234 a
833 3183 992 3236 nobis
1032 3204 1100 3238 ex
1137 3182 1298 3237 codd.
1338 3182 1569 3251 primum
1606 3181 1662 3235 in
1690 3183 1869 3238 lucem
1892 3203 2015 3255 pro·
2105 3239 2106 3243 ,

324 3259 528 3306 1166166
603 3260 791 3321 erant,
866 3255 1048 3308 omnia
1099 3263 1264 3324 atque
1327 3254 1544 3325 singula
1604 3253 1784 3309 denuo
1849 3256 2016 3309 veluti
2104 3262 2106 3267 '

326 3344 448 3381 cum
496 3323 814 3398 *pulvisculo
850 3333 1163 3396 excuteret,
1197 3333 1361 3395 atque
1402 3325 1560 3382 unius
1597 3329 1826 3382 maxime
1867 3326 2014 3382 codi-
2102 3361 2106 3370 ι
