<?xml version="1.0" encoding="UTF-8"?>
<!DOCTYPE html PUBLIC "-//W3C//DTD XHTML 1.0 Transitional//EN"
    "http://www.w3.org/TR/xhtml1/DTD/xhtml1-transitional.dtd">
<html xmlns="http://www.w3.org/1999/xhtml" xml:lang="en" lang="en">
 <head>
  <title>
</title>
<meta http-equiv="Content-Type" content="text/html;charset=utf-8" />
  <meta name='ocr-system' content='tesseract 3.04.00' />
  <meta name='ocr-capabilities' content='ocr_page ocr_carea ocr_par ocr_line ocrx_word'/>
</head>
<body>
  <div class='ocr_page' id='page_1' title='image "./operaomniarecens03platuoft_0464.png"; bbox 0 0 2098 3658; ppageno 0'>
   <div class='ocr_carea' id='block_1_1' title="bbox 240 855 284 908">
    <p class='ocr_par' dir='ltr' id='par_1_1' title="bbox 240 855 284 908">
     <span class='ocr_line' id='line_1_1' title="bbox 240 855 284 908; baseline 0 -7"><span class='ocrx_word' id='word_1_1' title='bbox 240 855 284 908; x_wconf 79' lang='lat' dir='ltr'>C</span> 
     </span>
    </p>
   </div>
   <div class='ocr_carea' id='block_1_2' title="bbox 241 1611 287 1661">
    <p class='ocr_par' dir='ltr' id='par_1_2' title="bbox 241 1611 287 1661">
     <span class='ocr_line' id='line_1_2' title="bbox 241 1611 287 1661; baseline -0.065 0"><span class='ocrx_word' id='word_1_2' title='bbox 241 1611 287 1661; x_wconf 90' lang='grc' dir='ltr'><em>Ι)</em></span> 
     </span>
    </p>
   </div>
   <div class='ocr_carea' id='block_1_3' title="bbox 319 193 2023 1343">
    <p class='ocr_par' dir='ltr' id='par_1_3' title="bbox 319 193 1396 247">
     <span class='ocr_line' id='line_1_3' title="bbox 319 193 1396 247; baseline 0.003 -3"><span class='ocrx_word' id='word_1_3' title='bbox 319 197 420 245; x_wconf 70' lang='lat'><em>:322</em></span> <span class='ocrx_word' id='word_1_4' title='bbox 921 193 1396 247; x_wconf 49' lang='lat' dir='ltr'>PJJATONIS</span> 
     </span>
    </p>

    <p class='ocr_par' dir='ltr' id='par_1_4' title="bbox 319 338 2023 1343">
     <span class='ocr_line' id='line_1_4' title="bbox 319 338 2017 413; baseline 0.001 -20"><span class='ocrx_word' id='word_1_5' title='bbox 319 341 492 411; x_wconf 77' lang='grc' dir='ltr'><em>ὥςπερ</em></span> <span class='ocrx_word' id='word_1_6' title='bbox 554 348 610 394; x_wconf 83' lang='grc' dir='ltr'><em>ὲν</em></span> <span class='ocrx_word' id='word_1_7' title='bbox 671 340 1000 413; x_wconf 67' lang='grc' dir='ltr'><em>πανηγύρει,</em></span> <span class='ocrx_word' id='word_1_8' title='bbox 1047 340 1170 395; x_wconf 75' lang='grc' dir='ltr'><em>ἀλλ’</em></span> <span class='ocrx_word' id='word_1_9' title='bbox 1233 342 1332 396; x_wconf 82' lang='grc' dir='ltr'><em>οὐκ</em></span> <span class='ocrx_word' id='word_1_10' title='bbox 1386 349 1444 401; x_wconf 80' lang='grc' dir='ltr'><em>ὲν</em></span> <span class='ocrx_word' id='word_1_11' title='bbox 1490 340 1640 394; x_wconf 80' lang='grc' dir='ltr'><em>πόλει</em></span> <span class='ocrx_word' id='word_1_12' title='bbox 1684 338 2017 412; x_wconf 79' lang='grc' dir='ltr'><em>ἑστιάτορας</em></span> 
     </span>
     <span class='ocr_line' id='line_1_5' title="bbox 321 421 2016 495; baseline 0.002 -17"><span class='ocrx_word' id='word_1_13' title='bbox 321 425 686 495; x_wconf 75' lang='grc' dir='ltr'><em>εὐδαίμονας,</em></span> <span class='ocrx_word' id='word_1_14' title='bbox 755 421 893 479; x_wconf 78' lang='grc' dir='ltr'><em>ἄλλο</em></span> <span class='ocrx_word' id='word_1_15' title='bbox 961 421 1035 480; x_wconf 77' lang='grc' dir='ltr'><em>ἄν</em></span> <span class='ocrx_word' id='word_1_16' title='bbox 1102 447 1154 479; x_wconf 84' lang='grc' dir='ltr'><em>τι</em></span> <span class='ocrx_word' id='word_1_17' title='bbox 1217 423 1248 491; x_wconf 87' lang='grc' dir='ltr'>ἢ</span> <span class='ocrx_word' id='word_1_18' title='bbox 1309 424 1471 479; x_wconf 85' lang='grc' dir='ltr'><em>πόλιν</em></span> <span class='ocrx_word' id='word_1_19' title='bbox 1529 427 1692 492; x_wconf 70' lang='grc' dir='ltr'><em>λέγοι.</em></span> <span class='ocrx_word' id='word_1_20' title='bbox 1752 434 2016 481; x_wconf 84' lang='grc' dir='ltr'><em>σκεπτέον</em></span> 
     </span>
     <span class='ocr_line' id='line_1_6' title="bbox 324 502 2018 583; baseline 0 -20"><span class='ocrx_word' id='word_1_21' title='bbox 324 502 451 572; x_wconf 79' lang='grc' dir='ltr'><em>οὖν,</em></span> <span class='ocrx_word' id='word_1_22' title='bbox 509 508 751 579; x_wconf 80' lang='grc' dir='ltr'><em>πότερον</em></span> <span class='ocrx_word' id='word_1_23' title='bbox 807 510 945 580; x_wconf 86' lang='grc' dir='ltr'><em>πρὸς</em></span> <span class='ocrx_word' id='word_1_24' title='bbox 999 514 1168 565; x_wconf 85' lang='grc' dir='ltr'><em>τοῦτο</em></span> <span class='ocrx_word' id='word_1_25' title='bbox 1233 512 1529 578; x_wconf 79' lang='grc' dir='ltr'><em>βλέποντες</em></span> <span class='ocrx_word' id='word_1_26' title='bbox 1587 508 1715 572; x_wconf 80' lang='grc' dir='ltr'><em>τοὺς</em></span> <span class='ocrx_word' id='word_1_27' title='bbox 1758 510 2018 583; x_wconf 80' lang='grc' dir='ltr'><em>φύλακας</em></span> 
     </span>
     <span class='ocr_line' id='line_1_7' title="bbox 324 590 2015 670; baseline 0.002 -24"><span class='ocrx_word' id='word_1_28' title='bbox 324 596 710 670; x_wconf 62' lang='grc' dir='ltr'><em>καθιστῷμεν,</em></span> <span class='ocrx_word' id='word_1_29' title='bbox 748 590 905 657; x_wconf 68' lang='grc' dir='ltr'><em>,ὅπως</em></span> <span class='ocrx_word' id='word_1_30' title='bbox 961 591 990 649; x_wconf 84' lang='grc' dir='ltr'>ὅ</span> <span class='ocrx_word' id='word_1_31' title='bbox 1043 602 1102 648; x_wconf 81' lang='grc' dir='ltr'><em>’τι</em></span> <span class='ocrx_word' id='word_1_32' title='bbox 1158 597 1383 660; x_wconf 86' lang='grc' dir='ltr'><em>πλείστη</em></span> <span class='ocrx_word' id='word_1_33' title='bbox 1441 592 1634 658; x_wconf 74' lang='grc' dir='ltr'><em>αὐτοῖς</em></span> <span class='ocrx_word' id='word_1_34' title='bbox 1691 593 2015 664; x_wconf 81' lang='grc' dir='ltr'><em>εὐδαιμονία</em></span> 
     </span>
     <span class='ocr_line' id='line_1_8' title="bbox 323 675 2017 754; baseline 0.001 -23"><span class='ocrx_word' id='word_1_35' title='bbox 323 676 686 754; x_wconf 65' lang='grc' dir='ltr'><em>ἐγγενήσεται,</em></span> <span class='ocrx_word' id='word_1_36' title='bbox 712 675 742 744; x_wconf 84' lang='grc' dir='ltr'><em>ἢ</em></span> <span class='ocrx_word' id='word_1_37' title='bbox 773 681 940 734; x_wconf 85' lang='grc' dir='ltr'><em>τοῦτο</em></span> <span class='ocrx_word' id='word_1_38' title='bbox 983 682 1083 748; x_wconf 79' lang='grc' dir='ltr'><em>μὲν</em></span> <span class='ocrx_word' id='word_1_39' title='bbox 1129 683 1202 741; x_wconf 80' lang='grc' dir='ltr'><em>εὶς</em></span> <span class='ocrx_word' id='word_1_40' title='bbox 1250 675 1353 744; x_wconf 80' lang='grc' dir='ltr'><em>τὴν</em></span> <span class='ocrx_word' id='word_1_41' title='bbox 1400 677 1562 733; x_wconf 87' lang='grc' dir='ltr'><em>πόλιν</em></span> <span class='ocrx_word' id='word_1_42' title='bbox 1606 675 1742 744; x_wconf 83' lang='grc' dir='ltr'><em>ὅλην</em></span> <span class='ocrx_word' id='word_1_43' title='bbox 1787 680 2017 749; x_wconf 80' lang='grc' dir='ltr'><em>βλέπον-</em></span> 
     </span>
     <span class='ocr_line' id='line_1_9' title="bbox 324 760 2018 840; baseline 0.002 -24"><span class='ocrx_word' id='word_1_44' title='bbox 324 785 425 826; x_wconf 85' lang='grc' dir='ltr'><em>τας</em></span> <span class='ocrx_word' id='word_1_45' title='bbox 470 767 726 825; x_wconf 68' lang='grc' dir='ltr'><em>θἐατέον,</em></span> <span class='ocrx_word' id='word_1_46' title='bbox 773 770 817 817; x_wconf 84' lang='grc' dir='ltr'><em>εὶ</em></span> <span class='ocrx_word' id='word_1_47' title='bbox 856 767 1027 840; x_wconf 77' lang='grc' dir='ltr'><em>ἐκείνῃ</em></span> <span class='ocrx_word' id='word_1_48' title='bbox 1072 767 1390 832; x_wconf 71' lang='grc' dir='ltr'><em>ἐγγίγνεται,</em></span> <span class='ocrx_word' id='word_1_49' title='bbox 1421 760 1548 826; x_wconf 80' lang='grc' dir='ltr'><em>τοὺς</em></span> <span class='ocrx_word' id='word_1_50' title='bbox 1592 761 1645 816; x_wconf 85' lang='grc' dir='ltr'><em>δ’</em></span> <span class='ocrx_word' id='word_1_51' title='bbox 1691 760 2018 834; x_wconf 76' lang='grc' dir='ltr'><em>ἐπικούρους</em></span> 
     </span>
     <span class='ocr_line' id='line_1_10' title="bbox 328 844 2018 922; baseline 0.001 -21"><span class='ocrx_word' id='word_1_52' title='bbox 328 845 561 910; x_wconf 77' lang='grc' dir='ltr'><em>τούτους</em></span> <span class='ocrx_word' id='word_1_53' title='bbox 604 850 698 902; x_wconf 80' lang='grc' dir='ltr'><em>καὶ</em></span> <span class='ocrx_word' id='word_1_54' title='bbox 741 844 875 911; x_wconf 70' lang='grc' dir='ltr'><em>τοὺς</em></span> <span class='ocrx_word' id='word_1_55' title='bbox 915 847 1177 922; x_wconf 64' lang='grc' dir='ltr'><em>Δ(Ῑεύλακας</em></span> <span class='ocrx_word' id='word_1_56' title='bbox 1205 853 1374 902; x_wconf 75' lang='grc' dir='ltr'><em>ἐκεῖνο</em></span> <span class='ocrx_word' id='word_1_57' title='bbox 1408 847 1793 915; x_wconf 77' lang='grc' dir='ltr'><em>ἀναγκαστέον</em></span> <span class='ocrx_word' id='word_1_58' title='bbox 1838 858 2018 914; x_wconf 81' lang='grc' dir='ltr'><em>ποιεῖν</em></span> 
     </span>
     <span class='ocr_line' id='line_1_11' title="bbox 324 929 2018 1003; baseline 0.001 -18"><span class='ocrx_word' id='word_1_59' title='bbox 324 936 414 985; x_wconf 77' lang='grc' dir='ltr'><em>καὶ</em></span> <span class='ocrx_word' id='word_1_60' title='bbox 473 938 755 1001; x_wconf 79' lang='grc' dir='ltr'><em>πειστέον,</em></span> <span class='ocrx_word' id='word_1_61' title='bbox 817 929 966 996; x_wconf 83' lang='grc' dir='ltr'><em>ὅπως</em></span> <span class='ocrx_word' id='word_1_62' title='bbox 1037 930 1065 987; x_wconf 86' lang='grc' dir='ltr'><em>ὅ</em></span> <span class='ocrx_word' id='word_1_63' title='bbox 1135 932 1471 1003; x_wconf 30' lang='grc' dir='ltr'><em>τι,ψᾶριστοι</em></span> <span class='ocrx_word' id='word_1_64' title='bbox 1519 934 1855 1003; x_wconf 52' lang='grc' dir='ltr'><em>,δημιουργοὶ</em></span> <span class='ocrx_word' id='word_1_65' title='bbox 1918 935 2018 987; x_wconf 82' lang='grc' dir='ltr'><em>τοῦ</em></span> 
     </span>
     <span class='ocr_line' id='line_1_12' title="bbox 325 1013 2020 1088; baseline -0.001 -17"><span class='ocrx_word' id='word_1_66' title='bbox 325 1018 537 1071; x_wconf 78' lang='grc' dir='ltr'><em>ἑαυτῶν</em></span> <span class='ocrx_word' id='word_1_67' title='bbox 582 1019 745 1088; x_wconf 73' lang='grc' dir='ltr'><em>ἔργον</em></span> <span class='ocrx_word' id='word_1_68' title='bbox 790 1022 1024 1080; x_wconf 77' lang='grc' dir='ltr'><em>ἔσονται,</em></span> <span class='ocrx_word' id='word_1_69' title='bbox 1061 1020 1154 1070; x_wconf 81' lang='grc' dir='ltr'><em>καὶ</em></span> <span class='ocrx_word' id='word_1_70' title='bbox 1200 1013 1328 1080; x_wconf 75' lang='grc' dir='ltr'><em>τούς</em></span> <span class='ocrx_word' id='word_1_71' title='bbox 1369 1015 1570 1079; x_wconf 78' lang='grc' dir='ltr'><em>ἄλλους</em></span> <span class='ocrx_word' id='word_1_72' title='bbox 1613 1013 1875 1080; x_wconf 79' lang='grc' dir='ltr'><em>ἅπαντας</em></span> <span class='ocrx_word' id='word_1_73' title='bbox 1920 1015 2020 1081; x_wconf 70' lang='grc' dir='ltr'><em>ὠς-</em></span> 
     </span>
     <span class='ocr_line' id='line_1_13' title="bbox 326 1099 2021 1170; baseline 0.001 -16"><span class='ocrx_word' id='word_1_74' title='bbox 326 1099 532 1165; x_wconf 84' lang='grc' dir='ltr'><em>αύτως,</em></span> <span class='ocrx_word' id='word_1_75' title='bbox 578 1106 670 1155; x_wconf 85' lang='grc' dir='ltr'><em>καὶ</em></span> <span class='ocrx_word' id='word_1_76' title='bbox 726 1100 870 1156; x_wconf 81' lang='grc' dir='ltr'><em>οὕτω</em></span> <span class='ocrx_word' id='word_1_77' title='bbox 916 1100 1203 1170; x_wconf 72' lang='grc' dir='ltr'><em>ξυμπάσης</em></span> <span class='ocrx_word' id='word_1_78' title='bbox 1249 1105 1347 1166; x_wconf 86' lang='grc' dir='ltr'><em>τῆς</em></span> <span class='ocrx_word' id='word_1_79' title='bbox 1391 1099 1600 1164; x_wconf 84' lang='grc' dir='ltr'><em>πόλεως</em></span> <span class='ocrx_word' id='word_1_80' title='bbox 1643 1101 2021 1170; x_wconf 75' lang='grc' dir='ltr'><em>αὐξανομένης</em></span> 
     </span>
     <span class='ocr_line' id='line_1_14' title="bbox 327 1183 2022 1255; baseline 0 -15"><span class='ocrx_word' id='word_1_81' title='bbox 327 1188 418 1240; x_wconf 87' lang='grc' dir='ltr'><em>καὶ</em></span> <span class='ocrx_word' id='word_1_82' title='bbox 491 1188 670 1250; x_wconf 80' lang='grc' dir='ltr'><em>καλῶς</em></span> <span class='ocrx_word' id='word_1_83' title='bbox 737 1188 1071 1255; x_wconf 79' lang='grc' dir='ltr'><em>οἰκιζομένης</em></span> <span class='ocrx_word' id='word_1_84' title='bbox 1139 1191 1331 1239; x_wconf 80' lang='grc' dir='ltr'><em>ἐατέον</em></span> <span class='ocrx_word' id='word_1_85' title='bbox 1390 1183 1540 1249; x_wconf 84' lang='grc' dir='ltr'><em>ὅπως</em></span> <span class='ocrx_word' id='word_1_86' title='bbox 1595 1183 1847 1248; x_wconf 78' lang='grc' dir='ltr'><em>ἑκάστοις</em></span> <span class='ocrx_word' id='word_1_87' title='bbox 1905 1194 2022 1248; x_wconf 80' lang='grc' dir='ltr'><em>τοῖς</em></span> 
     </span>
     <span class='ocr_line' id='line_1_15' title="bbox 328 1268 2023 1343; baseline -0.001 -18"><span class='ocrx_word' id='word_1_88' title='bbox 328 1273 553 1325; x_wconf 71' lang='grc' dir='ltr'><em>ἔθνεσιν</em></span> <span class='ocrx_word' id='word_1_89' title='bbox 596 1268 630 1336; x_wconf 81' lang='grc' dir='ltr'><strong><em>ἡ</em></strong></span> <span class='ocrx_word' id='word_1_90' title='bbox 676 1270 839 1343; x_wconf 77' lang='grc' dir='ltr'><em>φύσις</em></span> <span class='ocrx_word' id='word_1_91' title='bbox 881 1270 1185 1324; x_wconf 77' lang='grc' dir='ltr'><em>ἀποδίδωσι</em></span> <span class='ocrx_word' id='word_1_92' title='bbox 1232 1272 1331 1323; x_wconf 81' lang='grc' dir='ltr'><em>τοῦ</em></span> <span class='ocrx_word' id='word_1_93' title='bbox 1363 1269 1808 1339; x_wconf 79' lang='grc' dir='ltr'><em>μεταλαμβάνειν</em></span> <span class='ocrx_word' id='word_1_94' title='bbox 1839 1268 2023 1324; x_wconf 74' lang='grc' dir='ltr'><em>εὐδαι-</em></span> 
     </span>
    </p>
   </div>
   <div class='ocr_carea' id='block_1_4' title="bbox 325 1346 2023 1518">
    <p class='ocr_par' dir='ltr' id='par_1_5' title="bbox 325 1346 2023 1518">
     <span class='ocr_line' id='line_1_16' title="bbox 325 1346 2023 1430; baseline 0.002 -23"><span class='ocrx_word' id='word_1_95' title='bbox 325 1357 540 1425; x_wconf 86' lang='grc' dir='ltr'><em>μονίας.</em></span> <span class='ocrx_word' id='word_1_96' title='bbox 629 1351 769 1430; x_wconf 81' lang='lat' dir='ltr'><strong>Cap.</strong></span> <span class='ocrx_word' id='word_1_97' title='bbox 820 1351 893 1408; x_wconf 87' lang='lat' dir='ltr'><em>II.</em></span> <span class='ocrx_word' id='word_1_98' title='bbox 934 1352 1109 1416; x_wconf 82' lang='grc' dir='ltr'><em>Ἀλλ’,</em></span> <span class='ocrx_word' id='word_1_99' title='bbox 1156 1346 1189 1419; x_wconf 76' lang='grc' dir='ltr'><strong><em>ἦ</em></strong></span> <span class='ocrx_word' id='word_1_100' title='bbox 1237 1354 1288 1407; x_wconf 85' lang='grc' dir='ltr'><em>δ’</em></span> <span class='ocrx_word' id='word_1_101' title='bbox 1342 1351 1435 1420; x_wconf 84' lang='grc' dir='ltr'><em>ὅς,</em></span> <span class='ocrx_word' id='word_1_102' title='bbox 1481 1356 1659 1418; x_wconf 81' lang='grc' dir='ltr'><em>καλῶς</em></span> <span class='ocrx_word' id='word_1_103' title='bbox 1703 1374 1800 1424; x_wconf 86' lang='grc' dir='ltr'><em>μοι</em></span> <span class='ocrx_word' id='word_1_104' title='bbox 1847 1357 2023 1418; x_wconf 80' lang='grc' dir='ltr'><em>δοκεῖς</em></span> 
     </span>
     <span class='ocr_line' id='line_1_17' title="bbox 328 1430 2022 1518; baseline 0.001 -26"><span class='ocrx_word' id='word_1_105' title='bbox 328 1441 517 1508; x_wconf 81' lang='grc' dir='ltr'><em>λέγειν.</em></span> <span class='ocrx_word' id='word_1_106' title='bbox 585 1430 703 1511; x_wconf 59' lang='grc' dir='ltr'><em>Ἆρ’</em></span> <span class='ocrx_word' id='word_1_107' title='bbox 758 1430 875 1502; x_wconf 79' lang='grc' dir='ltr'><em>οὗν,</em></span> <span class='ocrx_word' id='word_1_108' title='bbox 915 1430 986 1505; x_wconf 80' lang='grc' dir='ltr'><em>ἦν</em></span> <span class='ocrx_word' id='word_1_109' title='bbox 1030 1437 1079 1492; x_wconf 84' lang='grc' dir='ltr'><em>δ’</em></span> <span class='ocrx_word' id='word_1_110' title='bbox 1133 1438 1252 1506; x_wconf 77' lang='grc' dir='ltr'><em>ἐγώ,</em></span> <span class='ocrx_word' id='word_1_111' title='bbox 1278 1441 1370 1492; x_wconf 86' lang='grc' dir='ltr'><em>καὶ</em></span> <span class='ocrx_word' id='word_1_112' title='bbox 1398 1436 1479 1494; x_wconf 74' lang='grc' dir='ltr'><em>,τὸ</em></span> <span class='ocrx_word' id='word_1_113' title='bbox 1527 1438 1730 1494; x_wconf 86' lang='grc' dir='ltr'><em>τούτου</em></span> <span class='ocrx_word' id='word_1_114' title='bbox 1775 1435 2022 1518; x_wconf 73' lang='grc' dir='ltr'><em>ἀδελφὸν</em></span> 
     </span>
    </p>
   </div>
   <div class='ocr_carea' id='block_1_5' title="bbox 328 1520 2024 1682">
    <p class='ocr_par' dir='ltr' id='par_1_6' title="bbox 328 1520 2024 1682">
     <span class='ocr_line' id='line_1_18' title="bbox 329 1520 2024 1597; baseline 0.001 -21"><span class='ocrx_word' id='word_1_115' title='bbox 329 1522 462 1588; x_wconf 79' lang='grc' dir='ltr'><em>δόξω</em></span> <span class='ocrx_word' id='word_1_116' title='bbox 509 1541 592 1576; x_wconf 92' lang='grc' dir='ltr'><em>σοι</em></span> <span class='ocrx_word' id='word_1_117' title='bbox 636 1528 867 1594; x_wconf 79' lang='grc' dir='ltr'><em>μετρίως</em></span> <span class='ocrx_word' id='word_1_118' title='bbox 908 1527 1110 1591; x_wconf 63' lang='grc' dir='ltr'><em>λέγεινς</em></span> <span class='ocrx_word' id='word_1_119' title='bbox 1171 1527 1237 1576; x_wconf 85' lang='grc' dir='ltr'><em>Τι’</em></span> <span class='ocrx_word' id='word_1_120' title='bbox 1281 1520 1553 1592; x_wconf 75' lang='grc' dir='ltr'><em>μάλιστιιε,</em></span> <span class='ocrx_word' id='word_1_121' title='bbox 1607 1521 1772 1597; x_wconf 15' lang='grc' dir='ltr'><em>,Τοὺς</em></span> <span class='ocrx_word' id='word_1_122' title='bbox 1815 1520 2024 1587; x_wconf 76' lang='grc' dir='ltr'><em>ἄλλους</em></span> 
     </span>
     <span class='ocr_line' id='line_1_19' title="bbox 328 1599 2021 1682; baseline 0.001 -22"><span class='ocrx_word' id='word_1_123' title='bbox 328 1599 400 1661; x_wconf 78' lang='grc' dir='ltr'><em>αὖ</em></span> <span class='ocrx_word' id='word_1_124' title='bbox 447 1605 822 1678; x_wconf 72' lang='grc' dir='ltr'><em>δημιουργοὺς</em></span> <span class='ocrx_word' id='word_1_125' title='bbox 862 1605 1051 1663; x_wconf 83' lang='grc' dir='ltr'><em>σκόπει</em></span> <span class='ocrx_word' id='word_1_126' title='bbox 1098 1614 1143 1663; x_wconf 78' lang='grc' dir='ltr'><em>εἰ</em></span> <span class='ocrx_word' id='word_1_127' title='bbox 1189 1606 1320 1663; x_wconf 82' lang='grc' dir='ltr'><em>τάδε</em></span> <span class='ocrx_word' id='word_1_128' title='bbox 1367 1609 1707 1682; x_wconf 71' lang='grc' dir='ltr'><em>διαφθείρει,</em></span> <span class='ocrx_word' id='word_1_129' title='bbox 1751 1604 1884 1671; x_wconf 81' lang='grc' dir='ltr'><em>ὥςτε</em></span> <span class='ocrx_word' id='word_1_130' title='bbox 1927 1612 2021 1663; x_wconf 79' lang='grc' dir='ltr'><em>καὶ</em></span> 
     </span>
    </p>
   </div>
   <div class='ocr_carea' id='block_1_6' title="bbox 265 1685 2022 1762">
    <p class='ocr_par' dir='ltr' id='par_1_7' title="bbox 265 1685 2022 1762">
     <span class='ocr_line' id='line_1_20' title="bbox 265 1685 2022 1762; baseline 0.001 -16"><span class='ocrx_word' id='word_1_131' title='bbox 265 1755 268 1758; x_wconf 30' lang='grc'><em>,</em></span> <span class='ocrx_word' id='word_1_132' title='bbox 326 1688 531 1755; x_wconf 84' lang='grc' dir='ltr'><em>κακοὺς</em></span> <span class='ocrx_word' id='word_1_133' title='bbox 575 1696 890 1762; x_wconf 74' lang='grc' dir='ltr'><em>γίγνεσθαι.</em></span> <span class='ocrx_word' id='word_1_134' title='bbox 942 1690 1025 1746; x_wconf 75' lang='grc' dir='ltr'><em>Τὰ</em></span> <span class='ocrx_word' id='word_1_135' title='bbox 1073 1702 1206 1747; x_wconf 80' lang='grc' dir='ltr'><em>ποῖα</em></span> <span class='ocrx_word' id='word_1_136' title='bbox 1256 1689 1322 1759; x_wconf 83' lang='grc' dir='ltr'><em>δὴ</em></span> <span class='ocrx_word' id='word_1_137' title='bbox 1369 1693 1579 1761; x_wconf 55' lang='grc' dir='ltr'><em>ταῦτά,</em></span> <span class='ocrx_word' id='word_1_138' title='bbox 1630 1695 1909 1759; x_wconf 85' lang='grc' dir='ltr'><em>Πλοῦτος,</em></span> <span class='ocrx_word' id='word_1_139' title='bbox 1951 1685 2022 1760; x_wconf 69' lang='grc' dir='ltr'><em>ἦν</em></span> 
     </span>
    </p>
   </div>
   <div class='ocr_carea' id='block_1_7' title="bbox 327 1825 2021 2060">
    <p class='ocr_par' dir='ltr' id='par_1_8' title="bbox 327 1825 2021 2060">
     <span class='ocr_line' id='line_1_21' title="bbox 448 1825 2021 1884; baseline -0.001 -12"><span class='ocrx_word' id='word_1_140' title='bbox 448 1830 496 1872; x_wconf 82' lang='grc' dir='ltr'><em>Β.</em></span> <span class='ocrx_word' id='word_1_141' title='bbox 556 1830 611 1871; x_wconf 80' lang='grc' dir='ltr'><em>ἐν</em></span> <span class='ocrx_word' id='word_1_142' title='bbox 642 1830 794 1872; x_wconf 77' lang='grc' dir='ltr'><em>πόλει</em></span> <span class='ocrx_word' id='word_1_143' title='bbox 826 1828 1153 1884; x_wconf 75' lang='grc' dir='ltr'><em>ἑστιάτορας</em></span> <span class='ocrx_word' id='word_1_144' title='bbox 1184 1825 1548 1884; x_wconf 76' lang='grc' dir='ltr'><em>εὐδαίμονας]</em></span> <span class='ocrx_word' id='word_1_145' title='bbox 1583 1831 1635 1873; x_wconf 83' lang='lat' dir='ltr'><em>V.</em></span> <span class='ocrx_word' id='word_1_146' title='bbox 1666 1829 1916 1884; x_wconf 71' lang='grc' dir='ltr'><em>ἑστιάτορας</em></span> <span class='ocrx_word' id='word_1_147' title='bbox 1951 1834 2021 1872; x_wconf 79' lang='grc' dir='ltr'><em>καὶ</em></span> 
     </span>
     <span class='ocr_line' id='line_1_22' title="bbox 327 1884 2017 1943; baseline 0.003 -15"><span class='ocrx_word' id='word_1_148' title='bbox 327 1884 609 1938; x_wconf 72' lang='grc' dir='ltr'><em>εὐδαίμονας,</em></span> <span class='ocrx_word' id='word_1_149' title='bbox 650 1892 768 1942; x_wconf 85' lang='lat' dir='ltr'><strong>quod</strong></span> <span class='ocrx_word' id='word_1_150' title='bbox 808 1890 1118 1943; x_wconf 83' lang='lat' dir='ltr'><strong>Wyttenbach.</strong></span> <span class='ocrx_word' id='word_1_151' title='bbox 1151 1890 1208 1929; x_wconf 85' lang='lat' dir='ltr'><em>ad</em></span> <span class='ocrx_word' id='word_1_152' title='bbox 1244 1889 1464 1929; x_wconf 79' lang='lat' dir='ltr'>Plutarch.</span> <span class='ocrx_word' id='word_1_153' title='bbox 1499 1889 1657 1929; x_wconf 80' lang='lat' dir='ltr'><strong>Moral.</strong></span> <span class='ocrx_word' id='word_1_154' title='bbox 1692 1889 1745 1930; x_wconf 87' lang='lat' dir='ltr'><em>T.</em></span> <span class='ocrx_word' id='word_1_155' title='bbox 1778 1891 1816 1933; x_wconf 92' lang='grc' dir='ltr'><em>Ι.</em></span> <span class='ocrx_word' id='word_1_156' title='bbox 1846 1903 1888 1943; x_wconf 91' lang='lat' dir='ltr'><em>p.</em></span> <span class='ocrx_word' id='word_1_157' title='bbox 1918 1888 2017 1933; x_wconf 78' lang='lat'><strong>322.</strong></span> 
     </span>
     <span class='ocr_line' id='line_1_23' title="bbox 328 1943 2019 2001; baseline 0.001 -14"><span class='ocrx_word' id='word_1_158' title='bbox 328 1949 396 1987; x_wconf 85' lang='lat' dir='ltr'><strong>ed.</strong></span> <span class='ocrx_word' id='word_1_159' title='bbox 436 1948 517 1988; x_wconf 85' lang='lat' dir='ltr'><em>Ox.</em></span> <span class='ocrx_word' id='word_1_160' title='bbox 558 1961 600 2000; x_wconf 85' lang='lat' dir='ltr'><em>p.</em></span> <span class='ocrx_word' id='word_1_161' title='bbox 643 1948 742 1991; x_wconf 80' lang='lat'><em>253</em></span> <span class='ocrx_word' id='word_1_162' title='bbox 780 1950 847 1989; x_wconf 89' lang='lat' dir='ltr'><strong>ed.</strong></span> <span class='ocrx_word' id='word_1_163' title='bbox 880 1949 1008 2001; x_wconf 88' lang='lat' dir='ltr'><strong>Lips</strong></span> <span class='ocrx_word' id='word_1_164' title='bbox 1038 1948 1082 1987; x_wconf 91' lang='lat' dir='ltr'><strong>in</strong></span> <span class='ocrx_word' id='word_1_165' title='bbox 1123 1947 1191 1986; x_wconf 86' lang='grc' dir='ltr'><em>καὶ</em></span> <span class='ocrx_word' id='word_1_166' title='bbox 1223 1943 1483 1997; x_wconf 78' lang='grc' dir='ltr'><em>δαιτυμόνας</em></span> <span class='ocrx_word' id='word_1_167' title='bbox 1513 1947 1768 1988; x_wconf 86' lang='lat' dir='ltr'><strong>mutandum</strong></span> <span class='ocrx_word' id='word_1_168' title='bbox 1801 1949 2019 1988; x_wconf 86' lang='lat' dir='ltr'><strong>censebat.</strong></span> 
     </span>
     <span class='ocr_line' id='line_1_24' title="bbox 330 2005 2019 2060; baseline 0.001 -15"><span class='ocrx_word' id='word_1_169' title='bbox 330 2005 419 2046; x_wconf 89' lang='lat' dir='ltr'><strong>Sed</strong></span> <span class='ocrx_word' id='word_1_170' title='bbox 445 2007 562 2046; x_wconf 89' lang='lat' dir='ltr'><strong>istud</strong></span> <span class='ocrx_word' id='word_1_171' title='bbox 595 2007 670 2046; x_wconf 82' lang='grc' dir='ltr'><em>καί</em></span> <span class='ocrx_word' id='word_1_172' title='bbox 694 2015 867 2060; x_wconf 86' lang='lat' dir='ltr'><strong>praeter</strong></span> <span class='ocrx_word' id='word_1_173' title='bbox 889 2005 1055 2047; x_wconf 44' lang='lat' dir='ltr'><strong>Vens*</strong></span> <span class='ocrx_word' id='word_1_174' title='bbox 1016 2019 1064 2048; x_wconf 58' lang='lat'><em>,¹:⁴-</em></span> <span class='ocrx_word' id='word_1_175' title='bbox 1087 2007 1206 2057; x_wconf 88' lang='lat' dir='ltr'><strong>Ang.</strong></span> <span class='ocrx_word' id='word_1_176' title='bbox 1232 2005 1350 2047; x_wconf 87' lang='lat' dir='ltr'><strong>Flor.</strong></span> <span class='ocrx_word' id='word_1_177' title='bbox 1372 2019 1408 2046; x_wconf 91' lang='lat' dir='ltr'><em>c.</em></span> <span class='ocrx_word' id='word_1_178' title='bbox 1426 2019 1467 2047; x_wconf 84' lang='lat' dir='ltr'><em>x.</em></span> <span class='ocrx_word' id='word_1_179' title='bbox 1502 2018 1653 2046; x_wconf 90' lang='lat' dir='ltr'><strong>omnes</strong></span> <span class='ocrx_word' id='word_1_180' title='bbox 1686 2007 1860 2047; x_wconf 84' lang='lat' dir='ltr'><strong>codices</strong></span> <span class='ocrx_word' id='word_1_181' title='bbox 1893 2008 2019 2047; x_wconf 93' lang='lat' dir='ltr'><strong>omit-</strong></span> 
     </span>
    </p>
   </div>
   <div class='ocr_carea' id='block_1_8' title="bbox 293 2063 2018 2118">
    <p class='ocr_par' dir='ltr' id='par_1_9' title="bbox 293 2063 2018 2118">
     <span class='ocr_line' id='line_1_25' title="bbox 293 2063 2018 2118; baseline 0.001 -15"><span class='ocrx_word' id='word_1_182' title='bbox 293 2071 305 2083; x_wconf 74' lang='lat'><strong>·</strong></span> <span class='ocrx_word' id='word_1_183' title='bbox 329 2069 441 2114; x_wconf 79' lang='lat' dir='ltr'><strong>tunt,</strong></span> <span class='ocrx_word' id='word_1_184' title='bbox 471 2069 519 2103; x_wconf 87' lang='lat' dir='ltr'><em>ut</em></span> <span class='ocrx_word' id='word_1_185' title='bbox 548 2077 664 2104; x_wconf 88' lang='lat' dir='ltr'><strong>nunc</strong></span> <span class='ocrx_word' id='word_1_186' title='bbox 696 2065 870 2117; x_wconf 89' lang='lat' dir='ltr'><strong>quidem</strong></span> <span class='ocrx_word' id='word_1_187' title='bbox 903 2063 1156 2105; x_wconf 86' lang='lat' dir='ltr'><strong>coniectura</strong></span> <span class='ocrx_word' id='word_1_188' title='bbox 1185 2064 1277 2115; x_wconf 86' lang='lat' dir='ltr'><strong>illa,</strong></span> <span class='ocrx_word' id='word_1_189' title='bbox 1303 2074 1540 2117; x_wconf 85' lang='lat' dir='ltr'><strong>sanequam</strong></span> <span class='ocrx_word' id='word_1_190' title='bbox 1572 2063 2018 2118; x_wconf 81' lang='lat' dir='ltr'><strong>elegantiss1ma,non</strong></span> 
     </span>
    </p>
   </div>
   <div class='ocr_carea' id='block_1_9' title="bbox 327 2121 2019 2584">
    <p class='ocr_par' dir='ltr' id='par_1_10' title="bbox 329 2121 2018 2292">
     <span class='ocr_line' id='line_1_26' title="bbox 330 2121 542 2165; baseline -0.01 -3"><span class='ocrx_word' id='word_1_191' title='bbox 330 2134 355 2162; x_wconf 92' lang='lat' dir='ltr'><em>o</em></span> <span class='ocrx_word' id='word_1_192' title='bbox 389 2133 441 2163; x_wconf 83' lang='lat' dir='ltr'><strong>us</strong></span> <span class='ocrx_word' id='word_1_193' title='bbox 471 2121 542 2165; x_wconf 83' lang='lat' dir='ltr'><strong>s&#39;it.</strong></span> 
     </span>
     <span class='ocr_line' id='line_1_27' title="bbox 358 2135 2018 2234; baseline 0.001 -15"><span class='ocrx_word' id='word_1_194' title='bbox 358 2135 386 2174; x_wconf 77' lang='lat' dir='ltr'>p</span> <span class='ocrx_word' id='word_1_195' title='bbox 448 2178 497 2220; x_wconf 84' lang='lat' dir='ltr'><em>C.</em></span> <span class='ocrx_word' id='word_1_196' title='bbox 560 2180 658 2219; x_wconf 86' lang='grc' dir='ltr'><em>τοῦ</em></span> <span class='ocrx_word' id='word_1_197' title='bbox 689 2178 898 2219; x_wconf 79' lang='grc' dir='ltr'><em>ἑαυτῶν</em></span> <span class='ocrx_word' id='word_1_198' title='bbox 931 2179 1102 2233; x_wconf 79' lang='grc' dir='ltr'><em>ἔργου</em></span> <span class='ocrx_word' id='word_1_199' title='bbox 1138 2179 1389 2231; x_wconf 80' lang='grc' dir='ltr'><em>ἔσονται]</em></span> <span class='ocrx_word' id='word_1_200' title='bbox 1423 2177 1771 2231; x_wconf 67' lang='lat' dir='ltr'><strong>Steph.3avzo15,</strong></span> <span class='ocrx_word' id='word_1_201' title='bbox 1803 2180 1921 2234; x_wconf 88' lang='lat' dir='ltr'><strong>quod</strong></span> <span class='ocrx_word' id='word_1_202' title='bbox 1953 2192 2018 2221; x_wconf 83' lang='lat' dir='ltr'><strong>er-</strong></span> 
     </span>
     <span class='ocr_line' id='line_1_28' title="bbox 329 2239 933 2292; baseline 0.002 -15"><span class='ocrx_word' id='word_1_203' title='bbox 329 2250 443 2292; x_wconf 79' lang='lat' dir='ltr'><strong>rore,</strong></span> <span class='ocrx_word' id='word_1_204' title='bbox 473 2239 522 2278; x_wconf 78' lang='lat' dir='ltr'><em>ut&#39;</em></span> <span class='ocrx_word' id='word_1_205' title='bbox 552 2239 743 2289; x_wconf 79' lang='lat' dir='ltr'><strong>videtur,</strong></span> <span class='ocrx_word' id='word_1_206' title='bbox 774 2244 933 2278; x_wconf 83' lang='lat' dir='ltr'><strong>ortum.</strong></span> 
     </span>
    </p>

    <p class='ocr_par' dir='ltr' id='par_1_11' title="bbox 327 2291 2019 2510">
     <span class='ocr_line' id='line_1_29' title="bbox 445 2291 2017 2349; baseline 0.001 -13"><span class='ocrx_word' id='word_1_207' title='bbox 445 2295 633 2349; x_wconf 83' lang='lat' dir='ltr'><strong>Cap.11.</strong></span> <span class='ocrx_word' id='word_1_208' title='bbox 679 2295 732 2337; x_wconf 86' lang='lat' dir='ltr'><em>E.</em></span> <span class='ocrx_word' id='word_1_209' title='bbox 787 2292 986 2336; x_wconf 76' lang='grc' dir='ltr'><em>ἄλλους</em></span> <span class='ocrx_word' id='word_1_210' title='bbox 1018 2291 1116 2335; x_wconf 79' lang='grc' dir='ltr'><em>οὓς</em></span> <span class='ocrx_word' id='word_1_211' title='bbox 1149 2291 1209 2334; x_wconf 84' lang='grc' dir='ltr'><em>ἀν</em></span> <span class='ocrx_word' id='word_1_212' title='bbox 1221 2291 1498 2347; x_wconf 79' lang='grc' dir='ltr'><em>διδάσκῃ]</em></span> <span class='ocrx_word' id='word_1_213' title='bbox 1538 2291 1613 2335; x_wconf 81' lang='lat' dir='ltr'><em>Sic</em></span> <span class='ocrx_word' id='word_1_214' title='bbox 1643 2294 1747 2336; x_wconf 85' lang='lat' dir='ltr'><strong>Par.</strong></span> <span class='ocrx_word' id='word_1_215' title='bbox 1771 2299 1818 2338; x_wconf 80' lang='grc' dir='ltr'><em>Α.</em></span> <span class='ocrx_word' id='word_1_216' title='bbox 1851 2295 1947 2338; x_wconf 84' lang='lat' dir='ltr'><strong>Vat.</strong></span> <span class='ocrx_word' id='word_1_217' title='bbox 1970 2293 2017 2339; x_wconf 80' lang='grc' dir='ltr'><em>Θ.</em></span> 
     </span>
     <span class='ocr_line' id='line_1_30' title="bbox 329 2346 2018 2408; baseline 0 -14"><span class='ocrx_word' id='word_1_218' title='bbox 329 2353 440 2394; x_wconf 80' lang='lat' dir='ltr'><strong>Ven.</strong></span> <span class='ocrx_word' id='word_1_219' title='bbox 476 2353 525 2397; x_wconf 82' lang='grc' dir='ltr'><em>Π.</em></span> <span class='ocrx_word' id='word_1_220' title='bbox 558 2353 607 2398; x_wconf 75' lang='grc' dir='ltr'><em>Ξ.</em></span> <span class='ocrx_word' id='word_1_221' title='bbox 647 2354 783 2397; x_wconf 89' lang='lat' dir='ltr'><strong>Vind.</strong></span> <span class='ocrx_word' id='word_1_222' title='bbox 814 2346 966 2396; x_wconf 81' lang='lat' dir='ltr'><strong>Ambr.</strong></span> <span class='ocrx_word' id='word_1_223' title='bbox 999 2360 1111 2407; x_wconf 81' lang='lat' dir='ltr'><strong>Aug.</strong></span> <span class='ocrx_word' id='word_1_224' title='bbox 1151 2353 1244 2394; x_wconf 79' lang='lat' dir='ltr'><strong>vat.</strong></span> <span class='ocrx_word' id='word_1_225' title='bbox 1274 2367 1332 2394; x_wconf 84' lang='lat' dir='ltr'><em>m.</em></span> <span class='ocrx_word' id='word_1_226' title='bbox 1362 2364 1396 2394; x_wconf 89' lang='lat' dir='ltr'><em>r.</em></span> <span class='ocrx_word' id='word_1_227' title='bbox 1428 2353 1550 2394; x_wconf 84' lang='lat' dir='ltr'><strong>Flor.</strong></span> <span class='ocrx_word' id='word_1_228' title='bbox 1582 2366 1621 2393; x_wconf 83' lang='lat' dir='ltr'><em>a.</em></span> <span class='ocrx_word' id='word_1_229' title='bbox 1658 2365 1693 2394; x_wconf 92' lang='lat' dir='ltr'><em>c.</em></span> <span class='ocrx_word' id='word_1_230' title='bbox 1723 2367 1766 2397; x_wconf 81' lang='lat' dir='ltr'><em>x.</em></span> <span class='ocrx_word' id='word_1_231' title='bbox 1799 2367 1838 2395; x_wconf 85' lang='lat' dir='ltr'><em>a.</em></span> <span class='ocrx_word' id='word_1_232' title='bbox 1870 2368 1907 2408; x_wconf 84' lang='grc' dir='ltr'><em>γ.</em></span> <span class='ocrx_word' id='word_1_233' title='bbox 1937 2367 2018 2408; x_wconf 89' lang='lat' dir='ltr'><em>pro</em></span> 
     </span>
     <span class='ocr_line' id='line_1_31' title="bbox 327 2409 2019 2478; baseline 0.001 -27"><span class='ocrx_word' id='word_1_234' title='bbox 327 2413 463 2464; x_wconf 86' lang='lat' dir='ltr'><strong>vulg.</strong></span> <span class='ocrx_word' id='word_1_235' title='bbox 492 2409 656 2470; x_wconf 73' lang='grc' dir='ltr'><em>διδάξῃ.</em></span> <span class='ocrx_word' id='word_1_236' title='bbox 716 2412 935 2453; x_wconf 81' lang='lat' dir='ltr'><strong>Praesens</strong></span> <span class='ocrx_word' id='word_1_237' title='bbox 976 2424 1053 2452; x_wconf 89' lang='lat' dir='ltr'><strong>cur</strong></span> <span class='ocrx_word' id='word_1_238' title='bbox 1096 2411 1428 2465; x_wconf 85' lang='lat' dir='ltr'><strong>praeferendum</strong></span> <span class='ocrx_word' id='word_1_239' title='bbox 1461 2411 1542 2461; x_wconf 88' lang='lat' dir='ltr'><strong>sit,</strong></span> <span class='ocrx_word' id='word_1_240' title='bbox 1575 2413 1813 2460; x_wconf 84' lang='lat' dir='ltr'><strong>neminem,</strong></span> <span class='ocrx_word' id='word_1_241' title='bbox 1845 2413 2019 2478; x_wconf 76' lang='lat' dir='ltr'><strong>opiner,</strong></span> 
     </span>
     <span class='ocr_line' id='line_1_32' title="bbox 327 2471 494 2510; baseline 0 0"><span class='ocrx_word' id='word_1_242' title='bbox 327 2471 494 2510; x_wconf 83' lang='lat' dir='ltr'><strong>latebit.</strong></span> 
     </span>
    </p>

    <p class='ocr_par' dir='ltr' id='par_1_12' title="bbox 443 2483 2016 2584">
     <span class='ocr_line' id='line_1_33' title="bbox 443 2483 2016 2584; baseline -0.001 -15"><span class='ocrx_word' id='word_1_243' title='bbox 443 2525 642 2581; x_wconf 86' lang='grc' dir='ltr'><em>μήποτε</em></span> <span class='ocrx_word' id='word_1_244' title='bbox 674 2522 888 2568; x_wconf 75' lang='grc' dir='ltr'><em>αὐτοὺς</em></span> <span class='ocrx_word' id='word_1_245' title='bbox 918 2524 1098 2582; x_wconf 73' lang='grc' dir='ltr'><em>λήσει]</em></span> <span class='ocrx_word' id='word_1_246' title='bbox 1131 2525 1206 2566; x_wconf 83' lang='lat' dir='ltr'><strong>Sic</strong></span> <span class='ocrx_word' id='word_1_247' title='bbox 1238 2526 1346 2566; x_wconf 89' lang='lat' dir='ltr'><strong>Ven.</strong></span> <span class='ocrx_word' id='word_1_248' title='bbox 1386 2525 1435 2568; x_wconf 90' lang='lat' dir='ltr'><em>ll.</em></span> <span class='ocrx_word' id='word_1_249' title='bbox 1473 2483 1598 2570; x_wconf 86' lang='lat' dir='ltr'><strong>Vind.</strong></span> <span class='ocrx_word' id='word_1_250' title='bbox 1639 2524 1742 2572; x_wconf 82' lang='lat' dir='ltr'><strong>Par.</strong></span> <span class='ocrx_word' id='word_1_251' title='bbox 1780 2526 1880 2584; x_wconf 80' lang='lat' dir='ltr'><em>DK.</em></span> <span class='ocrx_word' id='word_1_252' title='bbox 1912 2527 2016 2568; x_wconf 83' lang='lat' dir='ltr'><strong>Vat.</strong></span> 
     </span>
    </p>
   </div>
   <div class='ocr_carea' id='block_1_10' title="bbox 327 2642 1131 2889">
    <p class='ocr_par' dir='ltr' id='par_1_13' title="bbox 327 2642 1131 2872">
     <span class='ocr_line' id='line_1_34' title="bbox 331 2642 1130 2698; baseline 0 -15"><span class='ocrx_word' id='word_1_253' title='bbox 331 2644 468 2696; x_wconf 83' lang='lat' dir='ltr'><strong>vitae,</strong></span> <span class='ocrx_word' id='word_1_254' title='bbox 517 2658 603 2698; x_wconf 86' lang='lat' dir='ltr'><strong>qua</strong></span> <span class='ocrx_word' id='word_1_255' title='bbox 653 2644 858 2686; x_wconf 83' lang='lat' dir='ltr'><strong>custodes</strong></span> <span class='ocrx_word' id='word_1_256' title='bbox 910 2642 1130 2692; x_wconf 85' lang='lat' dir='ltr'><strong>fruantur,</strong></span> 
     </span>
     <span class='ocr_line' id='line_1_35' title="bbox 329 2701 1129 2744; baseline -0.001 -2"><span class='ocrx_word' id='word_1_257' title='bbox 329 2704 551 2744; x_wconf 83' lang='lat' dir='ltr'><strong>civitatem</strong></span> <span class='ocrx_word' id='word_1_258' title='bbox 573 2703 685 2744; x_wconf 90' lang='lat' dir='ltr'>nihil</span> <span class='ocrx_word' id='word_1_259' title='bbox 704 2706 840 2743; x_wconf 84' lang='lat' dir='ltr'><strong>curat.</strong></span> <span class='ocrx_word' id='word_1_260' title='bbox 886 2701 1007 2742; x_wconf 83' lang='lat' dir='ltr'><strong>Haec</strong></span> <span class='ocrx_word' id='word_1_261' title='bbox 1022 2713 1129 2742; x_wconf 85' lang='lat' dir='ltr'><strong>vero</strong></span> 
     </span>
     <span class='ocr_line' id='line_1_36' title="bbox 327 2752 1131 2813; baseline -0.001 -13"><span class='ocrx_word' id='word_1_262' title='bbox 327 2762 366 2801; x_wconf 87' lang='lat' dir='ltr'><strong>si</strong></span> <span class='ocrx_word' id='word_1_263' title='bbox 392 2762 627 2812; x_wconf 84' lang='lat' dir='ltr'><strong>verborum</strong></span> <span class='ocrx_word' id='word_1_264' title='bbox 653 2761 874 2803; x_wconf 79' lang='lat' dir='ltr'><strong>sententia</strong></span> <span class='ocrx_word' id='word_1_265' title='bbox 893 2765 974 2813; x_wconf 78' lang='lat' dir='ltr'><strong>est,</strong></span> <span class='ocrx_word' id='word_1_266' title='bbox 998 2752 1131 2800; x_wconf 79' lang='lat' dir='ltr'><strong>faclle</strong></span> 
     </span>
     <span class='ocr_line' id='line_1_37' title="bbox 327 2809 1129 2889; baseline -0.003 -31"><span class='ocrx_word' id='word_1_267' title='bbox 327 2809 617 2889; x_wconf 82' lang='lat' dir='ltr'><strong>intelligitur,</strong></span> <span class='ocrx_word' id='word_1_268' title='bbox 677 2820 735 2862; x_wconf 86' lang='lat' dir='ltr'><em>ad</em></span> <span class='ocrx_word' id='word_1_269' title='bbox 794 2818 948 2861; x_wconf 86' lang='lat' dir='ltr'><strong>verba·</strong></span> <span class='ocrx_word' id='word_1_270' title='bbox 1009 2813 1033 2857; x_wconf 79' lang='grc' dir='ltr'>ὁ</span> <span class='ocrx_word' id='word_1_271' title='bbox 1085 2812 1129 2856; x_wconf 84' lang='grc' dir='ltr'><em>δ’</em></span> 
     </span>
    </p>
   </div>
   <div class='ocr_carea' id='block_1_11' title="bbox 1216 2639 2015 2870">
    <p class='ocr_par' dir='ltr' id='par_1_14' title="bbox 1216 2639 2015 2870">
     <span class='ocr_line' id='line_1_38' title="bbox 1217 2639 2014 2698; baseline 0.004 -16"><span class='ocrx_word' id='word_1_272' title='bbox 1217 2643 1412 2695; x_wconf 85' lang='lat' dir='ltr'><strong>suppleri</strong></span> <span class='ocrx_word' id='word_1_273' title='bbox 1426 2643 1675 2685; x_wconf 87' lang='lat' dir='ltr'><strong>iubentem·</strong></span> <span class='ocrx_word' id='word_1_274' title='bbox 1666 2675 1675 2687; x_wconf 86' lang='lat'><strong>.</strong></span> <span class='ocrx_word' id='word_1_275' title='bbox 1711 2641 1828 2698; x_wconf 81' lang='grc' dir='ltr'><em>ἡμεῖς</em></span> <span class='ocrx_word' id='word_1_276' title='bbox 1847 2639 1968 2695; x_wconf 73' lang='grc' dir='ltr'><em>μέν’</em></span> <span class='ocrx_word' id='word_1_277' title='bbox 1941 2659 2014 2698; x_wconf 86' lang='grc' dir='ltr'><em>ορ-</em></span> 
     </span>
     <span class='ocr_line' id='line_1_39' title="bbox 1216 2699 2015 2756; baseline 0.006 -17"><span class='ocrx_word' id='word_1_278' title='bbox 1216 2699 1316 2740; x_wconf 79' lang='grc' dir='ltr'><em>θιῦς</em></span> <span class='ocrx_word' id='word_1_279' title='bbox 1345 2702 1579 2752; x_wconf 86' lang='grc' dir='ltr'><em>ποιοῦμεν,</em></span> <span class='ocrx_word' id='word_1_280' title='bbox 1612 2703 1733 2754; x_wconf 88' lang='lat' dir='ltr'><strong>quod</strong></span> <span class='ocrx_word' id='word_1_281' title='bbox 1762 2715 1843 2744; x_wconf 87' lang='lat' dir='ltr'><strong>nec</strong></span> <span class='ocrx_word' id='word_1_282' title='bbox 1873 2716 2015 2756; x_wconf 81' lang='lat' dir='ltr'><strong>gram-</strong></span> 
     </span>
     <span class='ocr_line' id='line_1_40' title="bbox 1217 2759 2015 2812; baseline 0.004 -14"><span class='ocrx_word' id='word_1_283' title='bbox 1217 2759 1376 2799; x_wconf 85' lang='lat' dir='ltr'><strong>matice</strong></span> <span class='ocrx_word' id='word_1_284' title='bbox 1413 2760 1509 2800; x_wconf 89' lang='lat' dir='ltr'><strong>fieri</strong></span> <span class='ocrx_word' id='word_1_285' title='bbox 1549 2765 1710 2812; x_wconf 87' lang='lat' dir='ltr'><strong>potest.</strong></span> <span class='ocrx_word' id='word_1_286' title='bbox 1773 2760 1913 2801; x_wconf 90' lang='lat' dir='ltr'><strong>lmmo</strong></span> <span class='ocrx_word' id='word_1_287' title='bbox 1945 2773 2015 2801; x_wconf 85' lang='lat' dir='ltr'><em>ac-</em></span> 
     </span>
     <span class='ocr_line' id='line_1_41' title="bbox 1216 2809 2015 2870; baseline 0.004 -14"><span class='ocrx_word' id='word_1_288' title='bbox 1216 2818 1517 2858; x_wconf 81' lang='lat' dir='ltr'><strong>commodavit</strong></span> <span class='ocrx_word' id='word_1_289' title='bbox 1533 2818 1782 2870; x_wconf 73' lang='lat' dir='ltr'><strong>disputator</strong></span> <span class='ocrx_word' id='word_1_290' title='bbox 1794 2809 2015 2870; x_wconf 82' lang='lat' dir='ltr'><strong>apodosin</strong></span> 
     </span>
    </p>
   </div>
   <div class='ocr_carea' id='block_1_12' title="bbox 318 2870 1132 3508">
    <p class='ocr_par' dir='ltr' id='par_1_15' title="bbox 318 2870 1132 3504">
     <span class='ocr_line' id='line_1_42' title="bbox 327 2870 1127 2931; baseline -0.003 -15"><span class='ocrx_word' id='word_1_291' title='bbox 327 2875 466 2927; x_wconf 79' lang='grc' dir='ltr'><em>ἐκεῖνο</em></span> <span class='ocrx_word' id='word_1_292' title='bbox 504 2875 639 2931; x_wconf 76' lang='grc' dir='ltr'><em>λέγων</em></span> <span class='ocrx_word' id='word_1_293' title='bbox 671 2901 734 2927; x_wconf 39' lang='grc'><em>-,</em></span> <span class='ocrx_word' id='word_1_294' title='bbox 737 2870 1042 2925; x_wconf 17' lang='grc' dir='ltr'><em>ευδαιᾘμονας</em></span> <span class='ocrx_word' id='word_1_295' title='bbox 1075 2887 1127 2916; x_wconf 81' lang='lat' dir='ltr'><strong>ex</strong></span> 
     </span>
     <span class='ocr_line' id='line_1_43' title="bbox 326 2934 1128 2988; baseline -0.003 -13"><span class='ocrx_word' id='word_1_296' title='bbox 326 2937 619 2986; x_wconf 85' lang='lat' dir='ltr'><strong>praecedente</strong></span> <span class='ocrx_word' id='word_1_297' title='bbox 650 2935 862 2988; x_wconf 74' lang='grc' dir='ltr'><em>ποιοῦμεν</em></span> <span class='ocrx_word' id='word_1_298' title='bbox 881 2934 1128 2986; x_wconf 88' lang='lat' dir='ltr'><strong>intelligen-</strong></span> 
     </span>
     <span class='ocr_line' id='line_1_44' title="bbox 328 2992 1132 3051; baseline -0.001 -19"><span class='ocrx_word' id='word_1_299' title='bbox 328 2993 431 3033; x_wconf 89' lang='lat' dir='ltr'><strong>dum</strong></span> <span class='ocrx_word' id='word_1_300' title='bbox 491 2995 682 3051; x_wconf 86' lang='lat' dir='ltr'><strong>relinqui</strong></span> <span class='ocrx_word' id='word_1_301' title='bbox 744 2994 868 3041; x_wconf 82' lang='grc' dir='ltr'><em>ποιεῖ,</em></span> <span class='ocrx_word' id='word_1_302' title='bbox 915 2992 1132 3045; x_wconf 87' lang='lat' dir='ltr'><strong>apodosiu</strong></span> 
     </span>
     <span class='ocr_line' id='line_1_45' title="bbox 328 3049 1131 3103; baseline 0 -14"><span class='ocrx_word' id='word_1_303' title='bbox 328 3052 472 3091; x_wconf 84' lang='lat' dir='ltr'><strong>autem</strong></span> <span class='ocrx_word' id='word_1_304' title='bbox 503 3052 773 3093; x_wconf 78' lang='lat' dir='ltr'><strong>decurtatam</strong></span> <span class='ocrx_word' id='word_1_305' title='bbox 802 3063 911 3098; x_wconf 83' lang='lat' dir='ltr'><strong>esse,</strong></span> <span class='ocrx_word' id='word_1_306' title='bbox 933 3049 1131 3103; x_wconf 81' lang='lat' dir='ltr'><strong>quando-</strong></span> 
     </span>
     <span class='ocr_line' id='line_1_46' title="bbox 330 3108 1127 3170; baseline 0.001 -24"><span class='ocrx_word' id='word_1_307' title='bbox 330 3108 503 3159; x_wconf 91' lang='lat' dir='ltr'><strong>quidem</strong></span> <span class='ocrx_word' id='word_1_308' title='bbox 551 3123 601 3149; x_wconf 86' lang='lat' dir='ltr'><strong>ea</strong></span> <span class='ocrx_word' id='word_1_309' title='bbox 647 3110 840 3170; x_wconf 86' lang='lat' dir='ltr'><strong>protasis</strong></span> <span class='ocrx_word' id='word_1_310' title='bbox 890 3108 1127 3161; x_wconf 81' lang='lat' dir='ltr'><strong>posteriori</strong></span> 
     </span>
     <span class='ocr_line' id='line_1_47' title="bbox 326 3162 1125 3221; baseline 0.003 -18"><span class='ocrx_word' id='word_1_311' title='bbox 326 3170 496 3207; x_wconf 87' lang='lat' dir='ltr'><strong>tantum</strong></span> <span class='ocrx_word' id='word_1_312' title='bbox 529 3169 641 3218; x_wconf 82' lang='lat' dir='ltr'><strong>parti</strong></span> <span class='ocrx_word' id='word_1_313' title='bbox 673 3162 1005 3221; x_wconf 67' lang='grc' dir='ltr'><em>εἰοοοωωοᾴαῐε.</em></span> <span class='ocrx_word' id='word_1_314' title='bbox 1044 3170 1125 3221; x_wconf 83' lang='lat' dir='ltr'><strong>est,</strong></span> 
     </span>
     <span class='ocr_line' id='line_1_48' title="bbox 326 3225 1125 3284; baseline 0.003 -22"><span class='ocrx_word' id='word_1_315' title='bbox 326 3236 458 3281; x_wconf 75' lang='lat' dir='ltr'><strong>quum</strong></span> <span class='ocrx_word' id='word_1_316' title='bbox 489 3226 676 3264; x_wconf 85' lang='lat' dir='ltr'><strong>ceterum</strong></span> <span class='ocrx_word' id='word_1_317' title='bbox 715 3230 870 3279; x_wconf 79' lang='lat' dir='ltr'><strong>sponte</strong></span> <span class='ocrx_word' id='word_1_318' title='bbox 901 3225 1125 3284; x_wconf 81' lang='lat' dir='ltr'><strong>appareat,</strong></span> 
     </span>
     <span class='ocr_line' id='line_1_49' title="bbox 324 3271 1123 3333; baseline 0.003 -15"><span class='ocrx_word' id='word_1_319' title='bbox 324 3271 432 3332; x_wconf 71' lang='lat' dir='ltr'><strong>quid</strong></span> <span class='ocrx_word' id='word_1_320' title='bbox 492 3282 619 3333; x_wconf 87' lang='lat' dir='ltr'><strong>plene</strong></span> <span class='ocrx_word' id='word_1_321' title='bbox 662 3283 914 3323; x_wconf 80' lang='lat' dir='ltr'><strong>dicendum</strong></span> <span class='ocrx_word' id='word_1_322' title='bbox 975 3282 1123 3325; x_wconf 81' lang='lat' dir='ltr'><strong>fuerit</strong></span> 
     </span>
     <span class='ocr_line' id='line_1_50' title="bbox 322 3332 1123 3390; baseline 0.004 -13"><span class='ocrx_word' id='word_1_323' title='bbox 322 3337 479 3390; x_wconf 85' lang='lat' dir='ltr'><strong>Neque</strong></span> <span class='ocrx_word' id='word_1_324' title='bbox 539 3341 654 3379; x_wconf 88' lang='lat' dir='ltr'><strong>enim</strong></span> <span class='ocrx_word' id='word_1_325' title='bbox 715 3332 1123 3381; x_wconf 81' lang='lat' dir='ltr'><strong>Schneideru&#39;m</strong></span> 
     </span>
     <span class='ocr_line' id='line_1_51' title="bbox 318 3396 1123 3454; baseline 0.001 -18"><span class='ocrx_word' id='word_1_326' title='bbox 318 3396 586 3454; x_wconf 84' lang='lat' dir='ltr'><strong>audiendum</strong></span> <span class='ocrx_word' id='word_1_327' title='bbox 617 3411 866 3447; x_wconf 87' lang='lat' dir='ltr'><strong>censemus,</strong></span> <span class='ocrx_word' id='word_1_328' title='bbox 902 3399 958 3438; x_wconf 85' lang='lat' dir='ltr'><em>ad</em></span> <span class='ocrx_word' id='word_1_329' title='bbox 988 3397 1123 3438; x_wconf 84' lang='lat' dir='ltr'><strong>verba</strong></span> 
     </span>
     <span class='ocr_line' id='line_1_52' title="bbox 318 3448 1117 3508; baseline 0.003 -15"><span class='ocrx_word' id='word_1_330' title='bbox 318 3455 487 3504; x_wconf 80' lang='lat' dir='ltr'><strong>priora.</strong></span> <span class='ocrx_word' id='word_1_331' title='bbox 522 3453 563 3492; x_wconf 72' lang='grc' dir='ltr'><em>εἰ</em></span> <span class='ocrx_word' id='word_1_332' title='bbox 579 3454 654 3504; x_wconf 78' lang='grc' dir='ltr'><em>μὲι</em></span> <span class='ocrx_word' id='word_1_333' title='bbox 678 3448 758 3495; x_wconf 64' lang='grc' dir='ltr'><em>οἶν</em></span> <span class='ocrx_word' id='word_1_334' title='bbox 776 3457 920 3508; x_wconf 79' lang='grc' dir='ltr'><em>-τῆς</em></span> <span class='ocrx_word' id='word_1_335' title='bbox 941 3451 1117 3503; x_wconf 74' lang='grc' dir='ltr'><em>πόλεως,</em></span> 
     </span>
    </p>
   </div>
   <div class='ocr_carea' id='block_1_13' title="bbox 1205 2877 2016 3507">
    <p class='ocr_par' dir='ltr' id='par_1_16' title="bbox 1205 2877 2016 3450">
     <span class='ocr_line' id='line_1_53' title="bbox 1215 2877 2016 2928; baseline 0.002 -13"><span class='ocrx_word' id='word_1_336' title='bbox 1215 2877 1454 2927; x_wconf 86' lang='lat' dir='ltr'><strong>posteriori</strong></span> <span class='ocrx_word' id='word_1_337' title='bbox 1498 2877 1690 2928; x_wconf 83' lang='lat' dir='ltr'><strong>protasis</strong></span> <span class='ocrx_word' id='word_1_338' title='bbox 1738 2877 1878 2928; x_wconf 81' lang='lat' dir='ltr'><strong>parti,</strong></span> <span class='ocrx_word' id='word_1_339' title='bbox 1911 2877 2016 2928; x_wconf 85' lang='lat' dir='ltr'><strong>quia</strong></span> 
     </span>
     <span class='ocr_line' id='line_1_54' title="bbox 1213 2933 2013 2985; baseline 0.003 -13"><span class='ocrx_word' id='word_1_340' title='bbox 1213 2935 1394 2985; x_wconf 82' lang='lat' dir='ltr'><strong>gravius</strong></span> <span class='ocrx_word' id='word_1_341' title='bbox 1461 2934 1659 2975; x_wconf 83' lang='lat' dir='ltr'><strong>indicare</strong></span> <span class='ocrx_word' id='word_1_342' title='bbox 1706 2933 1848 2978; x_wconf 87' lang='lat' dir='ltr'><strong>voluit</strong></span> <span class='ocrx_word' id='word_1_343' title='bbox 1885 2934 2013 2975; x_wconf 80' lang='lat' dir='ltr'><strong>istam</strong></span> 
     </span>
     <span class='ocr_line' id='line_1_55' title="bbox 1219 2987 2012 3046; baseline 0.003 -16"><span class='ocrx_word' id='word_1_344' title='bbox 1219 2991 1401 3046; x_wconf 64' lang='lat' dir='ltr'><strong>quidem,</strong></span> <span class='ocrx_word' id='word_1_345' title='bbox 1433 2987 1687 3043; x_wconf 84' lang='lat' dir='ltr'><strong>opinionem</strong></span> <span class='ocrx_word' id='word_1_346' title='bbox 1726 2987 1836 3031; x_wconf 84' lang='lat' dir='ltr'><strong>nihil</strong></span> <span class='ocrx_word' id='word_1_347' title='bbox 1866 2993 1922 3032; x_wconf 84' lang='lat' dir='ltr'><em>ad</em></span> <span class='ocrx_word' id='word_1_348' title='bbox 1954 2993 2012 3032; x_wconf 85' lang='lat' dir='ltr'><strong>ci-</strong></span> 
     </span>
     <span class='ocr_line' id='line_1_56' title="bbox 1215 3046 2014 3103; baseline 0.004 -16"><span class='ocrx_word' id='word_1_349' title='bbox 1215 3046 1367 3088; x_wconf 75' lang='lat' dir='ltr'><strong>vitatis</strong></span> <span class='ocrx_word' id='word_1_350' title='bbox 1429 3048 1624 3103; x_wconf 78' lang='lat' dir='ltr'><strong>rationes</strong></span> <span class='ocrx_word' id='word_1_351' title='bbox 1680 3050 1923 3101; x_wconf 75' lang='lat' dir='ltr'><strong>pertinere,</strong></span> <span class='ocrx_word' id='word_1_352' title='bbox 1987 3062 2014 3090; x_wconf 83' lang='lat' dir='ltr'>a</span> 
     </span>
     <span class='ocr_line' id='line_1_57' title="bbox 1214 3103 2012 3157; baseline 0.004 -12"><span class='ocrx_word' id='word_1_353' title='bbox 1214 3103 1372 3157; x_wconf 79' lang='lat' dir='ltr'><strong>quibus</strong></span> <span class='ocrx_word' id='word_1_354' title='bbox 1418 3107 1476 3148; x_wconf 88' lang='lat' dir='ltr'><em>sit</em></span> <span class='ocrx_word' id='word_1_355' title='bbox 1504 3107 1790 3148; x_wconf 85' lang='lat' dir='ltr'><strong>alienissima.</strong></span> <span class='ocrx_word' id='word_1_356' title='bbox 1852 3106 2012 3156; x_wconf 81' lang='lat' dir='ltr'><strong>Quam-</strong></span> 
     </span>
     <span class='ocr_line' id='line_1_58' title="bbox 1213 3163 2012 3221; baseline 0.004 -19"><span class='ocrx_word' id='word_1_357' title='bbox 1213 3163 1369 3221; x_wconf 51' lang='lat' dir='ltr'><em>obrem¹</em></span> <span class='ocrx_word' id='word_1_358' title='bbox 1409 3165 1555 3208; x_wconf 88' lang='lat' dir='ltr'><strong>locum</strong></span> <span class='ocrx_word' id='word_1_359' title='bbox 1606 3166 1668 3205; x_wconf 90' lang='lat' dir='ltr'><strong>sic</strong></span> <span class='ocrx_word' id='word_1_360' title='bbox 1700 3166 1882 3206; x_wconf 79' lang='lat' dir='ltr'><strong>reddere</strong></span> <span class='ocrx_word' id='word_1_361' title='bbox 1911 3174 2012 3218; x_wconf 87' lang='lat' dir='ltr'><strong>pos—</strong></span> 
     </span>
     <span class='ocr_line' id='line_1_59' title="bbox 1211 3222 2011 3276; baseline 0.004 -16"><span class='ocrx_word' id='word_1_362' title='bbox 1211 3222 1297 3261; x_wconf 87' lang='lat' dir='ltr'><strong>sis:</strong></span> <span class='ocrx_word' id='word_1_363' title='bbox 1350 3223 1397 3262; x_wconf 82' lang='lat' dir='ltr'><strong>si</strong></span> <span class='ocrx_word' id='word_1_364' title='bbox 1448 3223 1651 3275; x_wconf 84' lang='lat' dir='ltr'><strong>igitur,</strong></span> <span class='ocrx_word' id='word_1_365' title='bbox 1679 3222 1858 3276; x_wconf 69' lang='lat' dir='ltr'><strong>&#39;quum</strong></span> <span class='ocrx_word' id='word_1_366' title='bbox 1911 3236 2011 3263; x_wconf 89' lang='lat' dir='ltr'><em>nos</em></span> 
     </span>
     <span class='ocr_line' id='line_1_60' title="bbox 1209 3281 2011 3322; baseline 0.002 -4"><span class='ocrx_word' id='word_1_367' title='bbox 1209 3281 1472 3321; x_wconf 81' lang='lat' dir='ltr'><strong>custodes</strong></span> <span class='ocrx_word' id='word_1_368' title='bbox 1512 3284 1616 3321; x_wconf 68' lang='lat' dir='ltr'><strong>&#39;rev</strong></span> <span class='ocrx_word' id='word_1_369' title='bbox 1634 3293 1725 3322; x_wconf 86' lang='lat' dir='ltr'><strong>era</strong></span> <span class='ocrx_word' id='word_1_370' title='bbox 1759 3282 2011 3322; x_wconf 50' lang='lat' dir='ltr'><strong>‘civitati</strong></span> 
     </span>
     <span class='ocr_line' id='line_1_61' title="bbox 1209 3338 2012 3405; baseline 0.002 -29"><span class='ocrx_word' id='word_1_371' title='bbox 1209 3338 1432 3378; x_wconf 87' lang='lat' dir='ltr'><strong>minime</strong></span> <span class='ocrx_word' id='word_1_372' title='bbox 1479 3340 1681 3380; x_wconf 83' lang='lat' dir='ltr'><strong>noxios</strong></span> <span class='ocrx_word' id='word_1_373' title='bbox 1729 3339 1873 3392; x_wconf 86' lang='lat' dir='ltr'><strong>(quod</strong></span> <span class='ocrx_word' id='word_1_374' title='bbox 1933 3352 2012 3405; x_wconf 79' lang='lat' dir='ltr'><strong>per</strong></span> 
     </span>
     <span class='ocr_line' id='line_1_62' title="bbox 1205 3397 2008 3450; baseline 0.003 -16"><span class='ocrx_word' id='word_1_375' title='bbox 1205 3397 1379 3444; x_wconf 83' lang='grc' dir='ltr'><em>μείωσιν</em></span> <span class='ocrx_word' id='word_1_376' title='bbox 1425 3398 1587 3438; x_wconf 88' lang='lat' dir='ltr'><strong>dictum</strong></span> <span class='ocrx_word' id='word_1_377' title='bbox 1635 3402 1701 3437; x_wconf 84' lang='lat' dir='ltr'><em>est</em></span> <span class='ocrx_word' id='word_1_378' title='bbox 1755 3403 1858 3450; x_wconf 81' lang='lat' dir='ltr'><strong>pro&#39;.</strong></span> <span class='ocrx_word' id='word_1_379' title='bbox 1905 3399 2008 3437; x_wconf 87' lang='lat' dir='ltr'><strong>rei-</strong></span> 
     </span>
    </p>

    <p class='ocr_par' dir='ltr' id='par_1_17' title="bbox 1206 3453 2009 3507">
     <span class='ocr_line' id='line_1_63' title="bbox 1206 3453 2009 3507; baseline 0.001 -15"><span class='ocrx_word' id='word_1_380' title='bbox 1206 3453 1462 3504; x_wconf 85' lang='lat' dir='ltr'><strong>publicae</strong></span> <span class='ocrx_word' id='word_1_381' title='bbox 1539 3467 1694 3507; x_wconf 82' lang='lat' dir='ltr'><strong>quam</strong></span> <span class='ocrx_word' id='word_1_382' title='bbox 1772 3456 2009 3496; x_wconf 75' lang='lat' dir='ltr'><strong>maxime</strong></span> 
     </span>
    </p>
   </div>
   <div class='ocr_carea' id='block_1_14' title="bbox 2081 3428 2084 3464">
    <p class='ocr_par' dir='ltr' id='par_1_18' title="bbox 2081 3428 2084 3464">
     <span class='ocr_line' id='line_1_64' title="bbox 2081 3428 2084 3464; baseline 0 0"><span class='ocrx_word' id='word_1_383' title='bbox 2081 3428 2084 3464; x_wconf 77' lang='grc' dir='ltr'>Ι</span> 
     </span>
    </p>
   </div>
  </div>
 </body>
</html>
