2098 3658
234 177 336 229 238
846 174 1315 229 PLATONIS

237 344 334 389 σης
379 327 541 389 λέγει,
587 323 677 374 καὶ
725 325 980 392 πειρᾶται
1039 322 1182 392 ἡμᾶς
1228 322 1256 379 ὅ
1306 345 1357 377 τι
1400 323 1642 394 μάλιστα
1686 326 1916 389 ποιῆσαι

229 406 304 475 μὴ
337 403 583 476 ’Όμηρον
628 408 807 460 δοκεῖν
839 405 980 461 εἶναι
1011 407 1109 462 τὸν
1142 411 1390 477 λέγοντα,
1437 405 1578 461 ἀλλὰ
1612 405 1712 461 τὸν
1755 412 1915 479 ἱερέα,

232 489 540 590 πρεσβύτην
587 486 744 543 ὄντα.
793 494 884 544 καὶ
931 487 1034 558 τὴν
1077 488 1253 559 ἄλλην
1299 490 1365 558 δὴ
1412 494 1604 546 πᾶσαν
1647 485 1836 561 σχεδόν
1870 513 1918 544 τι

230 573 373 630 οὕτω
429 595 724 640 πεποιηται
789 573 1041 643 διήγησιν
1100 583 1224 648 περί
1281 598 1335 631 τε
1386 579 1495 629 τῶν
1539 583 1597 630 ἐν
1634 575 1787 645 Τλιῳ
1826 598 1917 629 και

233 662 354 730 περὶ
403 662 537 713 τῶν
557 665 613 712 ἐν
663 657 868 735 Ἰθάκη
923 681 1013 714 και
1075 658 1175 736 ὅλῃ
1215 659 1495 730 Ὀδυσσείᾳ
1539 661 1920 731 παθημάτων.

233 743 404 799 Πανυ
449 746 550 813 μὲν
596 763 726 806 ουν,
789 750 906 817 ἔφη.
961 742 1178 799 Οὐκοῦν
1227 743 1474 812 διήγησις
1516 751 1613 814 μὲν
1674 751 1783 799 ἐστι
1828 766 1920 798 και

231 827 372 884 ὅταν
434 825 533 891 τὰς
576 825 758 902 ῥησεις
803 826 1062 883 ἑκάστοτε
1102 833 1194 897 λε)
1200 852 1230 906 η
1276 852 1367 884 και
1412 827 1552 884 ὅταν
1599 826 1670 883 τὰ
1714 827 1918 899 μεταξύ

232 915 343 967 τῶν
386 909 630 984 ῥήσεωνς
689 914 825 975 Πῶς
867 911 974 984 γὰρ
1021 907 1116 975 οὕς
1157 912 1446 969 Ἀλλ’ὅταν
1497 918 1554 981 γε’
1612 935 1736 968 τινα
1797 917 1920 988 λέγῃ

235 997 397 1071 ῥῆσιν
441 995 516 1061 ὥς
563 1018 644 1059 τις
679 993 846 1061 ἄλλος
891 994 998 1062 ὤν,
1051 989 1134 1067 ἆρ’
1183 998 1249 1053 οὐ
1298 997 1424 1053 τότε
1468 997 1701 1067 ὁμοιοῦν
1747 995 1923 1052 αὐτὸν

234 1081 485 1155 φήσομεν
542 1079 571 1136 ὅ
625 1102 676 1134 τι
722 1079 965 1151 μάλιστα
1014 1079 1116 1149 τὴν
1159 1081 1336 1138 αὑτοῦ
1382 1083 1522 1148 λέξιν
1578 1082 1815 1152 ἑκάστῳ,
1857 1078 1922 1135 ὃν

231 1163 302 1221 ἀν
340 1170 586 1242 προείπῃ
633 1163 706 1229 ὡς
746 1169 1014 1235 ἐροῦντας
1076 1164 1368 1238 Φήσομεν·
1413 1172 1465 1221 τί
1506 1168 1644 1237 2024),-
1709 1165 1925 1221 Οὐκοῦν

232 1250 303 1307 τό
355 1273 412 1320 1ο
470 1248 703 1320 ὁμοιοῦν
762 1249 966 1306 ἑαυτὸν
1009 1247 1160 1305 ἄλλω
1206 1250 1239 1317 ἢ
1286 1248 1428 1306 κατὰ
1474 1248 1669 1325 φωνὴν
1713 1247 1746 1317 ἢ
1779 1248 1921 1304 κατὰ

232 1338 414 1407 σχῆμα
461 1338 762 1405 μιμεῖσθαί
800 1343 945 1390 ἐστιν
989 1342 1212 1398 ἐκεῖνον,
1261 1329 1303 1405 ᾧ
1348 1334 1421 1390 ἄν
1467 1357 1549 1398 τις
1592 1334 1807 1406 ὁμοιοῖ,·
1860 1338 1926 1388 Τι’

229 1419 373 1491 μήν,·
412 1418 503 1473 Ἐν
549 1416 612 1484 δη
658 1421 733 1488 τῷ
784 1419 1036 1487 τοιούτῳ,
1083 1417 1156 1483 ὡς
1201 1423 1388 1484 ἔοικεν,
1434 1412 1597 1483 οὗτός
1644 1441 1701 1474 τε
1746 1422 1836 1472 καὶ
1874 1423 1926 1473 οἱ

228 1502 391 1559 ἄλλοι
435 1506 665 1602 ποιητατὶ
713 1501 804 1557 διὰ
848 1502 1124 1574 μιμήσεως
1169 1502 1272 1569 τὴν
1318 1501 1568 1571 διήγησιν
1611 1506 1927 1560 ποιοῦνται.

231 1586 403 1643 Πάνυ
445 1591 547 1657 μὲν
594 1579 715 1642 οὖν.
807 1591 873 1643 El
920 1591 975 1642 δέ
1017 1610 1075 1656 7⁸
1118 1591 1382 1659 μηδαμοῦ
1429 1587 1632 1643 ἑαυτὸν
1676 1586 1926 1660 αποκρύ-

230 1694 427 1728 πτοιτο
473 1670 502 1727 ὁ
550 1669 817 1740 ποιητής,
878 1675 1033 1727 πᾶσα
1078 1670 1152 1727 ἂν
1195 1672 1349 1742 αὐτῷ
1396 1694 1531 1729 ανευ
1574 1692 1851 1745 μιμησεως
1893 1670 1926 1739 ἡ

233 1762 450 1858 ποίησις
510 1778 567 1811 τε
615 1760 707 1811 καὶ
754 1755 1001 1824 διήγησις
1045 1769 1304 1826 1εγονυῖα
1351 1758 1452 1824 εἴη.
1498 1763 1591 1812 ἵνα
1638 1760 1694 1812 δὲ
1737 1755 1814 1828 μὴ
1858 1759 1929 1813 et'-

232 1865 354 1920 πῃς,
405 1839 494 1897 ὅτι
538 1840 641 1897 οὐκ
687 1834 760 1896 αὖ
805 1841 1143 1912 μανθανεις,
1193 1839 1344 1906 ὅπως
1388 1838 1462 1896 ἂν
1492 1845 1658 1897 τοῦτο
1691 1850 1926 1940 γεένοιτο,

231 1926 330 1997 ἐγώ
379 1923 595 2003 φράσω.
642 1932 688 1982 εἰ
731 1949 839 1997 γαρ
860 1924 1106 1999 ’Όμηρος
1147 1924 1327 1991 εἰπών,
1375 1925 1462 1981 ὅτι
1489 1918 1671 1994 ἦλθεν
1711 1923 1740 1981 ὁ
1754 1926 1930 1997 Χρύ-

347 2090 454 2144 Cap.
494 2090 566 2133 VI.
629 2088 676 2130 P.
709 2090 810 2134 393.
844 2090 892 2132 C.
932 2089 1198 2143 Φήσομεν·
1229 2093 1283 2131 τί
1312 2089 1411 2146 γὰρ
1439 2090 1554 2144 ov”;]
1587 2091 1635 2131 V.
1666 2093 1712 2131 τί
1737 2089 1818 2146 γὰρ
1853 2089 1931 2141 οὕς

231 2148 350 2202 quod
388 2149 459 2190 vix
499 2161 607 2188 unus
649 2150 814 2190 alterve
854 2161 907 2190 ex
951 2148 1172 2190 codicibus
1212 2154 1382 2198 tuetur,
1429 2153 1474 2190 et
1513 2148 1741 2190 manifesto
1784 2161 1932 2190 errore

231 2211 376 2248 ortum
417 2210 498 2247 est.
558 2205 766 2247 Nimirum
818 2219 903 2247 non
943 2208 1246 2248 intellexerunt
1293 2207 1338 2247 -ec
1379 2205 1488 2261 γᾰρς
1539 2206 1653 2247 idem
1694 2206 1932 2260 significare

231 2263 349 2318 quod
381 2264 429 2304 τί
457 2262 542 2318 γὰρ
572 2262 701 2319 αλλο;
732 2278 772 2307 ν.
804 2264 1035 2306 Heindorf.
1069 2265 1122 2305 ad
1156 2263 1352 2318 Sophist.
1387 2280 1427 2319 p.
1459 2264 1558 2308 232.

349 2319 372 2374 ἤ
404 2322 624 2372 ποίησίς
654 2337 710 2362 τε
741 2321 829 2361 καὶ
862 2321 1144 2377 διήγησις]
1182 2323 1230 2366 V.
1250 2325 1438 2376 repetito
1471 2323 1654 2364 articulo
1676 2321 1745 2360 καὶ
1768 2318 1790 2373 ἡ
1817 2317 1930 2375 διῆγ.

231 2385 384 2422 contra
424 2377 552 2420 fidem
593 2379 803 2422 librorum
834 2380 937 2425 Par.
976 2381 1128 2422 ΑΒΚ.
1171 2382 1273 2422 Vat.
1308 2378 1356 2422 Θ.
1416 2381 1519 2422 Ven.
1563 2381 1622 2421 II.
1670 2379 1788 2422 Mon.
1824 2383 1931 2433 Ang.

234 2437 329 2482 Vat.
357 2449 392 2481 r.
424 2436 540 2478 Flor.
572 2451 613 2480 x.
686 2468 696 2479 .

349 2492 399 2539 Ε.
432 2435 960 2550 αὕτοὺςβσωθῆναι]
993 2497 1135 2538 Paris.
1169 2498 1225 2541 A.
1259 2496 1365 2537 vat.
1399 2508 1456 2541 m.
1489 2495 1607 2538 Flor.
1639 2494 1690 2550 γ’.
1724 2495 1771 2536 δέ
1801 2495 1932 2548 vuigo

1128 2609 1190 2652 dit
1223 2611 1524 2656 Aristotel.
1558 2611 1742 2654 Poeta).
1779 2610 1834 2660 I.‚
1863 2609 1933 2663 qui

1127 2668 1268 2710 omnia
1309 2682 1499 2723 poeseos
1529 2680 1687 2723 genera
1728 2668 1770 2710 id
1812 2680 1933 2709 com-

1127 2739 1259 2770 mune
1290 2725 1450 2769 habere
1482 2726 1605 2779 dicit,
1637 2727 1753 2779 quod
1779 2727 1819 2766 in
1840 2724 1933 2765 imi—

230 2624 333 2664 que
373 2609 532 2664 quasi
573 2622 867 2665 personam
917 2623 1041 2665 age—

230 2668 1044 2722 re,mimischdarstellen.1pse

231 2727 342 2768 enim
386 2728 427 2768 in
472 2727 683 2780 proximis
724 2727 934 2798 explicat:
986 2724 1038 2767 τὸ

230 2783 415 2837 ομοιοῦν
444 2783 603 2824 ἑαυτὸν
633 2783 747 2838 ἄλλῳ
777 2802 799 2837 η
824 2785 930 2826 κατά
954 2799 1043 2838 φω-

230 2841 308 2894 νὴν
352 2840 380 2895 ἢ
433 2840 541 2883 κατὰ
606 2858 751 2895 σχημα
807 2844 1050 2897 μιμεῖσθαι

229 2901 347 2940 ἐστιν
387 2902 570 2951 ἐκεῖνον,
610 2905 641 2940 ὠ
660 2902 729 2999 Οὸν
771 2906 838 2946 τῖς
869 2899 1041 2955 ὁμσιοῖι

231 2958 385 3011 ltaque
430 2971 471 3011 p
514 2943 627 3002 394.
660 2958 711 2999 C.
768 2959 1040 3029 tragoediam

234 3020 278 3056 et
319 3015 590 3057 comoediam
643 3015 752 3058 dicit
789 3014 894 3070 δ’λην
935 3010 1043 3057 εἶναι

233 3071 304 3113 διὰ
346 3072 594 3141 ,μιμήσεως
661 3076 830 3127 epicam
895 3079 1041 3114 antem

233 3132 385 3184 poesin
419 3144 470 3171 ex
503 3132 740 3173 imitatione
772 3139 908 3185 atque
936 3132 1040 3172 sim-

232 3188 330 3241 plici
367 3189 611 3229 narratione
643 3191 820 3231 mixtam
847 3203 945 3231 esse
970 3202 1039 3230 ar-

233 3246 428 3286 bitratur.
484 3246 715 3297 Aliquanto
748 3248 946 3288 latiorem
981 3247 1039 3287 si-

233 3303 548 3357 gnificationem
617 3303 832 3345 vocabulo
892 3305 1044 3346 tribuit

232 3361 330 3403 iibr.
371 3362 426 3403 X.
471 3373 511 3413 p.
551 3358 651 3403 597.
696 3361 730 3401 E
779 3375 871 3415 sqq.
915 3361 1043 3404 Conf.

233 3420 362 3461 etiam
402 3416 596 3470 Sophist.
649 3431 692 3472 p.
745 3419 843 3464 235.
893 3420 946 3463 E.
988 3444 1044 3449 —

229 3475 391 3521 236.C.
411 3490 453 3531 p.
466 3474 566 3520 265.
583 3479 632 3521 A.
649 3479 680 3517 Α
699 3474 881 3519 Platone
902 3478 1042 3519 disce-

1127 2785 1293 2826 tatione
1324 2789 1575 2826 versentur-2
1621 2785 1823 2824 ἐποποιία
1862 2779 1932 2833 δή,

1126 2843 1280 2895 inquit,
1312 2840 1427 2894 καὶὴ
1452 2845 1530 2895 τῆς
1550 2841 1789 2896 τραγῳδίας
1809 2841 1934 2891 ποίην

1128 2917 1206 2949 σις,
1238 2902 1303 2941 ἔτι
1332 2901 1376 2940 δὲ
1408 2897 1432 2950 ἦ
1464 2899 1666 2952 κωμῳδία
1706 2899 1779 2938 καὶ
1810 2896 1832 2950 ἦ
1870 2897 1932 2937 δι·

1130 2955 1543 3013 θυραμβοποιητικῆ
1592 2955 1663 2995 καὶ
1692 2955 1769 3008 τῆς
1800 2973 1825 2994 α
1832 2954 1932 3004 ὕλη-

1126 3020 1250 3068 τικῆς
1291 3014 1315 3067 ἡ
1349 3015 1530 3066 πλείστη
1570 3015 1643 3054 καὶ
1683 3017 1932 3080 κιθαριστι-

1125 3078 1223 3125 κῆι,
1283 3076 1417 3113 πᾶσαι
1465 3069 1752 3122 τιγχοῖιονσιν
1804 3062 1936 3111 οὖσαι

1124 3127 1327 3185 μιμήσεις
1373 3145 1422 3169 το
1474 3127 1668 3169 σόννολο.
1720 3142 1758 3169 ν.
1803 3127 1934 3168 Her-

1127 3200 1301 3232 mann.
1335 3186 1388 3227 ad
1419 3187 1604 3226 Aristot.
1636 3185 1764 3227 Poet.
1796 3199 1836 3238 p.
1862 3183 1933 3229 84.

1181 3246 1238 3286 D.
1279 3242 1431 3284 οἶσθ’
1468 3240 1558 3283 δ’τι
1592 3242 1688 3282 οὐκ
1717 3241 1932 3296 ἂνμιμ]

1128 3303 1378 3345 Formulam
1417 3298 1545 3342 οἷσθ’
1599 3298 1671 3341 ὅτι
1713 3301 1934 3355 attigimus

1126 3361 1183 3403 ad
1214 3361 1351 3413 Gorg.
1403 3373 1443 3412 p.
1475 3358 1577 3402 486.
1618 3358 1672 3399 Β.
1735 3358 1934 3400 Proxima

1130 3418 1291 3461 Aetio
1323 3415 1464 3458 iudice
1496 3416 1686 3458 imitatus
1720 3420 1786 3457 est
1811 3416 1933 3469 Tyr.

1129 3477 1262 3519 Max.
1303 3474 1406 3518 diss.
1446 3475 1525 3525 Vl,
1556 3474 1596 3517 1.
1635 3472 1687 3514 T.
1720 3474 1754 3515 I.
1787 3486 1829 3525 p.
1863 3472 1932 3516 84.
