2098 3658
256 147 324 198 60
855 141 1333 201 PLATONIS

254 287 326 345 ἂν
375 287 765 360 θαυμάσαιμι,
813 282 883 357 ἦν
927 288 975 344 δ’
1028 288 1158 359 ἐγώ,
1188 289 1251 345 Υεὶὲ
1294 311 1390 360 μοι
1434 293 1761 364 σκεψαμένῳ
1808 285 1954 344 οὕτω

255 373 444 440 δόξειε.
537 376 602 426 Τί
647 365 765 437 οὖν,
805 377 926 450 ἔφη,
971 369 1044 428 ἂν
1088 370 1188 442 ἐγώ
1237 373 1386 439 δείξω
1425 378 1615 442 ἑτέραν
1659 370 1957 444 ἀπόκρισιν

256 456 408 528 παρὰ
465 454 647 521 πάσας
680 456 893 522 ταύτας
922 460 1044 527 περὶ
1077 458 1445 525 δικαιοσύνης,
1488 460 1682 528 βελτίω
1709 455 1958 521 τούτων;

257 548 323 596 τί-
363 541 540 606 ἀξιοῖς
597 546 840 612 παθεῖνς
936 541 1010 596 Τί
1064 540 1229 607 ἄλλο,
1289 534 1359 609 ἦν
1414 539 1462 596 δ’
1528 539 1661 611 ἐγώ,
1730 537 1762 606 ἢ
1822 538 1957 611 ὅπερ

258 623 515 696 προςήκει
563 625 791 697 πάσχειν
839 628 913 695 τῷ
957 623 1036 697 μὴ
1081 625 1279 694 εἰδότις
1325 623 1583 696 προςήκει
1629 628 1686 681 δέ
1707 646 1824 686 ,που
1853 647 1961 695 μα-

258 713 391 764 θεῖν
436 705 589 777 παρὰ
639 714 738 766 τοῦ
785 708 1014 774 εἰδότως.
1056 714 1148 765 καὶ
1193 707 1292 778 ἐγώ
1342 702 1443 765 οὖν
1478 713 1645 765 τοῦτο
1672 708 1806 774 ἀξιῶ
1853 730 1961 762 πα-

259 798 412 851 θεῖν.
490 791 665 859 (Ηόὺς
707 792 816 866 γὰρ
863 794 924 858 εἶ,
967 799 1092 869 ἔφη.
1135 793 1282 851 ἀλλὰ
1328 792 1469 866 πρὸς
1513 797 1591 865 τῷ
1620 797 1841 867 Υμαθεῖν
1869 796 1961 848 καὶ

257 877 534 934 ἀπότισον
587 878 877 949 ἀργύριον.
981 878 1202 935 Οὐκοῦν
1265 878 1488 935 ἐπειδάν
1560 900 1657 949 μοι
1723 883 1962 946 γένηται,

260 960 437 1019 εἶπον.
518 963 668 1018 Ἀλλ’
728 971 891 1029 ἔστιν,
933 967 1040 1038 ἔφη
1084 961 1114 1018 ὁ
1150 961 1435 1020 Γλαύκων.
1480 961 1606 1018 ἀλλ’
1658 968 1816 1018 ἕνεκα
1862 960 1963 1029 ἀρ·

261 1107 380 1179 certe
419 1131 548 1171 etiam
593 1128 854 1169 necessitate
896 1139 1104 1180 cogemur
1146 1128 1262 1173 l„ibr
1295 1127 1352 1171 X.
1381 1141 1425 1196 p.
1459 1128 1560 1172 590.
1594 1128 1645 1171 D
1689 1124 1893 1169 αισθάνει
1922 1132 1967 1166 et

260 1186 372 1229 Ibid.
407 1186 458 1228 E.
492 1187 599 1241 ἔρχει
633 1197 870 1238 reponere,
911 1186 981 1237 qui
1013 1185 1099 1226 duo
1141 1186 1223 1225 loci
1259 1187 1350 1227 tere
1380 1186 1422 1227 in
1456 1185 1617 1227 Politia
1657 1186 1811 1237 reliqui
1852 1188 1966 1228 sunt

262 1246 335 1286 nbi
387 1244 516 1289 codd
565 1256 717 1286 omnes
758 1243 799 1284 in
831 1245 943 1295 vulg.
985 1239 1181 1294 αι’σθάιῃ
1223 1248 1267 1283 et
1308 1243 1407 1296 ἔρχῃ
1448 1244 1700 1296 conspirare
1753 1242 1965 1284 videntur.

263 1303 465 1344 Postulat
495 1303 607 1344 enim
642 1300 683 1341 id
716 1301 815 1353 ipsa
851 1302 991 1349 ratio,
1029 1310 1140 1354 quae
1171 1301 1408 1350 coniicere,
1449 1301 1536 1341 imo
1569 1313 1672 1342 vero
1703 1299 1967 1342 concludere

262 1373 343 1402 nos
384 1361 528 1411 iubet,
567 1360 795 1400 Platonem
839 1370 920 1398 non
963 1358 1099 1399 fuisse
1138 1357 1312 1400 duobus
1369 1358 1473 1399 locis
1516 1359 1807 1410 reiecturum,
1848 1356 1966 1410 quod

264 1417 363 1460 alibi
395 1420 884 1468 constantersequutns
915 1420 1059 1467 esset,
1106 1416 1360 1467 praesertim
1405 1428 1537 1469 quum
1573 1416 1786 1470 suspicari
1819 1416 1969 1466 liceat,

264 1477 536 1528 paucissimis
579 1475 696 1516 hisce
739 1474 844 1514 locis
886 1474 990 1515 item
1024 1474 1284 1526 scripturam
1325 1476 1544 1525 vulgatam
1578 1486 1660 1515 non
1693 1475 1732 1515 in
1773 1474 1970 1516 omnibns

264 1534 392 1575 codd.
428 1547 531 1574 mss.
567 1531 728 1583 liquido
761 1536 965 1572 testatam
1001 1531 1161 1572 haberi.
1224 1536 1367 1584 Atque
1407 1531 1521 1573 idem
1565 1534 1720 1585 plane,
1762 1530 1881 1584 quod
1914 1531 1969 1573 de

265 1592 424 1633 Politia
467 1591 732 1639 statuimus,
773 1589 902 1630 etiam
946 1588 1000 1629 de
1041 1590 1136 1629 aliis
1175 1590 1349 1643 scriptis
1392 1587 1632 1644 philosophi
1673 1590 1972 1643 imprimisque

265 1650 320 1691 de
352 1650 623 1702 amplissimo
659 1648 822 1696 Legum
860 1660 994 1699 opere
1025 1646 1242 1688 affirmare
1282 1648 1393 1689 licet.
1456 1646 1565 1689 Nam
1604 1647 1662 1688 ibi
1693 1660 1866 1700 quoque
1895 1660 1970 1688 co·

269 1707 354 1748 dex
388 1707 611 1749 Parisinus
643 1707 700 1748 A.
743 1707 860 1746 iuxta
899 1717 995 1746 cum
1028 1705 1122 1746 aliis
1157 1705 1262 1746 satis
1294 1710 1546 1747 constanter
1576 1706 1644 1746 vix
1679 1706 1822 1746 tribus·
1846 1711 1974 1758 quat-

270 1854 397 1889 antea
450 1847 615 1890 dixerat
745 1846 951 1891 336.1)·
1008 1846 1076 1887 καὶ

274 1901 395 1947 ὅπως
425 1919 496 1956 μοι
527 1904 583 1959 μὴ
625 1904 753 1959 ἐρεῖς,
799 1902 861 1946 ὅτι
895 1903 942 1946 τὸ
977 1898 1079 1946 Mon

274 1962 389 2005 ἐστιν
419 1979 454 2008 n
490 1980 522 2005 τ.
554 1965 588 2004 λ.
658 1963 764 2005 Nam
804 1965 986 2005 voculae
1020 1959 1079 2005 ὥς

275 2020 328 2077 δή
358 2023 522 2064 ironice
555 2023 769 2075 dicuntur,
801 2034 839 2066 v.
865 2021 918 2062 ad
939 2021 1078 2075 Gorg.

275 2091 317 2134 p.
336 2078 434 2124 468.
454 2082 508 2123 E.
567 2081 728 2131 Itaque
751 2075 967 2120 'Socrates
1007 2093 1077 2121 re-

275 2138 482 2194 spondet:
507 2134 648 2180 Οὐδέν
670 2150 716 2191 γε
743 2134 897 2178 κωλύει
915 2151 951 2177 κ.
979 2150 1011 2177 τ.
1032 2138 1078 2186 t,

275 2197 315 2241 h.
357 2209 394 2238 e.
463 2195 615 2238 Nihil
665 2195 921 2249 impedit,
961 2194 1076 2247 quod

275 2260 325 2297 tu
356 2266 489 2308 negas
528 2268 598 2296 me
639 2258 759 2294 recte
799 2252 901 2293 illud
935 2266 1083 2294 exem-

1165 1848 1596 1903 responsionem
1631 1846 1696 1888 de
1729 1847 1971 1899 iustitis,

1165 1918 1307 1959 quiae
1339 1906 1403 1946 ab
1435 1905 1687 1947 omnibus
1727 1905 1865 1946 istis
1899 1904 1974 1946 di-

1167 1977 1333 2006 versa
1367 1964 1438 2004 sit
1470 1968 1522 2006 et
1553 1961 1805 2005 recedat.
1857 1963 1972 2005 Con-

1167 2023 1448 2064 structionem
1494 2020 1704 2062 illustravi
1737 2020 1789 2062 ad
1825 2019 1974 2062 Phae-

1168 2082 1269 2122 don.
1311 2094 1355 2133 p.
1392 2078 1461 2123 74.
1506 2081 1553 2120 A.
1588 2078 1767 2124 et107.
1811 2080 1862 2120 A.
1914 2077 1978 2121 Τι’

1169 2133 1350 2192 ἀξιοῖς
1390 2137 1622 2185 παθεῖν,·
1664 2149 1818 2188 quam
1854 2149 1975 2190 poe-

1169 2209 1282 2239 nam
1327 2195 1734 2238 commeruisse
1772 2200 1824 2236 te
1855 2208 1976 2238 con,-

1168 2253 1389 2296 siteris'?
1435 2253 1640 2294 Formula
1673 2251 1889 2294 iudicialis
1913 2253 1975 2294 in-

277 2315 393 2368 plum
432 2311 706 2353 adhibuisse:
759 2310 887 2352 milii
934 2317 1083 2352 certe

277 2371 459 2414 simile
493 2368 634 2411 illud
668 2368 904 2419 videtur,
938 2369 1084 2412 ideo-

274 2441 376 2481 que
408 2427 772 2481 respondebo
813 2425 956 2480 quod
998 2427 1085 2469 mi-

275 2486 324 2529 hi
356 2486 662 2540 placuerit,
711 2483 838 2525 nihil
873 2496 1087 2536 curans,

277 2544 406 2598 quid
457 2549 512 2585 tu
551 2557 576 2583 a
618 2555 698 2585 me
748 2541 1084 2596 responderi

277 2603 423 2644 velis
473 2608 563 2643 aut
617 2601 776 2643 nolis.
845 2600 935 2641 Sed
979 2600 1086 2642 lianc

280 2660 539 2703 sententiam
585 2672 662 2712 pro
720 2659 963 2700 urbanitate
1011 2671 1087 2698 sua

282 2719 497 2772 expressit
516 2719 659 2771 paullo
679 2715 942 2758 modestius:
977 2716 1011 2758 E
1026 2716 1087 2758 ti—

281 2777 414 2819 amsi
451 2773 795 2817 ·similitudo
841 2774 964 2826 illa,
1015 2774 1088 2816 in-

281 2835 422 2886 quit,
469 2846 573 2874 non
626 2833 698 2873 sit
747 2831 830 2873 rei
880 2845 1087 2874 accom-

282 2891 529 2940 modata,
565 2901 768 2942 tamen,
814 2890 855 2931 si
890 2890 961 2940 ei,
1003 2889 1088 2943 qui

282 2951 683 3003 interrogatus
716 2952 823 2999 est,
858 2961 988 2990 vera
1018 2949 1090 2988 vi-

285 3007 503 3055 deatur,
580 3006 631 3047 id
715 3005 1091 3058 respondebit

284 3065 423 3117 quod
495 3065 599 3116 ipsi
659 3061 907 3116 videtur,
975 3065 1089 3106 sive

285 3134 384 3164 nos
415 3126 686 3168 vetemus,
718 3122 835 3162 sive
868 3134 971 3163 non
1004 3134 1091 3163 ve-

285 3185 476 3220 temus.
537 3178 806 3219 Sententiam
848 3180 933 3221 loci
966 3179 1089 3222 mini-

285 3250 358 3279 me
387 3237 629 3278 abstrusam
649 3236 906 3289 interpretes
937 3249 1090 3290 parum

287 3294 510 3348 assequuti
543 3298 661 3334 sunt.

347 3352 400 3395 1).
448 3350 642 3404 ἑτέραν
672 3345 974 3403 ἀπόκρισιν
1003 3364 1092 3392 πα·

291 3425 356 3471 pa
405 3407 578 3452 πάσας
624 3407 691 3461 ιη]
746 3407 802 3450 Η.
845 3422 884 3451 e.
933 3410 1095 3452 aliam

1169 2318 1292 2364 tegra
1325 2316 1440 2353 erat=
1484 2313 1526 2351 τί
1552 2306 1677 2362 ἄξιός
1706 2309 1787 2361 εἰμι
1818 2311 1977 2351 παθεῖν

1171 2367 1195 2425 ἢ
1228 2366 1453 2420 ἅποτῖσαι,·
1485 2381 1668 2421 quorum
1703 2370 1886 2411 alterum
1920 2369 1973 2411 ad

1171 2441 1406 2484 poenam
1458 2426 1728 2480 corporis,
1792 2427 1974 2470 alterum

1172 2486 1225 2528 ad
1258 2487 1476 2528 multam
1519 2484 1810 2533 referebatur‚·
1851 2497 1890 2530 v.
1921 2485 1976 2528 ad

1173 2546 1358 2598 Apolog.
1398 2543 1570 2584 Socrat.
1611 2555 1653 2595 p.
1689 2541 1761 2586 36.
1792 2542 1848 2584 Β.
1910 2542 1978 2586 Ex

1173 2616 1254 2656 qua
1288 2615 1334 2643 re
1376 2601 1579 2654 cognosci
1621 2605 1768 2653 potest
1799 2601 1978 2655 insignis

1173 2659 1384 2713 elegantia
1445 2671 1574 2710 quum
1633 2658 1818 2699 universi
1878 2660 1978 2707 loci,

1173 2724 1264 2760 tum
1297 2717 1527 2758 verborum
1557 2715 1874 2768 proximorum.
1908 2712 1978 2758 ἆλ-

1173 2773 1224 2817 λὰ
1249 2773 1361 2828 πρὸς
1392 2775 1451 2830 τῷ
1478 2773 1638 2824 μαθεῖν
1669 2773 1738 2813 καὶ
1766 2769 1981 2816 α’πότισον

1176 2830 1401 2888 ἀργύριον,
1431 2833 1585 2884 quibus
1616 2831 1796 2872 avaritia
1831 2833 1980 2886 sophi-

1176 2898 1270 2934 stae
1305 2891 1471 2933 festive
1511 2893 1698 2930 notatur.
1744 2890 1978 2944 Stepha-

1175 2962 1302 3000 nus,
1343 2948 1414 3001 qui
1453 2945 1567 2999 πρὸς
1603 2944 1650 2986 τὸ
1680 2947 1839 2997 μαθεῖν
1870 2951 1979 2990 scri-

1175 3005 1359 3050 bendum
1402 3005 1716 3057 arbitrabatur,
1767 3005 1884 3056 quod
1924 3008 1980 3048 si·

1174 3065 1398 3118 gnificaret
1429 3061 1554 3103 ἕνεκα
1585 3061 1666 3102 τοῦ
1694 3063 1865 3113 μαθεῖν,
1900 3078 1981 3106 nec

1175 3134 1300 3164 usum
1339 3119 1544 3172 loquendi
1586 3121 1744 3173 tenuit,
1796 3135 1876 3163 nec
1910 3129 1981 3166 to·

1176 3181 1262 3221 tius
1330 3179 1414 3220 loci
1472 3179 1698 3232 perspexit
1747 3181 1979 3226 rationem.

1178 3238 1419 3289 Postquam
1475 3234 1588 3277 enim
1648 3235 1859 3279 Socrates
1912 3251 1982 3281 re·

1178 3294 1355 3348 spondit
1393 3307 1442 3335 se
1475 3291 1517 3335 id
1553 3297 1896 3347 commeruisse,
1933 3302 1986 3337 ut

1178 3351 1358 3397 meliora
1389 3351 1624 3402 docentum
1667 3353 1861 3407 sophista
1902 3366 1983 3407 pro

1177 3409 1450 3464 impudentia
1493 3421 1592 3464 sua,
1635 3416 1692 3452 at
1731 3423 1882 3459 vero,
1917 3410 1981 3454 in-
