2124 3744
140 540 246 600 fios

282 150 385 203 408
890 151 1366 206 PLATONIS

282 315 376 349 ται
429 293 505 364 μὴ
565 295 841 369 ὠφέλιμον
893 296 1035 351 εἶναι
1091 297 1193 353 τὸν
1253 304 1452 371 ἔρωτα,
1510 300 1612 370 βίᾳ
1652 303 1782 371 μέν,
1835 296 1984 370 ὅμως

284 382 341 432 δὲ
385 377 717 451 ἀπέχονται,
774 383 866 444 καὶ
921 379 1076 450 ἡμεῖς
1118 379 1295 446 οὕτως
1354 380 1445 438 διὰ
1512 381 1611 438 τὸν
1656 382 1983 454 ἐγγεγονότα

282 465 384 533 μὲν
428 467 604 534 ἔρωτα
651 467 750 531 τῆς
792 464 1058 533 τοιαύτης
1103 465 1371 533 ποιήσεως
1427 464 1536 522 ὑπὸ
1594 471 1693 534 τῆς
1734 471 1844 522 τῶν
1887 490 1985 522 κα-

285 548 396 601 λῶν
438 551 728 603 πολιτειῶν
785 554 1000 623 τροφῆς
1055 543 1206 606 εὖνοι
1259 555 1360 621 μὲν
1421 549 1674 622 ἐσόμεθα
1732 555 1984 624 φανῆναι

284 627 582 698 αὐτὴν’“ὠς
623 636 917 702 βελτίστην,
951 638 1041 688 καὶ
1087 634 1504 707 ἀληθεστάτην,
1547 641 1646 700 ἕως
1686 635 1734 689 δ’
1788 633 1862 690 ἂν
1907 633 1983 705 μὴ

285 720 378 770 οἵα
432 714 482 769 τ’
529 708 562 792 ᾖ
605 716 1109 786 ἀπολογήσασθαι,
1170 717 1566 793 ἀκροασόμεθ’
1631 719 1808 786 αὐτῆς
1855 721 1988 774 ἐπεὶ·

401 867 454 909 P.
487 868 586 912 608.
652 867 711 909 ὃν
755 869 1046 924 ἐλέγομεν]
1087 871 1294 912 Ficinus:
1335 848 1595 914 oratione
1628 853 1794 926 supra
1826 884 1987 924 expo-

286 925 411 967 sita.
462 927 649 968 Bekker.
682 941 777 970 cum
813 929 910 969 Par.
947 928 1100 970 ΑΒΚ.
1133 930 1234 971 Vnt.
1276 926 1322 969 Θ.
1356 931 1464 971 Veu.
1497 930 1559 970 ΙΙ.
1596 930 1690 971 Vat.
1726 942 1758 970 r.
1794 928 1909 970 Flor.
1944 942 1984 969 a.

286 996 328 1025 x.
363 983 540 1037 λέγομεν
571 983 717 1036 dedit,
749 985 1089 1038 suffragantibus
1121 987 1248 1029 Turr.

403 1039 734 1096 αἰσθόμεθα
785 1039 828 1084 δ’
886 1017 1014 1097 οὖν]
1068 1045 1213 1098 Vulgo
1252 1042 1526 1095 αι’σθωμεθα.
1597 1043 1685 1086 Sed
1733 1040 1988 1093 αἰσθόμεθα

287 1158 446 1209 situm,
490 1163 540 1199 ut
578 1158 677 1200 libr.
722 1160 775 1201 ll.
818 1173 857 1213 p.
903 1157 1003 1202 366.
1048 1162 1098 1200 Α.

285 1215 518 1258 Nostrates
546 1216 598 1257 ad
615 1217 800 1258 eundem
824 1218 998 1258 modum
1033 1216 1099 1258 di-

288 1280 411 1315 cunt=
455 1273 590 1314 deun
635 1275 724 1315 wir
766 1274 982 1316 werden
1016 1274 1099 1316 da·

287 1331 374 1378 bei
407 1332 714 1385 gewinnen.

347 1419 396 1461 Ε.
461 1419 557 1474 βίᾳ
587 1417 697 1470 μέν,
731 1415 879 1467 ὅμως
911 1417 965 1458 δὲ
995 1413 1096 1474 ἀπ]

288 1477 524 1518 Lucian.
570 1477 667 1518 Ver.
715 1476 827 1517 Hist.
873 1476 927 1518 T.
960 1476 1022 1517 ΙΙ.
1056 1491 1095 1530 p.

290 1534 398 1579 140·
431 1532 602 1576 ἄκουσα
631 1533 730 1585 μέν,
762 1528 854 1575 εἶπε
881 1532 928 1574 δὲ
965 1530 1096 1585 ὅμως.

286 1593 696 1646 Alcipliron.1‚
740 1591 827 1636 38:
887 1587 970 1643 ὀψὲ
1011 1591 1100 1643 μέν,

288 1648 407 1703 ὅμως
437 1649 1099 1692 35.Lihan.1²arent.in1u-

289 1711 385 1750 lian.
429 1709 467 1761 ξ.
502 1709 578 1752 79:
620 1706 739 1749 ἄκων
779 1708 878 1764 μέν
924 1703 1012 1760 εἶξε
1054 1705 1098 1749 δ’

292 1764 410 1818 ὅμως
441 1771 532 1808 ταῖς
554 1763 775 1820 ἀνάγκαις.
813 1767 947 1808 Plura
980 1767 1102 1808 dabit

289 1819 675 1878 wyttenbach.
735 1824 934 1865 Biblioth.
991 1825 1098 1866 Crit.

288 1882 343 1924 T.
377 1883 464 1932 III.
501 1884 550 1924 P.
585 1883 638 1925 ll.
673 1896 714 1935 p.
748 1882 820 1926 40
884 1882 987 1924 Mox
1019 1883 1104 1923 τῶν

289 1941 439 1997 καλῶν
472 1941 695 1982 πολιτειων
726 1941 891 1982 ironice
919 1940 1101 1983 dictum.

288 1987 445 2056 Neque
477 1999 590 2041 enim
615 1998 896 2052 philosophus
929 2011 982 2040 ex
1014 1999 1103 2041 ani-

290 2070 363 2098 mo
405 2056 586 2099 laudare
628 2057 772 2110 potuit
813 2070 907 2098 eam
949 2058 1101 2098 civita-

289 2120 407 2166 tem,
457 2115 498 2155 in
548 2127 631 2168 qua
684 2115 779 2168 ipse
825 2121 952 2155 natus
993 2120 1102 2166 erat,

291 2173 452 2241 qmuippe
491 2185 604 2241 quae
644 2186 669 2214 a
712 2171 909 2226 perfecta
950 2173 1103 2214 civita-

294 2231 350 2271 tis
389 2231 580 2284 imagine
620 2232 802 2271 multum
849 2230 1008 2272 abesse
1040 2230 1102 2271 vi·

293 2285 486 2330 deretur.

355 2373 404 2414 P.
438 2373 538 2417 608.
601 2368 766 2415 εὖνοι
796 2372 890 2425 μὲν
920 2371 1104 2424 ἐσόμε-

293 2430 369 2471 θα
414 2435 666 2484 φανῆναι
696 2432 777 2485 —J
813 2431 851 2472 h.
888 2445 926 2473 e.
959 2427 1106 2472 εὐνοϊ-

295 2490 382 2530 κῶς
410 2489 487 2541 μὲν
519 2487 790 2543 οἰησόμεθα;
824 2491 1106 2532 benevole

294 2548 522 2600 quidem
569 2549 978 2599 concedemus,
1028 2547 1105 2587 vi-

295 2606 417 2648 deri
461 2619 576 2648 eam
630 2618 790 2659 quam
839 2607 1103 2658 optimam

296 2670 348 2706 et
377 2664 753 2714 verissimam
798 2676 860 2705 ea
900 2665 1107 2706 erimus

295 2722 692 2764 benevolentia
772 2726 832 2762 ut
901 2722 1108 2775 largia-

296 2792 411 2821 mur
458 2786 535 2822 ctr.
609 2779 985 2831 Breviloquentiae
1031 2792 1108 2832 ge-

299 2851 353 2902 nn
413 2838 650 2879 admodum
685 2837 888 2878 notabile.

355 2851 656 2950 Ξπᾲδοντες
723 2891 847 2948 ἡμῖν
919 2891 1111 2935 αὐτοῖς

297 2978 354 2984 —-
384 2951 626 3009 ἐπῳδήν]
658 2949 857 3008 Ἐπᾴδειν
889 2959 931 2994 et
961 2949 1109 3007 ἐπῳδή

298 3013 489 3064 eleganti
524 3010 780 3064 metaphora
809 3011 863 3052 ‹le
895 3012 1108 3052 sermoni-

297 3069 381 3109 bus
432 3076 476 3110 et
521 3069 760 3111 rationibus
799 3067 1106 3122 philosophicis

301 3127 508 3179 positum.
542 3129 598 3171 cf.
633 3127 896 3167 Gat-aker.
922 3127 1104 3168 Miscell-

300 3198 340 3237 p.
389 3184 488 3228 478.
545 3185 743 3226 Muret.
792 3185 848 3224 V.
897 3185 945 3224 L.
992 3186 1019 3225 l.
1061 3183 1102 3227 4.

299 3243 436 3295 intpp.
478 3241 532 3282 ad
574 3242 759 3294 Eurip.
800 3242 1030 3295 Hippolyt.
1063 3255 1103 3282 ν.

299 3298 399 3343 491.
451 3299 550 3339 Pla
569 3305 600 3340 t.
658 3299 873 3340 Charmid.
922 3314 962 3353 p.
1005 3299 1104 3343 155.

303 3358 353 3399 D.
390 3356 439 3397 F..
472 3357 571 3400 157.
606 3358 662 3397 A.

360 3412 688 3466 αι’σθόμεθα
722 3411 765 3453 δ’
799 3408 908 3463 οὖν,
941 3413 1010 3455 ὥς
1041 3411 1105 3455 013

1187 1160 1294 1214 σπ.]
1353 1160 1435 1201 Hic
1485 1160 1607 1201 locus
1660 1157 1850 1200 dubitari
1904 1169 1988 1198 non

1185 1222 1334 1271 potest
1376 1218 1477 1270 quin
1521 1218 1658 1259 labem
1709 1216 1986 1256 contraxerit.

1184 1275 1293 1318 Nam
1353 1288 1481 1328 quum
1543 1275 1718 1327 vulgata
1777 1274 1990 1326 scriptura

1184 1330 1447 1383 αἰσθώμεθα
1492 1333 1641 1384 inepta
1681 1332 1757 1377 sit,
1806 1338 1990 1384 propte-

1184 1405 1260 1433 rea
1291 1391 1408 1444 quod
1440 1389 1727 1431 cohortationi
1760 1401 1872 1429 nunc
1904 1401 1988 1429 non

1184 1454 1252 1491 est
1271 1450 1415 1499 locus,
1446 1446 1657 1498 εἰσόμεθα
1675 1450 1840 1496 autem,
1871 1445 1990 1498 quod

1183 1510 1225 1548 in
1268 1506 1386 1547 Mon.
1435 1512 1479 1548 et
1521 1505 1638 1546 Flor.
1679 1504 1724 1557 β.
1782 1505 1988 1557 scriptum

1186 1569 1354 1615 exstat,
1417 1575 1500 1604 non
1564 1563 1706 1615 magis
1761 1563 1992 1603 conveniat

1185 1621 1576 1675 argumentationi,
1615 1627 1706 1661 tum
1746 1631 1802 1660 ne
1833 1617 1992 1660 αἰσθό-

1185 1680 1300 1732 μεθα
1330 1679 1526 1732 quidem,
1558 1678 1753 1730 quamvis
1786 1679 1994 1731 plurimo-

1187 1752 1278 1780 rum
1314 1739 1517 1780 librornm
1537 1735 1625 1777 fide
1657 1741 1702 1778 et
1732 1737 1996 1778 auctoritate

1189 1797 1512 1843 confirmatum,
1543 1794 1650 1836 satis
1685 1794 1900 1836 sincerum
1933 1797 1995 1835 vi-

1190 1854 1330 1896 detur.
1425 1853 1579 1906 Neque
1651 1853 1761 1892 enim
1830 1852 1996 1905 probae

1189 1911 1458 1953 Graecitatis
1491 1910 1781 1963 scriptoribus
1813 1909 1993 1950 verbum

1189 1970 1400 2020 αἴσθομαι
1431 1969 1635 2009 usitatum
1667 1968 1763 2018 fuit,
1794 1969 1996 2020 quamvis

1190 2029 1231 2068 id
1263 2028 1635 2068 Buttmannus
1675 2023 1870 2066 Gramm.
1915 2025 1994 2066 Gr.

1191 2087 1286 2126 Vol.
1339 2085 1390 2125 ll.
1443 2098 1484 2138 p.
1526 2083 1623 2127 102.
1674 2082 1743 2124 ed.
1785 2083 1827 2124 2.
1892 2083 1997 2123 Lo-

1189 2143 1390 2185 beckio
1436 2141 1595 2183 ibidem
1643 2139 1907 2180 dubitantius
1946 2154 1998 2182 ea

1191 2201 1245 2242 de
1276 2214 1323 2242 re
1343 2204 1575 2241 'statuente
1610 2203 1742 2251 atque
1773 2197 1996 2239 Schnei-

1190 2259 1360 2300 derus
1399 2257 1454 2298 ad
1488 2257 1526 2298 h.
1561 2258 1586 2298 Ι.
1635 2255 1825 2310 graviter
1865 2255 1996 2298 adse-

1191 2316 1446 2357 veraverint.
1509 2315 1637 2358 Quae
1678 2313 1855 2367 quidem
1897 2327 1999 2356 sen-⁴

1192 2375 1326 2416 tentia
1387 2377 1536 2414 nostra
1598 2372 1668 2412 his
1734 2372 2000 2424 argumentis

1192 2432 1482 2474 confirmatur.
1566 2431 1759 2471 Primum
1821 2430 2000 2482 quidem

1191 2492 1306 2532 illius
1338 2489 1506 2530 formae
1534 2490 1578 2530 in
1617 2487 1839 2528 codicibus
1871 2499 2001 2529 manu

1193 2549 1369 2600 scriptis
1403 2560 1485 2588 non
1519 2547 1606 2588 alia
1647 2545 1740 2586 fere
1772 2546 1998 2598 reperiun-

1191 2613 1262 2648 tur
1314 2606 1542 2657 exempla‚
1603 2615 1732 2653 quam
1788 2603 1999 2654 infinitivi,

1191 2676 1322 2716 quum
1356 2663 1396 2704 in
1429 2663 1598 2716 probae
1619 2659 1886 2702 Graecitatis
1917 2673 1999 2701 au-

1193 2722 1387 2763 ctoribus
1428 2720 1508 2762 hoc
1547 2732 1632 2760 uno
1666 2719 1869 2759 Platonis
1902 2719 1999 2759 loco

1194 2785 1381 2832 excepto
1421 2779 1492 2819 vix
1532 2790 1642 2818 unus
1679 2777 1845 2818 alterve
1877 2777 1999 2816 locus

1195 2837 1462 2889 reperiatur..
1526 2836 1596 2877 ubi
1651 2833 1874 2882 αἴσθτεται,
1934 2833 1998 2873 αἴ-

1196 2895 1382 2945 σθομαι,
1414 2891 1687 2944 αἰσθόμεθα,
1731 2891 1917 2943 denique
1948 2892 1998 2932 fi-

1194 2955 1332 2994 nitum
1367 2953 1547 2994 verbum
1583 2950 1844 2991 auctoritate
1877 2949 2001 2989 codi-

1194 3024 1292 3052 cum
1337 3012 1443 3050 satis
1483 3015 1575 3050 tuta
1607 3006 1889 3061 perscriptum
1924 3021 1999 3048 ex-

1192 3068 1404 3110 hibeatur.
1494 3069 1557 3108 De
1617 3064 1859 3105 αἴσθεσθαι
1920 3078 2000 3118 pro

1193 3125 1434 3167 αἰσθέσθαι
1465 3125 1506 3166 in
1539 3124 1658 3166 libris
1687 3129 1862 3176 reperto
1895 3134 2000 3163 con-

1193 3184 1368 3226 sulendi
1406 3187 1507 3223 sunt
1547 3183 1735 3234 Poppo
1778 3179 1830 3220 ad
1874 3180 1999 3220 Thu-

1192 3242 1288 3292 cycl.
1321 3242 1383 3282 II.
1415 3239 1486 3283 93.
1522 3239 1570 3280 V.
1603 3239 1673 3282 26.
1706 3238 1787 3279 VI.
1808 3237 1878 3282 58.
1905 3238 1994 3280 Vll.

1193 3301 1262 3344 75.
1306 3303 1351 3340 et
1394 3296 1645 3338 Dindorf.
1696 3296 1750 3337 ad
1792 3296 2002 3350 Xenoph.

1191 3357 1333 3398 Anab.
1358 3355 1474 3404 11.5‚
1504 3354 1547 3397 4.
1610 3354 1703 3396 Sed
1732 3366 1844 3407 quae
1874 3353 1996 3395 verbi

1190 3414 1294 3456 finiti
1326 3418 1476 3455 extant
1508 3414 1729 3465 exempla,
1762 3425 1812 3454 ea
1846 3416 1890 3454 et
1921 3423 1996 3451 nu-
