2098 3658
180 658 281 709 331

311 183 378 232 36
914 177 1023 229 PL
1040 177 1152 229 AT
1169 177 1284 230 ΟΝ
1311 176 1338 228 I
1355 177 1392 229 S

314 330 407 380 καὶ
452 328 709 395 δείματος
765 323 962 395 μεστὸς
1019 329 1259 394 γίγνεται
1321 328 1412 378 καὶ
1467 321 1854 389 ἀναλογίζεται
1916 320 2019 389 ἤδη

320 415 410 464 καὶ
452 419 656 474 σκοπεῖ,
700 416 747 465 εἲ
790 409 913 464 τίνα’
963 430 1012 462 τι
1059 408 1328 476 ἠδίκηκεν.
1395 407 1423 462 ὁ
1466 412 1566 479 μὲν
1614 399 1716 462 οὖν
1761 405 2022 479 εὑρίσκων

319 496 521 548 ἑαυτοῦ
567 500 625 547 ὲν
672 497 747 564 τῷ
789 497 893 565 βίῳ
938 494 1115 548 πολλὰ
1162 492 1481 563 ἀδικήματα
1526 495 1618 547 καὶ
1661 498 1718 546 ὲκ
1763 494 1872 545 τῶν
1917 490 2024 545 ὕπ-

319 599 446 641 νων,
489 574 664 649 ὥςπερ
709 583 760 633 οἱ
802 581 1010 641 παῖδες,
1055 576 1222 648 θαμὰ
1267 575 1607 647 ἐγειρόμενος
1641 580 1903 647 δειμαίνει
1933 581 2024 629 καὶ

322 664 383 738 ζῇ
426 661 565 732 μετα
612 666 785 728 κακῆς
829 667 1078 725 ἐλπίδος·
1145 665 1219 730 τῷ
1281 666 1336 716 δὲ
1382 666 1554 731 μηδὲν
1599 663 1780 730 ἑαυτῷ
1827 660 2024 714 ἄδικον

317 744 586 813 ξυνειδότι
627 745 782 813 ἡδεῖα
839 750 988 810 ἐλπὶς
1042 745 1128 801 ἀεὶ
1175 746 1408 815 πάρεστι
1462 750 1553 801 καὶ
1596 742 1801 814 ἀγαθὴ
1846 765 2022 814 γηρο-

321 830 542 905 τρόᾳος,
590 829 662 896 ὡς
706 835 798 886 καὶ
843 834 1130 901 Πίνδαρος
1166 835 1321 899 λεγει.
1355 838 1654 903 χαριέντως
1681 828 1789 898 γάρ
1821 850 1936 891 τοι,
1983 819 2022 881 ὦ

321 915 641 986 Σώκρατες,
686 914 833 972 τοῦτ’
884 923 1087 978 ἐκεῖνος
1132 914 1296 980 εἶπεν,
1341 914 1535 979 ὅτι-ὃς
1567 913 1640 970 ἂν
1678 918 1897 976 δικαίως
1935 916 2024 967 καὶ

323 999 487 1064 ὁσίως
531 998 632 1055 τὸν
674 1003 802 1071 βίον
848 999 1102 1075 διαγάγῃ,

406 1083 625 1154 γλυκεῖά
672 1091 723 1140 οἱ
754 1088 989 1157 καρδίαν
1013 1081 1319 1138 ιὲτάλλοισα
1362 1083 1719 1159 γηροτρόφος
1765 1093 2026 1153 συναορεῖ

440 1295 489 1335 P.
534 1294 633 1338 331.
667 1288 734 1333 ὥς
765 1292 848 1331 καὶ
893 1289 1199 1344 Πινδαρος]
1248 1287 1387 1341 ὥςπερ
1423 1289 1940 1340 A112.An1br.F10=-.x.
1985 1304 2024 1330 ιι

326 1353 449 1395 stob.
484 1354 507 1396 Ι.
542 1365 580 1392 c.
612 1352 720 1392 Mox
754 1364 818 1390 τοι
849 1362 933 1390 οιιι.
967 1349 1064 1388 Par.
1102 1347 1154 1388 K.
1192 1346 1307 1387 Mon.
1347 1348 1459 1390 Mor,
1493 1348 1536 1400 β.

439 1410 565 1478 βίον
582 1406 858 1478 διαγάγῃ]
893 1403 1090 1459 διαγάγοι
1123 1405 1233 1446 V.en
1269 1404 1384 1446 Flor.
1418 1419 1457 1446 a.
1496 1429 1542 1436 -—
1580 1407 1789 1461 ξυναορεῖ
1818 1406 1938 1447 vind.
1976 1407 2024 1450 Φ.

440 1462 499 1508 εὖ
533 1462 632 1508 οὖν
662 1465 807 1520 λέγει
841 1464 910 1517 θ.]
946 1464 1068 1505 Haec
1101 1463 1228 1504 verba
1260 1463 1404 1503 Astins
1423 1463 1597 1505 Socrati
1616 1471 1767 1506 censet
1797 1465 2027 1506 tribuenda

324 1537 437 1569 esse
496 1527 620 1570 Quae
651 1538 730 1566 nos
761 1529 966 1577 putamus
994 1519 1243 1573 reliquenda
1294 1533 1392 1562 esse
1423 1521 1641 1575 Cephalo,
1685 1523 1756 1576 qni
1795 1529 2024 1576 postquam

324 1583 498 1628 Pindari
530 1584 658 1626 verba
691 1581 898 1631 recitavit,
931 1593 981 1621 se
1014 1579 1194 1620 mirifice
1225 1579 1424 1620 assentiri
1446 1579 1550 1621 dicit
1581 1586 1736 1636 poetae
1765 1581 1926 1623 iudicio
1958 1581 2027 1622 id-

329 1780 416 1815 tem
460 1771 570 1820 dici,·
606 1770 662 1812 de
698 1784 782 1824 qua
827 1782 873 1811 re
915 1781 953 1811 v.
994 1767 1130 1817 intpp.

328 1831 382 1872 ad
426 1829 688 1871 Thomam
736 1829 880 1880 Mag.
930 1840 972 1880 p.
1012 1824 1132 1872 299„

327 1889 402 1941 qui
450 1888 564 1929 inter
617 1886 720 1928 alia·
779 1883 919 1933 ἐλπίς,
978 1883 1133 1935 inquit,

329 1947 398 1987 καὶ
448 1944 515 1986 ἐπὶ
564 1946 698 1986 καλοῦ
742 1944 814 1984 καὶ
860 1941 929 1982 ἐπὶ
981 1939 1131 1982 κακοῦ.

331 2006 536 2046 Ceterum
597 2009 716 2044 recte
765 2000 1130 2042 Schleierma—

329 2066 552 2105 charus:
606 2061 680 2101 „ln
734 2061 815 2101 den
878 2057 986 2099 noch
1031 2057 1132 2108 .·pla

329 2121 557 2161 tonischen
586 2118 767 2159 worten
811 2117 1014 2169 fibrigens
1047 2112 1133 2153 for·

329 2178 427 2219 dett
465 2176 543 2218 der
589 2175 975 2225 Zusammenhang
1017 2167 1136 2225 ἡδεῖα

328 2236 408 2277 auf
434 2233 552 2276 ἐλπίς·
581 2247 634 2276 zu
653 2232 876 2277 beziehen
908 2231 994 2272 und
1023 2231 1134 2270 daun

328 2292 602 2344 nothwendig
632 2293 743 2334 auch
764 2285 928 2345 α’γαθή,
959 2302 1009 2330 so
1033 2286 1136 2328 dass

329 2348 610 2405 γηροτρόφος
643 2351 765 2392 anein
791 2349 860 2390 die
886 2346 1137 2397 Anfiihrung

329 2410 408 2451 der
417 2407 724 2450 Pindarischen
745 2407 883 2448 Stene
901 2405 1135 2447 einleitet.¹¹

386 2467 439 2511 P.
469 2466 570 2510 331.
629 2460 776 2507 τοῦτ’
821 2462 1032 2505 ἐκεῖνος
1069 2455 1134 2502 εἶ-

330 2528 453 2574 πεν]
491 2525 556 2566 De.
575 2525 716 2566 verbis
741 2522 918 2565 Pindari
946 2537 988 2564 v.
1006 2521 1134 2562 Tom.

328 2583 413 2626 III.
455 2583 486 2624 l.
519 2597 558 2636 p.
588 2582 646 2626 80
677 2595 769 2634 seq.
811 2580 881 2622 ed.
921 2582 1058 2633 Heyn.
1091 2582 1135 2619 et

335 2641 522 2682 Boeekh.
569 2640 673 2691 frag.
727 2639 854 2682 Pind.
895 2636 1135 2680 OCXLIH.

330 2700 429 2739 oon.
479 2699 609 2740 Τοιιι.
651 2699 701 2740 ΙΙ.
747 2700 793 2739 Ρ.
835 2699 887 2742 ΙΙ.
934 2712 975 2751 p.
1015 2694 1133 2745 682„

331 2756 401 2796 ubi
439 2755 570 2798 docte
620 2756 677 2798 de
713 2756 762 2797 iis
815 2759 1134 2797 commentatus

331 2820 410 2854 est.
471 2815 586 2856 Usus
619 2819 688 2855 est
730 2815 810 2855 inis
846 2812 1132 2867 Olympio-

331 2870 357 2910 d
374 2883 503 2912 orus
535 2874 578 2912 in
611 2871 822 2913 Alcibiad.
842 2872 903 2915 ΙΙ.
927 2885 968 2924 p.
985 2869 1042 2913 23
1065 2866 1133 2910 ed.

330 2928 537 2970 Creuzer.
595 2930 859 2982 omninoque
905 2933 1135 2981 tantopere

329 2984 600 3038 frequentata
634 2991 733 3027 suut
772 3000 796 3027 a
837 2986 1134 3040 scriptoribus,

330 3048 377 3083 ut
407 3043 498 3084 fere
542 3046 582 3084 in
622 3045 902 3096 proverbium
941 3044 1134 3084 abierint.

330 3099 443 3143 conf.
485 3102 696 3142 Erasmi
742 3102 908 3155 Adagg.
959 3115 1000 3154 p.
1047 3100 1133 3144 666

330 3171 420 3210 neq.
460 3158 847 3210 Wyttenbach.
889 3161 942 3201 ad
987 3159 1130 3200 mnan.

330 3229 373 3269 p.
405 3215 503 3259 252.
535 3215 603 3256 ed.
640 3216 758 3269 Lips.

397 3331 446 3374 B.
510 3327 562 3371 τὸ
615 3329 710 3384 γὰρ
751 3331 882 3384 μηδὲ
932 3326 1135 3373 ἄκοντά

333 3388 673 3442 τινα-μέγα·
697 3390 861 3446 μ’έρος
899 3391 982 3432 εις
1017 3389 1131 3430 τοῦ·

330 3461 382 3486 ιο
423 3443 502 3501 ⁷11—-
509 3447 689 3500 κτῆσις
735 3446 1128 3500 συμβάλλεται]

1216 1764 1328 1804 Illud
1362 1763 1412 1805 τὸ
1443 1763 1526 1820 γὰρ
1560 1790 1610 1798 -
1645 1762 1816 1809 ἀπιέναι
1857 1765 2027 1808 δεδιότα
2090 1773 2098 1781 “

1216 1834 1240 1862 ιι
1274 1824 1539 1876 reliquorum
1571 1827 1802 1868 verborum
1836 1832 2027 1878 structu-

1216 1892 1265 1920 ra
1320 1882 1558 1924 seiunctum
1619 1885 1823 1937 explicari
1878 1888 2028 1936 potest

1217 1940 1357 1989 quod
1405 1941 1619 1982 attinet
1657 1942 1750 1994 ad,
1795 1955 1832 1986 v,
1866 1942 2028 1983 Hein-

1219 1996 1359 2037 dors.
1409 1999 1464 2039 ad
1510 1999 1694 2042 Theaet.
1748 2014 1788 2053 p.
1828 2000 1930 2044 144.
1977 2005 2026 2040 A.

1218 2054 1422 2096 Nimirum
1477 2059 1630 2099 eadem
1671 2058 1778 2103 haec
1825 2063 2030 2099 constru-

1220 2114 1309 2153 ctio
1354 2119 1445 2164 est,
1486 2116 1622 2166 qualis
1670 2116 1852 2168 Enrip.
1886 2115 2026 2156 Phoe·

1221 2171 1324 2214 niss.
1359 2184 1396 2214 v.
1415 2172 1502 2215 290
1519 2186 1640 2225 seqq.
1672 2173 1833 2225 μέλλων
1849 2172 1897 2214 δέ
1924 2173 2025 2223 πέμ-

1222 2242 1316 2268 πειν
1367 2225 1416 2279 μ’
1461 2228 1647 2272 Οἰδιπου
1688 2229 1854 2272 κλεινὸς·
1893 2229 2028 2285 γόνος

1220 2291 1393 2339 μαντεῖα
1425 2285 1555 2339 σεμνὰ
1574 2287 1745 2342 Λοξίου
1767 2285 1800 2330 τ’
1820 2285 1885 2330 ἐπ’
1904 2286 2025 2341 ἐσχά-

1222 2357 1314 2400 ρας,
1344 2343 1392 2386 ἐν
1423 2341 1534 2403 τῷδ’
1565 2345 1906 2401 ἐπεστράτευσαν
1934 2344 2023 2401 Ἀρ-

1222 2408 1331 2459 γεῖοι
1361 2405 1499 2447 πόλιν.
1518 2404 1742 2460 Hippolyt.
1773 2420 1814 2448 v.
1841 2407 1912 2477 22.
1938 2409 2024 2447 An-

1221 2468 1362 2505 drom.
1403 2479 1442 2508 v.
1487 2464 1588 2510 699.
1651 2465 1804 2517 itaque
1845 2463 1894 2505 τὸ
1927 2476 2023 2505 cum

1220 2522 1436 2565 infinitivis
1465 2535 1570 2564 casu
1612 2524 1879 2565 nominativo
1908 2521 2027 2564 acci—
2090 2522 2098 2579 f

1219 2579 1440 2635 piendum,
1471 2593 1583 2634 quae
1615 2581 1728 2622 ratio
1756 2593 1836 2633 per
1864 2592 2024 2622 anaco-

1218 2637 1393 2682 ΙῑΙῑΙΙῑοιιι
1425 2639 1680 2709 explicanda
1715 2643 1797 2680 est.
1845 2640 1894 2680 In
1926 2650 2024 2692 pro-
2056 2650 2058 2653 -
2087 2647 2089 2665 s

1219 2696 1370 2738 ximis:
1402 2692 1496 2750 μηδ’
1528 2690 1583 2738 αὖ
1615 2692 1845 2748 ὀφείλοντα
1870 2719 1925 2726 --
1957 2692 2022 2734 δε-

1220 2753 1342 2796 διότα
1388 2755 1572 2809 negandi
1617 2757 1816 2823 vopulam
1859 2765 2023 2794 conne-

1219 2818 1314 2854 ctas
1344 2827 1442 2855 eum
1483 2811 1619 2854 ἐκεῖσε
1654 2807 1821 2854 ἀπιέναι
1841 2809 2022 2853 δεδιότα.
2082 2819 2083 2847 i

1220 2871 1328 2913 Nam
1348 2872 1478 2913 verba
1497 2871 1732 2913 cohaerent
1750 2871 1838 2910 sic·
1871 2867 1920 2910 τό
1940 2865 2023 2938 γὰρ
2079 2886 2081 2930 ;

1222 2927 1327 2980 μηδὲ
1357 2927 1517 2970 ἄκοντα
1544 2952 1595 2960 —-
1632 2925 1899 2980 ψεύσασθαι,
1914 2921 2023 2996 μηδ’
2079 2935 2080 2939 ’

1222 2982 1280 3027 αὖ
1310 2986 1447 3028 ἐκεῖσε
1477 2983 1646 3028 ἇπιέναι
1676 2982 1861 3037 δεδιότα,
1901 2979 2022 3036 ὀφεί-
2076 3002 2078 3011 ¹

1220 3046 1348 3085 λοντα
1378 3042 1405 3098 ἣ
1435 3043 1530 3100 θεῷ
1540 3067 1598 3075 -
1618 3042 1818 3098 χρήματα,
1849 3057 1877 3083 ιι
1889 3056 1948 3095 eq
1961 3055 1986 3084 u
1998 3056 2023 3085 e

1221 3105 1355 3144 ιΙΙιιο
1383 3109 1663 3144 cummetu
1697 3101 2019 3150 discedere,
2054 3130 2057 3133 -

1220 3172 1377 3212 quum
1420 3163 1503 3202 vel
1547 3161 1644 3200 deo
1676 3175 1694 3201 s
1712 3172 1839 3200 acra
1868 3171 2022 3211 qnae-

1221 3219 1335 3259 dam
1357 3218 1566 3259 debeas
1603 3219 1683 3259 vel
1708 3217 1912 3258 homini
1935 3230 2021 3269 pe-

1221 3289 1320 3316 cun
1338 3277 1347 3316 i
1363 3289 1452 3319 am.
1491 3275 1589 3318 voc.
1622 3276 1764 3316 ἔπειτα
1789 3279 2019 3327 propterea

1221 3335 1496 3375 interiectum
1509 3339 1591 3385 est,
1610 3333 1726 3388 quod
1747 3331 2018 3387 participium

1222 3387 1451 3442 ὀφείλοντα
1470 3393 1707 3446 praecedit,
1739 3404 1775 3434 v.
1795 3391 1851 3430 ad
1877 3389 2019 3429 Phne-
2062 3444 2065 3455 ¹

1221 3450 1318 3491 don
1353 3463 1389 3502 p
1426 3451 1491 3493 70
1527 3449 1578 3491 Ε.
