2098 3658
104 587 206 636 346

158 1175 203 1226 Β

238 190 315 236 ·ffl3
853 188 1317 258 PLATONIS

253 343 392 396 νοεῖς
451 331 540 387 ὅτι
603 329 782 394 οὐδεὶς
839 336 1016 390 ἐθέλει
1071 331 1261 408 ἄρχειν
1314 333 1479 400 ἑκών,
1522 330 1663 390 ἀλλὰ
1720 331 1938 404 μισθὸν

248 419 520 479 αἰτοῦσιν,
553 413 627 477 ὠς
660 413 781 486 οὐχὶ
816 417 1070 474 αὐτοῖσιν
1113 421 1381 495 ὠφέλειαν
1425 425 1690 488 ἐσομένην
1733 424 1790 472 ὲκ
1839 420 1939 472 τοῦ

246 501 463 572 ἄρχειν,
521 498 664 554 ἀλλὰ
726 511 843 565 τοῖς
908 503 1266 575 ἀρχομένοις-ς
1327 507 1441 559 ἐπεὶ
1509 503 1738 558 τοσόνδε
1796 508 1935 557 εἰπέ·

244 585 367 654 οὐχὶ
428 583 668 651 ἑκάστην
735 590 922 652 μέντοι
984 592 1168 663 φαμὲν
1235 587 1496 644 ἑκάστοτε
1557 590 1669 641 τῶν
1735 590 1939 657 τεχνῶν

242 667 422 738 τούτῳ
481 673 672 739 ἑτέραν
730 669 898 735 εἶναι,
942 675 1021 742 τῷ
1082 678 1273 746 ἑτέραν
1322 672 1425 740 τὴν
1479 671 1716 742 δύναμιν
1770 675 1941 742 ἕχεινς

242 759 348 818 καί,
374 746 412 807 ὦ
461 751 716 826 μακάριε,
744 752 819 823 μὴ
865 756 1017 826 παρὰ
1064 756 1233 824 δόξαν
1253 757 1580 828 ἀποκρίνου,
1611 761 1703 810 ἴνα
1750 775 1804 809 τι
1847 758 1939 810 καὶ

242 842 601 910 περαίνωμεν.
683 837 850 893 Ἀλλά
891 840 1095 911 τούτῳ,
1138 847 1264 918 ἔφη,
1311 848 1483 913 ἑτέρα.
1579 839 1797 896 Οὐκοῦν
1845 843 1938 894 καὶ

240 924 509 996 ὠφέλειαν
552 919 756 990 ἑκάστη
803 927 950 979 ἰδίαν
994 923 1120 980 τινὰ
1168 925 1300 998 ἡμῖν
1344 931 1655 997 παρέχεται,
1701 922 1814 979 ἀλλ’
1870 922 1938 980 οὐ

243 1007 458 1076 κοινήν,
498 1005 621 1061 οἷον
662 1007 882 1079 ἰατρικὴ
923 1013 1024 1080 μὲν
1070 1008 1297 1080 ὑγίειαν,
1328 1006 1689 1083 κυβερνητικὴ
1735 1011 1792 1063 δὲ
1837 1027 1940 1063 σω-

245 1096 440 1164 τηρίαν
483 1098 540 1146 ὲν
587 1094 664 1162 τῷ
711 1096 895 1159 πλεῖν,
941 1097 1034 1150 καὶ
1077 1100 1137 1150 αὶ
1180 1093 1348 1150 ἄλλαι
1395 1092 1606 1160 οὕτωςς
1649 1091 1817 1148 Πάνυ
1860 1115 1935 1163 γε.

244 1176 465 1231 Οὐκοῦν
517 1178 608 1230 καὶ
667 1177 986 1245 μισθωτικὴ
1030 1181 1286 1250 μισθόνς
1333 1177 1478 1245 αὕτη
1539 1177 1645 1246 γὰρ
1684 1176 1862 1242 αὐτῆς
1904 1176 1937 1243 ἡ

241 1259 500 1330 δύναμις·
533 1257 564 1326 ἢ
611 1258 713 1326 τὴν
741 1261 995 1333 ἰατρικὴν
1037 1261 1103 1319 σὺ
1149 1269 1240 1319 καὶ
1277 1260 1380 1329 τὴν
1408 1259 1807 1334 κυβερνητικὴν
1837 1259 1942 1326 τὴν

239 1345 421 1412 αὐτὴν
446 1348 657 1410 καλεῖςς
685 1342 716 1411 ἢ
761 1347 963 1418 ἐάνπερ
985 1346 1162 1425 βούλῃ
1188 1347 1434 1418 ἀκριβῶς
1457 1349 1729 1416 διορίζειν,
1758 1342 1936 1417 ὥςπερ

238 1430 491 1494 ὑπέθου,
539 1428 700 1483 οὐδέν
761 1452 812 1485 τι
866 1434 1110 1501 μᾶλλον,
1158 1432 1257 1487 ἐάν
1321 1453 1402 1496 τις
1454 1433 1732 1503 κυβερνῶν
1781 1428 1942 1500 ὑγιὴς

238 1519 492 1583 γίγνηται
542 1510 632 1567 διὰ
693 1512 755 1569 τὸ
822 1517 1103 1590 ξυμφέρον
1158 1516 1312 1586 αὐτῷ
1371 1519 1528 1571 πλεῖν
1583 1523 1642 1571 ὲν
1695 1517 1760 1592 τῇ
1821 1517 1941 1568 θα-

237 1598 431 1675 λάττῃ,
478 1603 635 1653 ἕνεκα
684 1597 890 1656 τούτου
936 1604 1120 1665 καλεῖς
1161 1603 1379 1673 μᾶλλον
1423 1597 1603 1667 αὐτὴν
1648 1598 1941 1671 ὶατρικήνς

353 1763 460 1815 Cap.
494 1761 662 1806 va.
727 1762 791 1811 ὥς
831 1762 950 1818 ουχὶ
990 1762 1257 1807 αὖτοῖσνν
1305 1762 1604 1819 ωφέλειαν]
1652 1764 1772 1806 Flor.
1813 1779 1856 1809 Χ.
1896 1781 1938 1808 α.

243 1819 450 1874 ὠφελείας
481 1818 711 1876 §condamm
741 1824 819 1866 sed
852 1825 940 1865 vid.
973 1824 1181 1877 explicat.

356 1880 404 1921 P.
423 1877 527 1922 346.
563 1878 683 1932 ου’χὶ
710 1879 946 1935 εκάστην
977 1877 1258 1934 newton—J
1291 1883 1378 1924 Hic
1398 1894 1576 1936 quoque
1608 1882 1716 1922 boni
1734 1881 1938 1922 criticiin

239 1941 324 1980 isto
357 1937 499 1986 μέντοι
529 1937 824 1991 offenderunt,
857 1942 975 1994 quod
1006 1941 1140 1981 vind.
1160 1939 1210 1981 Φ.
1254 1940 1348 1981 vat.
1379 1954 1412 1981 r.
1445 1943 1491 1982 in
1521 1939 1597 1991 μὲν
1628 1941 1939 1991 depravarunt.

354 1992 488 2036 Ἀλλὰ
519 1995 718 2053 τούτῳ,
760 1998 887 2051 ἔφη,
923 1997 1114 2052 ἑτέρα]
1154 1997 1302 2051 ἑτέραν
1339 1999 1443 2039 Par.
1474 1996 1589 2040 DK.
1630 1998 1785 2040 Ambr.
1818 1998 1938 2050 Aug.

238 2055 361 2094 Mon.
391 2054 513 2094 Flor.
543 2068 581 2095 a.
614 2070 658 2098 x.
691 2071 730 2096 α.
778 2058 895 2097 Vett.
926 2057 1049 2098 editt.
1081 2071 1179 2097 cum
1210 2058 1365 2098 ceteris
1398 2057 1525 2097 libris
1560 2054 1694 2109 ἑτέρα,
1720 2056 1841 2109 quod
1871 2060 1939 2095 tu-

238 2120 367 2153 entur
398 2114 529 2152 etiam
561 2113 752 2155 Bekker.
786 2110 1042 2158 Schneider
1076 2115 1207 2155 Turr.
1243 2116 1394 2156 Herm.
1435 2114 1656 2156 Nimirum
1686 2114 1939 2166 intelligen-

238 2173 340 2211 dum
381 2171 440 2210 ad
473 2167 611 2226 τούτῳ
651 2180 718 2214 est
750 2172 808 2226 τῷ
837 2171 984 2227 ἑτέραν
1016 2171 1092 2227 τὴν
1125 2171 1305 2224 δύναμιν
1335 2172 1463 2225 ἔχειν,
1495 2177 1539 2213 et
1578 2171 1636 2214 ad
1674 2170 1798 2226 ἑτέρα
1839 2184 1940 2225 sup-

237 2228 444 2298 plendum
476 2213 603 2269 ἐστίν.

355 2281 624 2337 ωφέλειαν
673 2285 872 2342 εκάστη
919 2287 1100 2342 ιΗδιαν]
1148 2290 1199 2330 V.
1243 2287 1399 2342 ἑκάστη
1448 2285 1614 2329 τούτων
1654 2285 1782 2328 ι’δίαν.
1851 2285 1942 2328 Sed

242 2343 407 2385 τούτων
437 2357 522 2388 om.
568 2347 672 2388 Par.
708 2348 763 2388 A.
803 2348 903 2388 Vat.
942 2345 989 2388 Θ.
1032 2348 1148 2392 Ven.
1183 2347 1231 2391 Ξ.
1275 2349 1428 2389 A.mbr
1467 2352 1576 2400 Aug.
1611 2345 1707 2387 Vat.
1740 2359 1775 2386 r.
1823 2345 1941 2387 Flor.

239 2418 279 2444 a.
311 2418 346 2446 c..
378 2416 422 2442 Χ.
457 2416 497 2442 α.
531 2418 570 2456 γ.

353 2461 406 2502 Β.
470 2459 554 2502 διὰ
585 2458 640 2501 τὸ
676 2460 963 2514 ξυμφέρον
993 2458 1133 2517 αὐτῷ
1168 2462 1348 2517 πλεῖν]
1383 2459 1610 2516 ξυμφέρον
1639 2466 1818 2502 tuentur
1837 2460 1940 2503 Par.

296 2605 405 2657 Cap.
438 2603 596 2646 len.
659 2601 728 2645 ais·
775 2601 896 2657 οὐχὶ
930 2601 1041 2646 αὐτ.
1128 2608 1250 2656 ἔστω,
1284 2608 1325 2649 εἰ
1349 2604 1522 2660 βούλει,
1555 2601 1716 2654 ουτως,
1750 2603 1820 2645 ινα
1852 2605 1942 2645 καὶ

238 2657 510 2714 ὠφέλειαν
566 2661 865 2718 ἐσομένην]
927 2664 1041 2704 Con·
1130 2664 1229 2706 εἰδῶ
1271 2663 1298 2706 ὅ
1339 2681 1375 2706 τι
1417 2665 1502 2706 καὶ
1534 2663 1659 2734 ἐρεῖς.
1722 2661 1861 2715 Gorg.
1897 2675 1938 2715 p.

237 2722 524 2762 structionem
591 2721 909 2763 illustravimus
987 2722 1044 2763 ad
1126 2723 1227 2768 467.
1248 2722 1311 2767 C.
1344 2718 1428 2770 ἀλλ’
1449 2722 1588 2763 ἐθέλω
1605 2715 1939 2774 α’ποῖιριᾘνεσθαι

238 2779 465 2822 Phaedon.
497 2793 539 2832 p.
579 2779 677 2823 109.
713 2778 771 2822 D.
808 2781 1043 2831 Protagor.
1129 2783 1199 2823 ἵνα
1237 2783 1324 2822 καὶ
1365 2776 1496 2823 εἰδῶ
1536 2775 1563 2820 ὅ
1606 2793 1641 2820 τι
1680 2778 1834 2832 λέγεις,
1866 2778 1940 2819 ubi

238 2852 278 2890 p.
318 2836 418 2879 332.
452 2837 603 2879 Confr.
648 2838 746 2879 libr.
781 2838 834 2880 11.
867 2851 908 2891 Ρ.
937 2837 1042 2882 383.
1128 2840 1270 2893 plura.

239 2897 294 2935 A.
342 2895 416 2935 1V.
461 2910 502 2948 p.
551 2896 650 2940 426.
697 2895 748 2936 C.
790 2895 1041 2949 Xenoph.
1187 2899 1271 2938 καὶ
1299 2896 1359 2937 αἱ
1390 2893 1552 2936 ἄλλαι
1585 2891 1786 2942 οὔτως;
1795 2892 1940 2946 JNon

238 2955 341 3006 (tyr.
369 2952 406 2992 Ι.
438 2953 482 3005 4,
512 2953 584 2996 21.
619 2960 662 2995 et
691 2954 765 2997 23.
1129 2969 1240 3009 opus
1272 2960 1354 3007 est,
1373 2958 1422 2995 ut
1451 2952 1506 2994 de
1525 2952 1940 2994 coniecturaAstii

294 3010 347 3051 P.
370 3010 469 3055 346.
505 3007 626 3064 οὐχὶ
659 3009 897 3065 ἑκάστην
927 3012 984 3063 μέ
999 3026 1044 3052 ν-
1130 3012 1374 3054 scribamus
1413 3003 1630 3054 ὥεαύτωε.
1701 3010 1849 3062 Supra
1882 3023 1926 3062 Ρ.

240 3068 414 3122 toz—J
451 3068 564 3111 Vide
595 3076 746 3112 annot.
778 3071 836 3111 ad
869 3069 1043 3112 c.an.
1128 3070 1230 3115 338.
1250 3071 1314 3111 E:
1347 3070 1415 3110 καὶ
1446 3067 1495 3110 αι
1522 3066 1639 3109 αλλαι
1672 3064 1828 3117 οὕτως,
1859 3068 1932 3108 ubi

237 3129 296 3169 iss-
1130 3129 1505 3170 itemFicinus=
1530 3128 1587 3167 in
1621 3127 1940 3178 ceterisque

297 3185 380 3223 ι”να
424 3197 465 3223 τι
517 3186 598 3224 καὶ
650 3184 1044 3237 περαίνωμεν.]
1129 3185 1405 3228 similiter
1435 3186 1661 3227 accidit.
1691 3183 1860 3238 Ρ,.346
1881 3183 1939 3228 D

239 3242 362 3283 Infra
391 3254 431 3293 p.
473 3241 567 3285 451.
605 3243 666 3282 A:
711 3243 780 3282 ἵνα
821 3245 912 3283 καὶ
943 3241 1046 3296 ἑξῆς
1130 3246 1251 3285 Libr.
1289 3243 1375 3286 111.
1414 3256 1456 3296 p.
1495 3243 1596 3288 397.
1648 3244 1703 3284 E.
1751 3257 1794 3296 p.
1834 3240 1936 3285 415

239 3296 573 3353 διασκεψώμεθα
608 3298 683 3339 τὸν
716 3298 859 3354 λόγον.
922 3301 1044 3341 Libr.
1132 3303 1187 3344 B.
1227 3301 1364 3354 Gorg.
1412 3315 1452 3353 p.
1494 3300 1594 3345 509.
1627 3299 1676 3341 O.
1719 3301 1787 3341 και
1818 3293 1943 3341 τᾶλλα

236 3356 316 3402 1v,
350 3371 390 3410 p.
429 3357 528 3402 445.
573 3358 628 3398 C:
672 3355 804 3411 δεῦρο
845 3360 945 3406 νῦν,
979 3359 1047 3399 ἵνα
1137 3357 1290 3401 οὕτως.
1354 3359 1461 3400 lbid.
1498 3373 1541 3412 p.
1578 3358 1680 3403 524.
1711 3358 1762 3403 C.
1793 3360 1848 3400 al.

242 3417 320 3455 καὶ
361 3414 456 3467 ἴδῃς
503 3411 584 3455 ὅσα
628 3417 711 3456 καὶ
757 3414 849 3469 εἴδη
900 3417 979 3468 ἔχει
1024 3413 1063 3467 ἦ
1191 3417 1243 3460 Β,
1285 3413 1460 3469 ὥςπερ
1494 3412 1744 3469 ὑπέθου]
1765 3429 1937 3469 quem-

245 3476 376 3516 κακία.
457 3475 591 3519 Alcib.
654 3475 686 3513 I.
739 3489 778 3527 p.
842 3475 934 3518 106.
994 3473 1045 3514 C:
1135 3477 1448 3517 admodum
1524 3474 1936 3528 proposuisti.
