2124 3744
236 174 334 227 116
803 165 1383 221 ARGUMENTUM

232 333 377 365 mum
410 314 523 379 fiet,
568 319 632 362 ut
670 328 777 362 non
820 309 998 361 solum
1034 309 1091 361 in
1130 309 1250 362 aliis
1305 308 1467 361 rebus
1506 307 1754 361 omnibus
1790 309 1937 361 acuti

233 381 499 450 evadant,
553 380 650 434 sed
707 379 868 432 etiam
921 381 1160 432 animum
1213 380 1432 432 discant
1480 379 1730 432 attollere
1774 387 1939 448 atque

234 453 466 507 evehere
506 452 576 504 ad
617 452 732 504 eius
770 458 1027 520 naturae,
1079 468 1220 520 quae
1269 469 1395 503 vere
1434 457 1551 517 est,
1604 450 1941 520 contempla-

231 527 453 578 tionem.
499 524 552 592 *)
641 524 704 574 P.
756 523 876 575 521.
919 520 983 574 C.
1023 554 1091 561 —
1130 524 1251 576 526.
1292 520 1356 575 C.
1394 553 1462 559 ——
1539 520 1680 573 Cum
1720 521 1942 573 arith-

231 596 495 649 metica
535 593 839 649 arctissime
879 594 1172 646 coniuncta
1211 600 1294 645 est
1332 593 1760 663 geometria,
1803 610 1942 662 quae

233 686 402 736 quum
455 666 682 735 etripsa
732 664 801 716 ad
861 665 1143 717 scientiam
1182 664 1470 716 militarem
1504 663 1752 733 inprimis
1789 663 1942 716 utilis

235 739 333 802 sit3
386 745 503 789 tum
554 736 725 788 multo
776 735 899 806 plus
949 736 1096 789 valet
1133 734 1202 787 ad
1240 735 1478 787 animum
1520 735 1794 787 subtiliter
1832 736 1941 787 for-

236 807 493 861 mandum
535 806 1019 876 erudiendumque.
1097 806 1451 876 Quapropter
1485 805 1543 858 in
1581 805 1683 858 hac
1725 824 1944 876 quoque

237 878 533 933 exercendi
571 891 703 931 sunt
741 872 912 930 futuri
963 878 1204 931 civitatis
1242 877 1535 948 principes,
1613 875 1943 947 Quanquam

236 951 330 1003 illa
367 970 476 1003 non
515 951 594 1003 ita
630 949 920 1002 tractanda
957 957 1072 1017 est,
1121 959 1184 1002 ut
1219 948 1387 1019 vulgo
1427 967 1459 1000 a
1495 949 1787 1018 geometris
1823 948 1944 1000 fieri

237 1022 395 1088 solet,
436 1021 533 1090 qui
567 1022 728 1073 unice
767 1021 824 1073 in
861 1020 1162 1092 figurarum
1201 1019 1373 1073 oculis
1406 1020 1774 1073 subiectarum
1815 1039 1944 1072 con-

237 1092 568 1146 sideratione
625 1092 910 1145 haerentes
961 1091 1028 1144 de
1066 1092 1164 1160 iis,
1217 1110 1357 1161 quae
1398 1091 1465 1143 ab
1507 1091 1653 1143 omni
1690 1090 1944 1143 materiae

238 1164 589 1217 concretione
628 1163 803 1216 libera
834 1170 992 1230 sunt,
1032 1182 1100 1215 ne
1140 1163 1389 1233 cogitant
1425 1161 1661 1231 quidem.
1736 1163 1944 1214 Verum

238 1235 383 1288 enim
419 1254 553 1287 vero
606 1235 699 1304 qui
737 1254 921 1288 veram
958 1234 1086 1287 inde
1124 1235 1419 1287 utilitatem
1468 1234 1752 1302 percipere
1791 1234 1944 1300 velit,

238 1325 360 1358 eum
411 1305 573 1358 decet
622 1313 859 1358 mentem
909 1324 941 1356 a
976 1306 1140 1358 rebus
1188 1304 1652 1375 adspectabilibus
1691 1323 1945 1371 avocare,

238 1376 600 1447 contemplari
649 1377 1007 1446 incorporea,
1068 1383 1355 1446 ipsamque
1417 1374 1846 1446 magnitudinem
1894 1384 1949 1428 et

238 1466 423 1501 omnes
462 1447 581 1500 eius
620 1448 859 1500 rationes
899 1454 1055 1500 extra
1090 1448 1371 1499 materiam
1405 1447 1622 1499 intueri.
1699 1445 1825 1514 Qua
1861 1467 1948 1500 ra-

238 1520 391 1572 tione
429 1519 664 1587 eveniet,
718 1526 779 1571 ut
813 1519 1026 1571 animus
1072 1537 1171 1589 per
1219 1537 1337 1571 eam
1373 1537 1486 1571 non
1524 1519 1698 1571 solum
1739 1518 1809 1571 ad
1847 1519 1949 1571 hu-

239 1609 400 1642 mana
451 1591 675 1662 negotia
712 1597 877 1661 aptus
915 1590 1045 1656 fiat,
1097 1589 1195 1643 sed
1248 1590 1410 1643 etiam
1461 1588 1532 1642 ad
1582 1591 1948 1661 contemplan-

240 1661 366 1713 dam
415 1661 591 1731 ipsam
638 1681 816 1714 rerum
864 1661 1149 1714 veritatem
1201 1669 1366 1731 atque
1421 1660 1618 1714 οὐσίαν
1666 1680 1950 1734 assurgere

239 1740 580 1786 consuescat.
657 1733 721 1785 P.
761 1733 881 1786 526.
923 1731 987 1787 C.
1027 1765 1094 1771 —-
1135 1734 1255 1785 527.
1296 1731 1360 1785 C.
1438 1730 1788 1785 Geometriae
1826 1752 1950 1788 suc-

240 1803 402 1856 cedat
429 1823 721 1874 corporum
749 1803 1047 1857 solidorum
1071 1803 1476 1874 contemplatio,
1519 1804 1634 1858 sive
1673 1813 1953 1859 stereo*

239 1875 532 1943 metria,
589 1894 731 1945 quae
779 1883 961 1928 tamen
1012 1875 1192 1928 adhuc
1229 1875 1458 1928 mirifice
1497 1875 1747 1947 neglecta
1785 1877 1948 1946 iacet,

241 1965 410 2014 quum
463 1947 536 1999 sit
586 1947 885 2017 praecipuo
937 1946 1122 2000 studio
1172 1946 1509 2019 dignissima.
1592 1948 1753 2000 Hanc
1804 1949 1950 2002 exci-

238 2018 353 2088 piat
392 2020 871 2084 astronomia,
913 2037 1055 2087 quae
1095 2016 1204 2070 dici
1241 2037 1349 2071 non
1386 2024 1572 2088 potest
1610 2027 1950 2091 quantopere

240 2089 480 2141 animum
530 2089 601 2141 ad
653 2090 914 2144 coelestia
967 2108 1032 2142 ac
1072 2088 1259 2142 divina
1297 2089 1722 2158 contemplanda
1758 2092 1948 2163 erigat.

241 2158 428 2226 Quum
467 2160 611 2212 enim
650 2170 760 2212 tam
798 2160 1060 2213 mirificus
1086 2160 1159 2214 sit
1184 2159 1423 2213 siderum
1463 2161 1627 2229 ordo,
1667 2170 1778 2214 tam
1818 2182 1951 2215 con-

241 2238 392 2284 stans
433 2237 488 2283 et
524 2231 800 2302 legitimus
841 2232 979 2285 coeli
1014 2239 1226 2300 motus,
1267 2232 1386 2285 fieri
1423 2252 1535 2285 non
1573 2240 1775 2302 potest,
1817 2235 1950 2303 quin

241 2302 452 2354 animus
502 2303 764 2371 spectatis
803 2302 995 2355 harum
1046 2321 1225 2355 rerum
1280 2304 1488 2358 caussis
1539 2316 1596 2357 et
1644 2306 1950 2359 rationibus

242 2391 274 2425 a
312 2372 569 2425 sordibus
623 2374 1099 2444 contemplationis
1138 2393 1319 2427 rerum
1358 2394 1743 2446 corporearum
1783 2376 1951 2430 veluti

241 2452 510 2514 purgatus
565 2444 636 2496 ad
694 2445 869 2515 ipsam
929 2446 1221 2498 veritatem
1289 2446 1608 2500 intuendam
1672 2448 1950 2503 evehatur.

242 2514 428 2582 Quum
479 2515 649 2586 igitur
692 2515 1170 2588 haec¹disciplina
1205 2536 1318 2570 non
1354 2525 1567 2570 tantum
1606 2518 1675 2571 ad
1716 2519 1951 2591 agricul-

242 2594 436 2655 turam,
477 2586 543 2638 ad
583 2587 1021 2658 navigationem,
1074 2587 1145 2640 ad
1195 2589 1350 2656 bella·
1382 2589 1623 2660 gerenda
1659 2591 1952 2645 utilissima

243 2658 334 2724 sit,
373 2656 470 2709 sed
511 2657 672 2711 etiam
709 2658 768 2710 id
806 2659 1026 2727 efficiat,
1064 2667 1126 2712 ut
1163 2660 1375 2713 animus
1401 2661 1604 2715 relictis
1641 2663 1804 2716 rebus
1842 2670 1950 2715 ter-

242 2728 386 2781 renis
437 2728 506 2780 ad
557 2729 646 2797 id,
699 2730 847 2799 quod
895 2750 1022 2783 vere
1058 2739 1170 2798 est,
1210 2730 1502 2785 escendere
1537 2732 1778 2798 studeat;
1830 2752 1949 2786 eam

243 2819 274 2852 a
310 2800 507 2852 futuris
546 2801 882 2870 reipublicae
925 2801 1246 2855 custodibus
1287 2802 1571 2856 colendam
1595 2823 1714 2858 esse
1755 2819 1948 2876 sponte

244 2871 617 2940 consequitur.
707 2874 770 2925 P.
821 2875 942 2927 527.
994 2874 1066 2929 D.
1099 2905 1168 2913 —
1211 2875 1332 2928 530.
1384 2873 1448 2927 C.
1522 2875 1720 2944 Neque
1773 2876 1948 2947 negli-

244 2941 427 3011 genda
464 2942 530 2995 iis
569 2944 838 2997 musica
875 2952 974 3012 est,
1002 2964 1141 3015 quae
1173 2946 1490 3016 angustiore
1529 2964 1692 2999 sensu
1718 2945 1947 3012 dicitur3

244 3030 383 3079 quae
423 3014 642 3082 quidem
669 3016 996 3086 cognatione
1023 3016 1257 3086 quadam
1297 3035 1421 3069 cum
1452 3018 1781 3070 astronomia
1818 3038 1947 3071 con·
2016 3060 2025 3076 ,

243 3083 461 3138 tinetur.
548 3085 686 3140 Sed·
713 3086 849 3140 haec
899 3106 1119 3157 quoque
1170 3107 1257 3141 ars
1296 3107 1405 3140 non
1444 3089 1520 3139 ita
1558 3086 1666 3140 coli
1704 3100 1760 3141 et
1797 3108 1947 3142 exer-

244 3153 352 3205 ceri
406 3154 598 3224 debet,
665 3168 727 3210 ut
777 3166 896 3211 tota
946 3159 1153 3212 sollerti
1191 3160 1669 3212 instrumentorum
1711 3162 1944 3214 musico-

301 3379 352 3433 ὓ)
386 3381 515 3422 Cous.
555 3384 724 3424 Phileb.
759 3399 797 3436 p.
832 3387 901 3427 513.
945 3389 987 3426 x.
1022 3400 1116 3438 sqq.
1153 3388 1221 3430 57.
1258 3387 1309 3426 D.
1344 3401 1432 3439 sqq.
1462 3388 1607 3440 ibique
1633 3396 1770 3430 annot
1808 3394 1944 3430 nostr.
