2106 3594
1554 178 1791 232 XXXV

81 326 254 392 fonte,
295 324 373 377 ita
421 321 583 376 etiam
653 320 1088 392 principium
1149 321 1593 390 effectionis,
1651 320 1799 391 quod

75 395 246 467 vulgo
316 394 461 448 reale
528 391 710 445 dicere
779 395 1215 463 consueverunt,
1285 392 1506 462 utrique
1574 393 1797 447 omnino

86 485 372 522 commune
409 472 508 519 est.
583 461 915 517 Continetur
950 463 1091 516 enim
1121 463 1259 517 illud
1300 464 1375 517 iu
1392 463 1616 534 stitia,
1657 481 1798 534 quae

77 539 241 593 sicuti
293 537 492 610 vulgo,
558 535 635 588 ita
689 535 850 588 etiam
905 554 938 587 a
983 534 1218 590 Platone
1267 555 1370 607 pro
1420 536 1623 590 virtute
1667 548 1797 590 vere

76 609 226 664 civili
278 609 527 662 habetur.
614 606 696 660 At
750 606 1006 659 nimirum
1051 606 1346 667 informata
1401 608 1517 661 eius
1561 608 1715 662 notio
1764 626 1796 661 a

79 680 412 754 philosopho
492 686 575 733 est
632 677 806 731 multo
863 677 1022 731 aliter
1072 698 1232 749 quam
1292 679 1616 752 plerumque
1676 679 1797 733 fieri

78 758 459 808 consueverat.
534 749 796 804 Cernitur
847 749 991 803 enim
1051 750 1262 804 iustitia
1323 749 1624 812 secundum
1673 769 1798 804 eum

77 845 190 878 non
217 825 273 878 in
299 831 531 877 externo
555 820 779 875 vivendi
805 839 955 874 more
980 821 1197 892 legibus
1225 821 1477 876 humanis
1505 827 1797 877 consenta-

79 916 214 965 nee,
255 914 364 965 quo
400 895 479 947 ita
511 892 595 962 fit,
633 899 697 946 ut
734 892 1002 945 neminem
1027 912 1130 947 nec
1157 893 1431 947 hominem
1478 911 1583 946 nec
1632 892 1795 947 deum

79 966 379 1034 laedamuS,
406 964 506 1020 sed
536 984 696 1019 suum
721 964 919 1034 cuique
945 964 1269 1033 tribuamus,
1295 963 1510 1035 qualem
1532 964 1797 1019 iustitiam

77 1041 191 1093 fere
240 1037 521 1109 Cephalus
573 1044 739 1106 atque
790 1035 1183 1091 Polemarchus
1231 1036 1288 1089 in
1324 1035 1598 1108 principio
1638 1037 1791 1091 Poli-

80 1111 187 1164 tiae
224 1110 555 1182 intelligunt,
593 1108 815 1162 notione
851 1107 1026 1179 ipsius
1067 1127 1135 1161 ex
1173 1127 1282 1161 uno
1306 1108 1454 1161 vitae
1493 1108 1795 1163 communis

79 1201 184 1236 usu
235 1181 546 1254 depromta3
608 1179 706 1233 sed
750 1180 937 1250 potius
987 1198 1105 1232 eam
1155 1179 1322 1233 habet
1357 1179 1498 1249 vim,
1563 1186 1624 1232 ut
1658 1199 1795 1234 una·

80 1273 334 1325 quaeque
382 1252 472 1305 vel
519 1251 755 1305 hominis
806 1251 893 1305 vel
944 1251 1186 1305 civitatis
1221 1269 1351 1322 pars
1391 1270 1491 1305 suo
1528 1251 1794 1323 fungatur

77 1333 339 1395 tanquam
386 1341 611 1377 munere
661 1330 717 1376 et
775 1322 962 1376 officio
1011 1341 1187 1392 eoque
1248 1322 1370 1393 ipso
1420 1323 1644 1395 propria
1691 1323 1798 1378 sibi

73 1397 279 1452 virtute
311 1396 575 1469 potiatur.
649 1393 777 1462 Quo
808 1393 932 1466 ipso
972 1393 1025 1446 in
1065 1392 1285 1448 homine
1323 1393 1517 1448 virium
1556 1414 1795 1464 suarum,

73 1469 146 1523 in'
185 1468 407 1522 civitate
456 1473 639 1520 autem
689 1467 931 1520 omnium
981 1465 1230 1519 ordinum
1274 1472 1440 1535 atque
1474 1467 1692 1520 'civium
1747 1468 1796 1521 is

81 1539 319 1595 efficitur
342 1545 665 1608 concentus,
702 1545 768 1592 ut
791 1538 1080 1607 utriusque
1106 1539 1284 1591 virtus
1311 1556 1374 1591 ac
1397 1537 1629 1593 felicitas
1667 1538 1796 1592 inde

80 1612 315 1666 maxima
370 1610 590 1666 oriatur.
670 1607 913 1681 Oportet
962 1609 1106 1662 enim
1155 1609 1465 1677 civitatem,
1501 1609 1798 1679 'siquidem

80 1683 327 1756 perfecta
382 1689 547 1751 atque
596 1681 809 1735 stabilis
848 1680 922 1734 sit
958 1681 1172 1748 futura,
1225 1678 1388 1734 unius
1439 1680 1675 1735 hominis
1711 1682 1796 1735 in-

81 1762 197 1810 star
247 1773 367 1809 esse
403 1771 589 1821 unam,
639 1752 979 1823 simplicem,
1038 1751 1276 1822 denique
1327 1752 1474 1805 omni
1524 1771 1592 1806 ex
1639 1760 1797 1825 parte

79 1826 185 1881 sibi
234 1825 694 1894 consentientem,
749 1823 913 1878 sicuti
968 1842 1135 1893 quum
1186 1823 1319 1877 alibi
1367 1829 1485 1876 tum
1529 1823 1797 1896 imprimis

19 1946 21 1953 ,
77 1897 232 1952 Libr.
286 1897 388 1951 IV.
437 1917 493 1970 p.
545 1899 669 1950 4⁴21.
721 1893 788 1950 C.
825 1926 898 1934 -
934 1896 1060 1949 422.
1100 1894 1167 1949 E.
1207 1914 1261 1966 p.
1301 1895 1424 1948 424.
1460 1895 1530 1952 A.
1566 1895 1700 1950 VII.
1738 1914 1795 1969 p.

82 1970 206 2024 519.
260 1969 328 2023 Β.
368 1967 615 2023 docetur.
705 1965 834 2035 Quo
884 1986 995 2020 uno
1053 1965 1270 2020 demum
1307 1966 1485 2021 omnis
1524 1967 1639 2022 eius
1662 1983 1797 2040 'per-

81 2041 247 2096 sectio
296 2039 616 2095 absolvitur.
692 2037 1028 2109 Quanquam
1066 2038 1149 2091 vis
1191 2044 1246 2091 et
1292 2038 1592 2094 efficacitas
1641 2040 1797 2094 iusti-

82 2113 192 2168 tiae
252 2113 330 2166 ita
376 2119 594 2166 tantum
642 2111 902 2184 emergit,
962 2110 1010 2164 si
1045 2110 1168 2182 ipsa
1204 2109 1433 2165 rationis
1472 2130 1538 2165 ac
1576 2112 1796 2183 sapien-

76 2185 189 2239 tiae
247 2184 477 2255 imperio
525 2203 590 2238 ac
637 2182 1007 2237 moderamine
1057 2182 1249 2235 utitur.
1335 2182 1482 2236 Nam
1533 2183 1795 2252 quemad-

75 2254 303 2311 modum
368 2274 522 2310 mens
587 2275 652 2309 ac
699 2254 972 2327 sapientia
1046 2254 1485 2325 uniuscuiusque
1551 2254 1796 2316 ,hominis

75 2327 249 2390 debet
294 2345 417 2383 esse
466 2327 579 2381 dux
633 2334 800 2398 atque
850 2325 1141 2394 mae-istra,
1198 2325 1470 2397 siquidem
1523 2325 1593 2380 ad
1634 2346 1797 2399 quam

77 2399 371 2454 maximam
408 2407 635 2453 naturae
673 2417 804 2453 suae
844 2372 1241 2468 perfectionem
1293 2398 1366 2452 sit
1400 2405 1796 2469 perventurus'3

77 2471 158 2526 ita
218 2470 411 2529 eadem
461 2471 625 2525 etiam
686 2470 926 2525 civitatis
975 2470 1353 2523 communitati
1402 2471 1685 2540 praefecta
1724 2471 1798 2525 sit

79 2552 306 2598 necesse
353 2553 468 2611 est,
522 2560 662 2614 quae
709 2542 827 2596 sine
872 2541 1101 2614 imperio
1152 2542 1480 2613 sapientium
1517 2560 1797 2614 nunquam

78 2614 325 2669 'futurum
377 2620 463 2668 est
507 2621 571 2667 ut
628 2613 795 2667 beata
842 2614 1058 2667 existat.
1147 2611 1428 2681 Quocirca
1479 2613 1605 2668 falsi
1670 2622 1798 2668 sunt

123 2686 332 2742 rofecto
379 2684 586 2740 iudicio
635 2703 765 2753 suc,
834 2684 929 2755 qui
996 2684 1285 2738 Platonem
1348 2691 1684 2755 putaverunt
1741 2684 1796 2739 in

134 2754 288 2812 olitia
334 2755 642 2812 deseruisse
690 2774 808 2809 eam
862 2755 1142 2818 rationem,
1182 2774 1292 2825 qua
1328 2755 1650 2827 sapientiam
1685 2764 1797 2810 sta-

80 2828 190 2883 tuit
226 2828 400 2883 omnis
438 2828 659 2883 virtutis
695 2836 955 2898 tanquam
994 2834 1218 2880 matrem
1250 2825 1534 2896 vquandam
1567 2848 1630 2884 ac
1709 2847 1795 2882 ro—

84 2901 403 2956 ·creatricem
440 2919 592 2967 esse,
647 2907 709 2953 ut
745 2900 800 2952 in
841 2898 942 2953 hac
978 2918 1089 2951 una
1130 2898 1361 2951 maxime
1398 2918 1611 2953 omnem
1649 2848 1795 2955 illius

77 2970 302 3026 {audem
389 2973 629 3045 positam
708 2970 1049 3025 iudicaverit.
1166 2968 1273 3024 Est
1364 2970 1509 3024 enim
1585 2971 1797 3026 iustitia

85 3050 312 3098 eatenus
362 3042 581 3115 quidem
619 3042 795 3097 virtus
830 3049 1094 3114 tanquam
1134 3040 1480 3114 principalis,
1520 3050 1795 3114 quatenus

79 3114 306 3192 plenum
354 3124 465 3170 tam
514 3114 679 3169 animi
727 3113 922 3167 virium
961 3131 1124 3183 quam
1174 3113 1507 3186 reipublicae
1556 3116 1796 3186 partium

84 3194 410 3247 concentum
473 3187 647 3241 efficit
695 3193 860 3257 atque
917 3203 1180 3239 summam
1234 3192 1289 3238 et
1336 3183 1544 3239 homini
1589 3193 1644 3241 et
1692 3186 1798 3240 rei·

81 3256 341 3328 publicae
408 3256 571 3313 affert
638 3257 1061 3330 perfectionem3
1130 3274 1313 3327 neque
1375 3264 1558 3311 tamen
1622 3258 1796 3330 ipsius

84 3327 305 3383 virtutis
357 3346 555 3401 parens
617 3348 682 3382 ac
733 3328 995 3411 magistra
1044 3327 1297 3382 habenda
1349 3337 1470 3397 est,
1523 3347 1664 3399 quae
1714 3336 1798 3383 est

7 3412 12 3534 Ι
85 3400 269 3471 potins
320 3400 504 3455 ratio
552 3420 614 3454 ac
665 3398 1050 3471 sapientia.
1140 3398 1492 3472 Quapropter
1536 3419 1645 3455 non
1686 3420 1799 3454 uno

1367 3516 1452 3563 3*
