2098 3658
324 166 420 214 162

861 162 1344 217 PLATONIS

321 311 418 364 τοῦ
468 330 520 362 τε
545 309 878 373 Γλαύκωνος
921 314 1010 364 και
1060 312 1159 365 τοῦ
1194 309 1553 381 Ἀδειμάντου
1600 310 2010 383 ἠγάμην,ἀτάρ

538 469 559 491 ‘5

179 397 280 447 368
318 385 420 447 οὖν
463 396 552 446 καὶ
594 394 719 447 τότε
765 394 913 448 πάνυ
952 416 1008 462 γε
1043 390 1233 462 ἥσθην
1262 399 1354 450 καὶ
1390 395 1563 450 εἷπον·
1614 393 1691 451 Οὐ
1716 399 1894 460 κακῶς
1937 403 2012 461 εἰς

313 475 474 548 ὑμᾶς,
523 499 563 529 ω
610 481 802 540 παῖδες
831 483 1048 533 ..ἐκείνου
1094 484 1196 534 τοῦ
1244 478 1484 549 ἀνδρός,
1530 476 1632 544 τὴν
1677 479 1858 551 ἀρχὴν
1901 484 2012 534 τῶν

314 565 556 627 ἐλεγείων
599 567 852 628 ἐποίησεν
895 560 924 617 ὁ
965 562 1297 628 Γλαύκωνος
1342 561 2010 636 ἐραστής-,εὐδοκιμήσαν-

316 667 418 709 τας
457 648 581 716 περὶ
625 644 729 712 τὴν
775 649 1032 718 Μεγαροῖ
1077 647 1278 719 μα’χην,
1325 648 1518 703 εἰπών·

441 732 633 794 παῖδες
672 730 1017 802 Ἀρίστωνος,
1051 737 1277 788 ’κλεινοῦ
1326 736 1489 787 θεῖον
1530 736 1686 802 γένος
1729 728 1955 800 ἀνδρός.

318 813 488 870 τοῦτό
531 837 649 885 μοι,
678 807 718 869 ὦ

766 819 935 890 φίλοι,
981 808 1038 872 εὖ
1086 821 1233 872 δοκεῖ
1278 822 1443 888 ἔχειν·

1497 815 1648 871 πάνυ
1692 812 1800 886 γὰρ
1849 819 2014 870 θεῖον

320 898 671 970 πεπόνθατε,
708 906 753 954 εἰ
779 899 855 970 μὴ
881 906 1146 956 πέπεισθε
1194 902 1419 956 ἀδικίαν
1462 899 1815 967 δικαιοσύνης
1859 898 2016 971 ἄμει·

322 1006 422 1039 νον
469 982 624 1048 εἶναι,
649 980 791 1039 οὕτω
833 984 1127 1057 δυνάμενοι
1171 994 1340 1041 εἰπεῖν
1380 985 1518 1056 ὑπὲρ
1565 985 1761 1040 αὐτοῦ.
1808 987 2013 1038 δοκεῖτε

239 1064 285 1115 Β
324 1065 388 1134 δή
432 1091 529 1139 μοι
570 1068 643 1133 ὡς
681 1069 918 1136 ἀληθῶς
974 1070 1039 1125 οὐ
1082 1075 1404 1127 πεπεῖσθαι.
1449 1076 1812 1141 τεκμαίρομαι
1859 1072 1915 1123 δὲ
1958 1075 2015 1121 ὲκ

277 1149 285 1161 “
324 1157 422 1208 τοῦ
469 1150 645 1210 ἄλλον
672 1158 773 1209 τοῦ
798 1152 1060 1225 ὑμετέρου
1091 1154 1304 1227 τρόπου
1326 1174 1338 1186 ·
1382 1158 1495 1209 ἐπεὶ
1529 1153 1672 1208 κατά
1704 1175 1761 1222 γε
1808 1149 2016 1214 αὐτοὺς

318 1237 451 1302 τοὺς
478 1237 678 1308 λόγους
699 1239 973 1305 ἠπίστουν
997 1238 1072 1294 ἂν
1100 1238 1248 1309 ὑμῖν.
1295 1237 1406 1307 ὅσῳ
1434 1242 1490 1292 δὲ
1519 1242 1736 1307 μᾶλλον
1759 1234 2013 1300 πιστεύω,

321 1323 571 1392 τοσούτῳ
609 1323 827 1393 μᾶλλον
854 1324 1070 1394 ἀπορῶ,
1096 1322 1125 1377 ὅ
1155 1346 1206 1377 τι
1232 1322 1550 1394 χρήσωμαι·
1578 1319 1706 1378 οὕτε
1735 1320 1843 1392 γὰρ
1867 1319 2016 1384 ὅπως

317 1409 524 1476 βοηθῶ
569 1411 697 1477 ἔχω·
745 1411 886 1463 δοκῶ
943 1406 1054 1478 γοὶρ
1109 1431 1209 1478 μοι
1245 1408 1526 1471 ἀδύνατος
1569 1407 1739 1462 εἶναι·

1787 1426 1819 1461 σ
1826 1418 1976 1478 ημεῖο
1986 1427 2012 1459 ν

319 1495 376 1546 δέ
430 1513 557 1562 μοι,
603 1490 695 1547 ὅτι
752 1490 788 1546 ἃ
848 1490 987 1562 πρὸς
1033 1491 1411 1563 Θρασύμαχον
1455 1496 1625 1562 λέγων
1669 1488 1824 1562 ᾤμην
1869 1491 2016 1546 ἀπο·

437 1600 546 1652 Cap.
565 1601 624 1640 X.
689 1601 725 1641 P
760 1601 861 1645 368.
923 1595 959 1641 ὦ
987 1599 1178 1642 παῖδες
1207 1600 1428 1642 ἐκείνου
1459 1602 1562 1644 τοῦ
1593 1595 1769 1654 ἆνδρ.]
1803 1594 1837 1640 ὦ
1868 1597 2016 1640 παῖδες

321 1657 368 1699 τὰ
400 1657 570 1698 ἐκείνου
602 1659 682 1698 τοῦ
712 1654 884 1713 ἀνδρός,
923 1657 973 1699 ὃς
1003 1657 1080 1712 τὴν
1109 1655 1245 1713 ἀρχὴν
1274 1660 1398 1700 Flor.
1430 1672 1466 1700 c.
1498 1672 1542 1698 x.
1575 1673 1614 1702 α.
1647 1660 1803 1699 Ambr.
1835 1660 1955 1711 Ang.

434 1714 531 1769 τὴν
570 1717 829 1770 Μεγαροῖ
861 1716 1060 1771 μάχην]
1111 1715 1187 1771 τὴν
1225 1716 1272 1757 ἐν
1311 1717 1370 1757 Μ.
1404 1731 1443 1766 μ.
1488 1717 1582 1759 Vat.
1626 1714 1674 1757 Θ.
1712 1730 1747 1761 r.
1793 1718 1917 1758 vind.
1963 1714 2014 1755 ‘l’-

316 1775 425 1815 Mox
454 1788 538 1827 pro
568 1775 739 1815 κλεινοῦ
773 1777 867 1817 Vat.
904 1775 951 1819 Θ.
986 1777 1118 1820 vind.
1158 1775 1209 1816 Φ.
1241 1776 1343 1816 Vat.
1375 1789 1411 1818 r.
1443 1773 1626 1815 ἐκείνου.

321 1858 452 1913 δρός,
496 1862 570 1900 vix
610 1868 727 1903 recte
769 1864 1034 1915 cogitaveris
1073 1864 1127 1904 de

324 1933 475 1959 eorum
492 1927 691 1971 parente.
739 1922 836 1961 Imo
856 1922 999 1962 faceta
1017 1921 1126 1962 haec

324 1978 601 2030 compellatio
622 1985 703 2029 est,
726 1992 813 2032 qua
830 1980 896 2019 illi
916 1985 1127 2032 tanquam

325 2036 551 2088 sophistae
610 2037 814 2089 discipuli
863 2039 1126 2088 salutantur,

325 2095 448 2133 cuius
479 2096 741 2134 sententiam
767 2096 1019 2135 acutissime
1050 2096 1123 2134 de-

326 2152 593 2199 fendissent,
640 2154 840 2204 quamvis
886 2154 996 2205 ipsis
1034 2165 1125 2193 non

326 2222 380 2249 ex
420 2210 568 2249 animo
617 2211 864 2262 probatam.
936 2211 1002 2251 lta
1042 2209 1125 2251 So-

327 2272 467 2307 crates
514 2267 562 2306 in
613 2268 798 2309 Philebo
847 2282 889 2321 p.
939 2269 1010 2311 36.
1067 2268 1125 2311 D.

326 2325 643 2374 Protarchum,
695 2328 770 2379 qui
813 2326 986 2367 Philebi
1027 2339 1126 2366 sen-

325 2383 509 2423 tentiam
525 2388 686 2434 tuetur,
707 2386 965 2436 compellat.
999 2377 1034 2423 ὦ
1052 2388 1129 2424 παῖ

326 2438 496 2481 εκείνου
519 2435 715 2494 τάνδρός.
746 2444 988 2495 Apponere
1002 2444 1127 2483 iuvat

328 2512 442 2551 quae
480 2500 658 2552 scripsit
705 2500 1038 2553 Bottigerus
1077 2501 1124 2540 in

324 2558 464 2600 libro:
497 2558 670 2598 Ideen
702 2558 1124 2599 zurArchaolo—

327 2616 418 2666 gie
462 2616 556 2656 der
603 2617 882 2657 Mahlerei
927 2630 972 2669 Ρ.
1024 2616 1122 2660 136-

327 2674 492 2723 „Alle
531 2674 685 2714 diese
741 2674 1123 2727 Periphrascn

326 2733 424 2771 mit
462 2736 610 2780 παῖς,
652 2733 759 2772 wie
792 2730 1125 2784 φιλοσόφων

327 2788 534 2838 παῖδες,
607 2790 851 2830 πλαστῶν
911 2789 1124 2838 παῖδες,

324 2847 790 2889 u.s.w.dr1‘ieken
822 2855 968 2890 ste‘ts
1002 2850 1126 2890 cine

325 2903 963 2960 Familiensippschaft‚
1003 2908 1127 2948 eine

327 2960 534 3004 Schule
565 2977 605 3004 u.
644 2977 680 3005 s.
711 2978 767 3005 w.
800 2978 917 3021 aus,
951 2966 1127 3006 worin

327 3019 479 3061 diese
509 3022 716 3075 Lehre,
759 3023 911 3064 diese
941 3023 1128 3063 Kunst

325 3075 650 3130 fortgeerbt
719 3082 946 3121 wurdef
1049 3079 1148 3121 Sic.

328 3136 447 3187 apud
474 3137 617 3189 ipsum
642 3137 877 3179 Platonem
891 3139 1031 3191 Legg.
1054 3136 1124 3178 Vl.

329 3192 489 3249 ῐ).769.
515 3194 576 3234 B:
609 3195 756 3236 παῖδες
785 3193 1030 3251 ζωγράφων
1060 3195 1126 3236 di-

331 3255 511 3298 cuntur,
556 3253 630 3303 qui
673 3254 892 3304 pictorum
935 3254 1022 3296 arti
1074 3266 1125 3293 ac

331 3308 592 3362 disciplinae
617 3310 783 3351 addicti
816 3317 932 3352 sunt.
989 3309 1126 3353 Τέκνα

332 3378 367 3406 s.
383 3364 537 3407 παῖδας·
553 3367 796 3420 discipulos
827 3369 1126 3422 sophistarum

331 3436 426 3465 esse
497 3425 767 3478 appellatos,
801 3427 923 3479 ipsos
983 3428 1125 3468 autem

1213 1863 1436 1916 sophistas
1487 1861 1672 1915 πατέρας
1720 1868 2013 1915 nuncupatos,

1213 1923 1341 1961 docet
1388 1919 1698 1961 Cresollius
1751 1922 1798 1961 in
1847 1919 2015 1965 Thea-

1213 1986 1302 2019 tro
1344 1977 1650 2019 Rhetorum
1689 1978 1734 2028 Ι,
1774 1979 1814 2021 9.
1870 1990 1913 2030 Ρ.
1942 1975 2013 2021 69

1211 2036 1340 2076 Unde
1371 2037 1511 2076 lucem
1545 2049 1667 2077 suam
1687 2037 1907 2089 accipiunt
1937 2037 2015 2076 illa

1211 2095 1258 2133 in
1281 2093 1454 2134 Phileb.
1477 2107 1520 2145 Ρ.
1545 2095 1614 2138 16.
1637 2094 1700 2134 B:
1735 2090 1790 2134 ου’
1817 2091 1899 2147 γὰρ
1934 2089 2016 2134 οὖν

1212 2144 1247 2191 ὦ
1280 2149 1447 2200 παῖδες,
1483 2148 1544 2191 ὥς
1574 2164 1709 2204 φησιν
1741 2148 1852 2205 ἡμᾶς
1881 2163 2013 2204 προς

1212 2206 1438 2263 αγορεύων
1474 2208 1689 2262 Φι’λ.ηβος
1723 2210 1886 2251 Faceto
1915 2211 2014 2251 lusu

1209 2274 1355 2308 autem
1387 2266 1566 2308 eosdem
1584 2269 1747 2309 deinde
1762 2270 1828 2309 ait
1859 2281 1886 2309 a
1906 2278 2013 2320 poe-

1210 2332 1256 2366 ta
1292 2327 1512 2366 salutatos
1543 2339 1640 2367 esse
1660 2327 1828 2368 verbim
1865 2324 2016 2367 παῖδες

1207 2378 1464 2436 Ἀρίστωνος
1502 2389 1672 2425 mutato
1709 2386 1796 2426 isto
1845 2382 2015 2426 ἐκείνου

1208 2443 1254 2482 in
1288 2442 1470 2482 κλεινοῦ.

1267 2500 1321 2542 Ρ.
1338 2499 1438 2543 368.
1472 2494 1500 2538 o‘
1531 2497 1864 2540 Γλαύκωνος
1901 2498 2013 2553 ἐρα-

1212 2555 1372 2611 orris]
1407 2557 1639 2598 Critiam
1668 2559 1824 2598 harum
1849 2558 2013 2611 elegia-

1206 2629 1304 2656 rum
1337 2620 1562 2656 auctorem
1599 2615 1737 2657 fuisse
1775 2621 1903 2657 acute
1938 2630 2011 2658 su·
2087 2658 2089 2672 A

1220 2672 2015 2727 spicaturSchleiermacherus3
2086 2680 2089 2731 ᾗ

1210 2747 1252 2773 V.
1285 2733 1415 2773 etiam
1448 2731 1870 2774 Schneidewin.
1911 2732 2012 2773 Del.

1210 2791 1414 2842 Elegsp.
1448 2785 1534 2833 136
1566 2803 1632 2842 sq.

1209 2876 1211 2878 -
1270 2847 1391 2901 περὶ
1415 2844 1514 2900 -τὴν
1545 2847 1802 2900 Μεγαροῖ
1825 2844 2010 2903 μάχην]
2082 2858 2085 2875 ¹

1212 2905 1431 2947 Incertum
1477 2910 1544 2946 est
1602 2917 1819 2958 quaenam
1866 2918 2015 2957 pugna

1210 2964 1277 3004 adr
1306 2963 1533 3014 Megaram
1577 2963 1811 3003 commissa
1849 2964 2013 3003 intelli-

1212 3021 1358 3073 genda
1388 3021 1457 3062 sit.
1517 3019 1689 3060 Pendet
1706 3021 1771 3060 rei
1800 3021 2013 3062 iudicium

1211 3091 1267 3118 ex
1295 3083 1556 3129 temporum,
1582 3078 1741 3130 quibus
1769 3079 1818 3118 hi
1848 3092 2010 3119 sermo-

1209 3148 1288 3177 nes
1317 3135 1544 3187 finguntur
1558 3136 1716 3188 habiti,
1737 3139 2012 3178 accuratiore

1209 3193 1478 3235 definitione.

1227 3249 1486 3290 ’δοκεῖτε
1505 3247 1566 3303 δή
1595 3264 1688 3300 μοι
1719 3246 1789 3291 ὥς
1818 3246 2011 3304 &mlvi-

1208 3310 1372 3349 cinus
1389 3321 1400 3351 ι
1422 3308 1697 3349 videmini
1724 3314 1902 3350 autem
1924 3310 2011 3349 mi-

1210 3367 1263 3407 hi
1293 3380 1321 3419 p
1335 3367 1553 3406 ersu'asi
1583 3379 1613 3406 n
1627 3379 1653 3407 o
1667 3379 1695 3406 n
1716 3374 1825 3408 esse.
1854 3368 2012 3419 Itaque

1212 3422 1259 3464 δέ
1269 3424 1430 3476 legisse
1444 3424 1630 3465 videtur.
1644 3423 1905 3477 Quanquam
1918 3426 2011 3466 vul·
2067 3462 2069 3478 ,
