2124 3744
722 169 942 224 LIBRI
982 170 1238 226 SEXTI.
1806 170 1837 220 9

139 315 223 368 nis
261 315 454 369 salutis
482 332 681 368 caussa
717 312 1008 367 severitate
1045 311 1104 364 in
1142 331 1239 367 eos
1275 320 1539 379 uteretur,
1578 328 1838 382 asperna-

138 395 327 439 rentur
363 395 422 440 et
456 386 771 440 reiicerent:
818 384 900 437 ita
938 383 1104 436 etiam
1138 385 1338 456 vulgus
1378 385 1578 438 civium
1599 424 1615 452 ,
1669 400 1838 452 quum

137 459 320 511 omnia
371 458 605 511 utilitate
654 464 750 510 aut
795 455 1076 526 voluptate
1112 456 1399 524 metiatur,
1446 474 1540 509 eos
1579 472 1838 508 accusare

137 529 308 599 solet,
349 530 443 601 qui
478 549 550 601 po
594 528 673 582 uli
710 526 1105 600 cupiditatibus
1142 546 1254 580 nou
1290 527 1638 600 indulgentes
1675 525 1837 579 unice

118 608 319 654 'veram
366 548 699 673 reipublicae
747 599 1039 653 utilitatem
1090 605 1256 669 atque
1307 599 1539 653 salutem
1590 605 1837 669 spectare

137 673 333 727 solent.
406 672 492 725 Ita
532 690 600 724 ue
638 690 750 724 non
787 668 1102 742 philosophi
1140 670 1248 724 hoc
1284 671 1503 724 nomine
1542 668 1837 723 accusandi

137 753 295 812 sunt,
344 742 444 798 sed
494 743 505 754 ‘
532 743 570 795 li
618 743 835 813 potiuS,
891 742 985 811 qui
1034 741 1377 813 philosophis
1430 760 1542 794 non
1592 747 1836 794 utuntur.

138 814 307 884 Quod
354 823 536 868 autem
583 833 694 868 non
744 833 845 868 sua
888 821 1084 885 sponte
1132 811 1203 866 ad
1255 813 1590 884 reipublicae
1638 812 1840 883 guber-

139 887 335 940 nacula
385 884 684 954 accedunt,
723 885 934 938 faciunt
968 885 1066 953 illi,
1108 884 1255 956 quod
1293 891 1718 940 consentaneum
1755 890 1840 936 est

138 959 257 1012 fieri
303 977 338 1011 a
385 958 517 1011 viris
578 957 935 1029 sapientibus.
1032 957 1177 1011 Nam
1218 957 1388 1010 sicuti
1436 954 1681 1009 medicus
1729 973 1839 1007 non

136 1029 278 1085 solet
315 1028 386 1083 ad
421 1029 650 1082 aliorum
689 1030 834 1082 fores
871 1027 1152 1096 accedere,
1190 1047 1393 1100 rogans
1429 1036 1494 1081 ut
1515 1045 1573 1081 se
1612 1027 1680 1079 ab
1718 1025 1840 1097 ipso

137 1101 315 1156 curari
364 1102 642 1174 patiantur
688 1100 735 1155 si
774 1100 868 1169 qui
905 1107 1223 1169 aegrotent,
1274 1118 1456 1169 neque
1502 1098 1722 1152 omnino
1757 1098 1858 1151 vir*

136 1174 356 1245 sapiens
404 1172 683 1226 hominum
736 1170 995 1225 ditiorum
1048 1179 1105 1224 et
1157 1171 1561 1243 opulentiorum
1598 1170 1841 1223 favorem

137 1244 310 1299 ambit
349 1245 565 1299 abiecta
599 1242 940 1298 adulatione:
979 1244 1195 1298 ita·nec
1232 1243 1289 1312 ii,
1319 1243 1412 1314 qui
1451 1241 1522 1295 ad
1545 1241 1841 1313 rempubli-

135 1335 256 1371 cam
312 1315 722 1389 gubernandam
770 1315 955 1376 idonei
1004 1322 1160 1382 sunt,
1222 1316 1291 1368 ab
1342 1315 1595 1387 imperita
1641 1313 1842 1368 civium

136 1389 297 1443 turba
352 1407 598 1458 unquam
659 1388 945 1460 imperium
1005 1387 1414 1442 mendicabunt.
1510 1385 1842 1456 Quanquam

141 1460 278 1515 haec
328 1460 452 1532 ipsa
498 1479 664 1514 causa
714 1468 827 1528 est,
889 1479 988 1514 cur
1037 1459 1350 1531 philosophi
1398 1458 1720 1532 plerumque
1770 1456 1843 1510 ad

138 1532 414 1587 civitatem
463 1530 949 1586 administrandam
999 1532 1174 1603 inepti
1210 1531 1536 1585 iudicantur.
1613 1531 1675 1584 P.
1715 1531 1840 1583 487.

139 1604 205 1657 B.
242 1635 312 1644 —
353 1606 476 1658 489.
526 1603 599 1657 D.
690 1602 805 1658 Sed
851 1603 1016 1675 longe
1069 1603 1290 1676 gravior
1338 1601 1549 1656 invidia
1596 1597 1850 1674 philoso-‘

137 1675 300 1748 phiae
338 1675 407 1731 ab
445 1675 551 1730 illis
589 1675 726 1748 ipsis
763 1674 992 1729 conflari
1029 1675 1205 1745 solet,
1245 1675 1359 1745 qui,
1399 1674 1531 1728 licet
1569 1673 1843 1746 sapientia

137 1755 385 1811 careant,
424 1756 607 1801 tamen
642 1747 1095 1819 philosophorum
1132 1764 1345 1801 nomen‘
1369 1765 1499 1818 prae
1540 1765 1598 1800 se
1641 1748 1841 1800 ferunt.

137 1819 357 1873 Etenim
393 1839 559 1890 quum
596 1838 696 1891 per
731 1838 791 1873 se
830 1838 951 1872 rara
987 1819 1060 1873 sit
1091 1819 1185 1872 illa
1206 1819 1370 1872 animi
1406 1817 1639 1880 indoleS‚
1677 1837 1843 1888 quam

135 1910 264 1946 vero
300 1890 630 1962 philosopho
667 1891 943 1962 propriam
983 1910 1107 1945 esse
1146 1890 1345 1945 debere
1382 1889 1545 1944 modo
1584 1888 1841 1957 vidimUS,

134 1981 237 2017 nec
284 1982 451 2034 saepe
498 1971 757 2016 nascatur
809 1963 903 2033 qui
954 1962 1024 2016 ad
1078 1963 1378 2034 sapientiae
1414 1961 1656 2016 studium
1694 1962 1842 2015 omni

135 2054 204 2088 ex
240 2042 394 2107 parte
428 2033 662 2089 idoneus
701 2034 799 2098 sit3
855 2042 973 2088 tum
1019 2033 1285 2106 plurimae
1325 2042 1454 2088 sunt
1491 2052 1843 2105 corrumpen-

136 2105 330 2161 dorum
370 2105 685 2161 huiusmodi
721 2106 1068 2179 ingeniorum
1106 2126 1304 2162 causae
1357 2114 1413 2160 et
1458 2105 1842 2178 opportunita-

135 2195 236 2234 tes.
311 2177 787 2248 Quemadmodum
826 2178 968 2232 enim
1002 2178 1223 2250 plantae
1259 2184 1682 2261 corrumpuntur
1718 2176 1841 2245 soli,

136 2251 498 2322 tempestatis,
541 2250 919 2304 alimentorum
946 2250 1275 2316 vitiositate3
1315 2251 1394 2304 ita
1430 2259 1594 2304 etlam
1630 2248 1844 2303 animus

138 2341 238 2393 per
283 2341 345 2377 se
380 2340 712 2396 generosus,
762 2322 811 2376 si
860 2322 1008 2376 bona
1048 2333 1233 2377 careat
1270 2321 1630 2390 educatione,
1682 2320 1844 2375 facile

48 2426 51 2450 ε
137 2392 496 2478 depravatur,
547 2393 797 2465 adeoque
834 2393 900 2448 fit
935 2414 1001 2448 eo
1039 2395 1196 2466 peior
1230 2402 1396 2466 atque
1432 2395 1680 2467 turpior,
1733 2411 1844 2463 quo

138 2465 390 2520 ditiorem
427 2484 462 2520 a
497 2474 693 2520 natura
726 2483 856 2520 acce
897 2466 941 2519 it
977 2465 1177 2522 dotei‘n.
1253 2467 1496 2520 Primum
1535 2473 1746 2531 autem,
1786 2472 1847 2518 ut

138 2538 247 2591 alia
282 2546 516 2605 taem,
556 2537 783 2594 multum
821 2485 894 2591 ag
930 2538 1141 2593 animos
1192 2538 1622 2593 adolescentium
1660 2536 1846 2590 valent

140 2609 592 2681 reprehensiones
650 2628 716 2664 ac
773 2608 1150 2678 laudationes,
1228 2610 1431 2681 quibus
1491 2610 1549 2663 in
1609 2608 1842 2681 publicis

138 2682 499 2736 concionibus
535 2681 881 2736 cumulantur
914 2682 973 2751 ii,
1052 2683 1107 2735 ui
1146 2681 1538 2754 rempublicam
1574 2687 1843 2734 tractant:

138 2754 339 2826 quibus
376 2752 579 2808 auditis
628 2753 706 2807 illi
745 2753 998 2826 neglecta
1073 2762 1322 2809 onestate
1361 2754 1519 2808 unice
1558 2751 1616 2805 id
1652 2760 1842 2824 agunt,

137 2835 201 2879 ut
244 2825 431 2899 populi
477 2826 716 2880 favorem
765 2826 870 2881 sibi
909 2824 1187 2898 colligant.
1263 2825 1481 2879 Deinde
1517 2824 1641 2896 plus
1680 2823 1843 2878 etiam

138 2896 421 2952 efficaciae
458 2897 665 2953 habent
703 2917 912 2970 poenae
946 2905 1042 2951 aut
1079 2897 1350 2968 praemia,
1409 2896 1608 2967 quibus
1648 2894 1750 2949 viri
1788 2895 1842 2948 in

176 2968 374 3024 ublicis
423 2970 738 3025 muneribus
784 2970 985 3024 versati
1024 2969 1356 3024 afficiuntur.
1432 2967 1590 3037 Quae
1636 2974 1845 3021 tantam

139 2990 346 3095 habent
389 3042 530 3112 vim,
584 3050 646 3096 ut
697 3061 852 3096 nemo
904 3042 1159 3095 iuvenum
1208 3041 1313 3096 nisi
1370 3039 1557 3095 divina
1607 3038 1844 3110 quadam

139 3119 286 3167 sorte
339 3112 517 3169 bonus
564 3112 797 3168 evadere
851 3126 1033 3185 queat.
1132 3114 1302 3168 l'orro
1340 3113 1504 3167 etiam
1558 3110 1842 3184 sophistae

39 3180 60 3246 ’ἒ
140 3181 563 3239 adolescentium
614 3185 825 3241 animos
873 3189 1262 3256 corrumpunt,
1314 3185 1521 3258 quippe
1573 3183 1666 3253 qui
1706 3181 1895 3237 nihil‘

48 3287 59 3301 ι
139 3253 287 3309 aliud
327 3255 427 3310 nisi
466 3275 586 3311 eam
622 3266 794 3312 artem
835 3258 1211 3330 profiteantur,
1251 3274 1362 3326 qua
1395 3257 1520 3327 quis
1561 3255 1842 3328 imperitae

140 3326 325 3447 Zopuli
378 3327 712 3384 multitudini
752 3337 1011 3399 tanquam
1066 3328 1276 3383 belluae
1309 3328 1475 3388 alicui
1515 3327 1841 3382 blandiatur.

10 3346 15 3523 ι
147 3423 159 3450 ι
198 3418 337 3467 eque
375 3399 515 3453 enim
549 3403 785 3473 populus
823 3400 891 3455 do
930 3422 1027 3466 oo,
1081 3398 1226 3469 quod
1270 3421 1366 3472 per
1404 3420 1460 3457 se
1500 3399 1748 3470 pulcrum
1789 3407 1840 3451 et

12 3547 15 3572 Ι
