2124 3744
148 758 252 810 (314

300 198 402 249 428
941 198 1418 256 PLATONIS
1496 252 1499 254 a

295 346 385 394 καὶ
425 340 460 395 ἀ
503 340 743 412 ἄ)ροικα
791 346 1024 414 ἔφησθα
1071 365 1136 400 συ
1155 347 1332 410 εἶναι,
1375 346 1570 412 aava»)
1601 351 1783 412 λέγων.
1841 342 1991 426 [εἶτα

294 423 732 495 στρεβλώσονται
761 449 851 482 και
882 427 1388 505 ἐκκαυθήσονται]
1436 429 1624 485 πάντα
1648 437 1826 485 ἐκεῖνα
1872 433 1992 488 οἴου

294 513 386 564 καὶ
443 513 578 579 ἐμοῦ
621 511 918 579 ἀκηκοέναι
958 511 1038 577 ὠς
1082 516 1402 585 πάσχουσιν,
1445 514 1558 573 ἀλλ’
1619 512 1647 569 ὃ
1675 519 1824 583 λέγω,
1867 514 1992 588 ὅρα,

293 601 337 648 εἰ
382 595 594 660 magu.
626 597 738 649 Και
786 596 954 671 πάνυ
982 603 1119 671 ἔφη·
1170 602 1355 658 δικαια
1399 621 1510 669 γαρ
1551 603 1742 666 λέγεις.

422 675 559 755 Cap.
608 677 774 734 ΧΙΙΙ.
805 678 875 735 A
914 684 1016 751 μὲν
1062 688 1268 752 τοίνυν,
1315 675 1395 748 ἦν
1429 681 1470 738 ὸ
1523 682 1654 749 ἐμά,
1704 686 1865 750 ζῶντι
1913 687 1988 752 τῷ

291 765 507 836 δικαίῳ
529 763 683 816 παοα
737 768 893 819 θεῶν
938 786 995 821 τε
1045 771 1138 822 καὶ
1201 766 1532 836 άνθρωπων
1585 760 1750 822 ἆθλα
1800 790 1856 823 τε
1900 791 1991 823 και

223 879 226 882 <
223 851 491 916 μισθοὶ
527 851 619 901 καὶ
665 851 814 920 δῶρα
860 853 1115 918 >instan-
1146 850 1288 923 πρὸς
1331 857 1577 915 ἐκείνοις
1588 864 1706 916 τοῖς
1738 851 1811 923 ά)
1815 856 1991 916 αθοῒς

403 1040 517 1093 Cap.
547 1038 677 1083 XIII
714 1043 762 1084 P.
796 1043 894 1087 614.
921 1040 1212 1096 ἀπειλήφῃ
1253 1044 1310 1085 τὰ
1342 1042 1444 1086 ὑπὸ
1486 1061 1518 1086 τ.
1560 1047 1623 1100 L]
1684 1048 1756 1088 Sic
1796 1048 1895 1088 Par.
1932 1049 1986 1087 A.

293 1097 398 1139 Flor
430 1113 466 1139 a.
498 1112 532 1139 c.
569 1113 610 1141 x.
644 1116 683 1154 γ.
755 1103 912 1144 Euseb.
951 1104 1152 1155 Praepar.
1190 1104 1352 1157 Evang.
1372 1105 1471 1165 ΧΙ,
1500 1104 1572 1150 35
1607 1119 1648 1158 p.
1681 1107 1780 1149 562.
1847 1091 1987 1158 Vulgo

286 1150 535 1209 ἅπειληφώς
577 1150 616 1208 ἦ.
629 1159 771 1238 Μοιι.
813 1156 1091 1214 ἀπειληφότα.
1131 1161 1250 1202 vind.
1293 1139 1395 1226 Veat.
1422 1159 1478 1205 m.
1525 1167 1632 1216 Aug.
1662 1159 1887 1217 ἀπειλήφει
1921 1159 1982 1202 τά.

284 1306 481 1369 oratione
513 1329 566 1369 ad
598 1313 718 1370 suam
748 1305 1089 1398 descriptionem
1119 1320 1121 1323 ’

286 1388 520 1439 participio
553 1384 884 1440 μαστιγούμενοι
915 1390 1091 1432 ilulioa'-

285 1450 374 1488 tam
405 1445 635 1488 traducere
654 1451 941 1517 statuamus,
969 1449 1090 1500 quasi

286 1502 418 1543 dicat·
462 1501 794 1556 μαστιγούμειοι
840 1505 910 1545 καὶ
951 1503 1091 1546 ἐκεῖνα

285 1559 544 1612 ittoioxovtec.
564 1558 592 1601 ἃ
622 1558 807 1614 ἄγροικα
831 1563 1010 1615 ἔφηόθα
1037 1562 1100 1605 σὺ

284 1613 394 1659 εἶναι
435 1613 580 1672 ἀληθῆ
626 1619 781 1673 λέγων,
824 1618 896 1661 ὅτε
927 1622 1088 1676 ἔλεγες·

285 1671 373 1717 εἶτα
406 1690 492 1730 στρ.
527 1686 607 1718 etc.
671 1678 800 1720 Quod
834 1692 920 1732 quo
952 1681 1092 1734 magis

285 1736 565 1788 perspicuum
623 1736 767 1785 fieret,
827 1750 922 1779 cum
972 1738 1091 1780 Aldo

285 1794 455 1846 plenius
487 1799 589 1846 post
630 1789 764 1848 λέγων
795 1794 1091 1848 interpunxi.“

289 1852 409 1893 Haec
439 1851 526 1892 ille.
587 1851 676 1893 Nos
709 1865 813 1894 vero
840 1867 924 1907 quo
956 1856 1091 1909 magis

280 1910 407 1950 fieret
423 1909 715 1962 perspicuum,
751 1917 845 1961 orta
869 1925 968 1954 esse
997 1926 1095 1953 ver—.
1115 1909 1117 1911 ’

283 1969 335 2007 ba
369 1979 421 2007 ex
452 1968 737 2019 glossemate,
770 1969 821 2008 iis
849 1970 983 2011 uncos
1016 1971 1089 2011 ad-

284 2025 512 2074 hibuimus,
531 2027 588 2065 ita
602 2033 828 2079 sperantes
854 2028 964 2079 fore,
987 2029 1089 2070 utin

282 2087 506 2135 posterum
527 2084 660 2125 aciem
682 2087 928 2126 criticorum
954 2088 1092 2127 minus

283 2139 616 2197 praestringant.
642 2143 754 2183 Sunt
771 2144 899 2184 enim
916 2146 1090 2185 omnino

280 2195 598 2250 intolerabilia,
629 2201 765 2252 quia,
786 2194 928 2243 iudice
959 2202 1090 2244 etiam

282 2257 614 2307 Hermanno,
631 2270 731 2298 nec
762 2266 938 2312 tempus
967 2266 1089 2300 ante-

281 2313 537 2355 cedentibus
588 2318 810 2368 congruit,
859 2328 939 2359 nec
990 2330 1089 2359 sen-

280 2373 446 2413 tentiae
485 2373 596 2413 rati'o
636 2373 866 2415 Socratem
917 2375 1088 2429 singula

279 2430 488 2482 supplicia
522 2442 776 2472 enumerare
808 2433 985 2485 patitur.

337 2487 444 2540 Cap.
476 2484 594 2529 Xlll.
635 2489 686 2529 P.
730 2489 828 2533 614.
871 2486 1083 2544 ἀπειλή-

281 2558 356 2597 φῃ
379 2542 465 2585 τὰ
479 2541 582 2586 ὑπὸ
614 2547 711 2587 τοῦ
743 2546 938 2605 λόγου]
964 2549 1085 2590 Haec

279 2602 418 2645 forma
461 2605 719 2645 coniunctivi
766 2608 952 2660 perfecti
1002 2608 1084 2649 etsi

279 2661 515 2703 admodum
539 2674 636 2703 rara
665 2667 747 2714 est,
781 2667 881 2717 quia
899 2667 1085 2733 plerum·

278 2731 364 2768 que
402 2721 632 2774 participio
678 2727 721 2761 et
760 2725 894 2764 verbo
932 2737 981 2776 ω,
1023 2717 1087 2775 ᾖε,

278 2773 309 2828 ᾔ
330 2780 622 2830 compensari
638 2780 775 2831 solet,
815 2788 959 2822 tamen
1002 2794 1086 2822 non

278 2837 338 2876 ita
372 2847 424 2876 ex
467 2848 546 2876 usu
580 2841 624 2877 et
665 2839 989 2880 consuetudine
1009 2839 1085 2880 Ιιο-

280 2891 644 2934 minumsulssata
675 2894 775 2946 fuit,
810 2903 858 2938 ut
877 2900 967 2938 eius
994 2911 1085 2938 me-

281 2952 418 2992 moria
460 2952 500 2992 iu
543 2953 660 2992 libris
699 2956 811 2995 nulla
844 2957 969 3008 plane
1013 2967 1085 2995 su-

283 3015 454 3078 pei-stes
491 3010 561 3051 sit.
595 3011 766 3052 Politic.
806 3026 848 3064 p.
883 3012 981 3056 269.
1026 3014 1085 3056 C:

285 3065 388 3107 ὅταν
427 3066 475 3107 dl
503 3067 700 3121 περίοδοι
731 3072 809 3111 τοῦ
843 3083 1087 3124 προςηκον-

286 3139 354 3164 τος
393 3121 512 3165 αυτσῖ
543 3124 696 3180 μέτρον
740 3126 975 3181 εἰλήφωσιν
1007 3127 1087 3182 ἤδη

286 3180 463 3236 χρόνου.
483 3168 613 3225 Plura
634 3185 755 3228 dabit
777 3188 1087 3228 Buttmann.

283 3241 361 3281 Gr.
393 3243 543 3293 Ampl.
589 3243 628 3295 ξ.
659 3243 730 3285 97.
763 3249 908 3286 annot.
940 3246 1012 3288 11
1047 3259 1087 3298 p-

282 3297 384 3342 430.
427 3298 480 3341 T.
521 3301 558 3340 Ι
621 3299 859 3343 Infinitivus
900 3299 1088 3343 ἀκοῦσαι

283 3362 385 3410 post
411 3352 546 3407 ὀφειλ.
580 3358 853 3411 Stephano
887 3361 940 3403 de
972 3361 1085 3402 frau

285 3418 339 3456 de
378 3420 605 3483 suspectus
640 3417 743 3465 fuit3
776 3427 856 3460 nec
889 3419 1087 3474 profecto

284 3472 449 3515 iniuria.

1181 1371 1194 1376 1.
1234 1335 1435 1388 Λέγοις
1467 1333 1546 1382 ἅν,
1583 1333 1706 1387 ἔφη,
1735 1330 1802 1374 ὥς
1835 1332 1896 1375 οὐ
1921 1332 1985 1386 π.]

1179 1393 1365 1443 Dicas,
1407 1393 1607 1445 inquit,
1642 1385 1883 1434 certum
1900 1391 1986 1432 ha

1178 1452 1313 1492 bens
1342 1464 1444 1491 non
1484 1452 1657 1492 multa
1695 1451 1804 1496 alia
1835 1463 1986 1500 esse,

1177 1522 1313 1563 quae
1350 1509 1625 1566 lubentius
1668 1507 1896 1549 audiam.
1946 1520 1985 1548 v.

1177 1565 1229 1607 ad
1278 1581 1319 1618 p.
1369 1565 1468 1609 608.
1508 1566 1555 1605 D‘.
1600 1564 1986 1606 Schneiderus

1177 1626 1297 1664 Saxo
1328 1625 1381 1664 ad
1415 1622 1612 1676 Xenopli.
1650 1624 1784 1663 Anab.
1821 1624 1858 1663 Ι.
1877 1623 1919 1666 3.
1946 1637 1984 1676 p.

1177 1682 1248 1726 24.
1296 1682 1544 1735 requirebat
1592 1678 1853 1722 ἀκούοντος
1901 1694 1985 1722 ιιοιι

1138 1776 1140 1778 ,
1180 1754 1311 1794 opus.

1239 1798 1288 1838 Β.
1321 1791 1446 1838 Ἀλλ’
1480 1811 1541 1836 ου
1571 1794 1982 1851 μέντοι-ἐρῶ]

1177 1856 1466 1898 Demonstrat
1507 1853 1787 1909 philosophus
1832 1853 1986 1895 dehinc

1178 1915 1364 1956 iustitiae
1419 1917 1462 1955 et
1514 1913 1744 1954 iniustitiae
1790 1907 1986 1963 itemque

1179 1971 1417 2025 sapientiae
1458 1974 1502 2011 et
1540 1970 1814 2022 insipientiae
1852 1969 1982 2010 etiam

1180 2035 1280 2084 post
1321 2033 1505 2069 mortem
1549 2041 1628 2069 sua
1682 2028 1748 2067 vel
1794 2027 1984 2080 praemia

1176 2091 1242 2129 vel
1264 2086 1472 2143 supplicia
1499 2085 1644 2128 divino
1667 2097 1810 2126 rerum
1831 2084 1983 2125 ordine

1178 2158 1276 2198 esse
1308 2146 1563 2185 constituta.
1611 2143 1712 2186 Qua
1743 2143 1784 2182 in
1817 2155 1864 2183 re
1884 2142 1983 2182 uti-

1175 2208 1246 2244 tur
1278 2201 1408 2254 mytlii
1449 2202 1685 2241 involucro.
1749 2198 1873 2246 Quod
1905 2210 1984 2240 cur

1174 2262 1232 2302 ita
1268 2260 1437 2308 fecerit,
1474 2263 1578 2312 post
1609 2272 1674 2310 ea,
1709 2269 1823 2310 quae
1844 2268 1984 2310 nuper

1175 2319 1228 2360 de
1279 2318 1476 2358 fabulosa
1523 2315 1713 2357 Platonis
1769 2314 1979 2368 sapientia

1174 2378 1217 2417 in
1263 2377 1471 2427 Prolegg.
1521 2374 1573 2415 ad
1636 2372 1875 2414 Phaedrum
1938 2386 1979 2426 p.

1170 2433 1393 2476 CXXXV.
1420 2446 1519 2484 ειμι.-
1546 2431 1844 2480 disseruimus,
1878 2441 1980 2484 pau·¹

1170 2494 1234 2534 cis
1259 2492 1321 2533 hic
1341 2490 1606 2544 significasse
1622 2489 1730 2531 satis
1751 2489 1848 2530 erit.
1872 2489 1979 2529 Ete-

1171 2551 1254 2591 nim
1289 2550 1564 2590 continentur
1585 2545 1714 2600 mytlii
1737 2546 1848 2599 apud
1879 2545 1979 2587 Pla-

1171 2615 1318 2649 touem
1352 2606 1441 2647 fere
1463 2605 1646 2646 arctiore
1669 2604 1852 2656 quadam
1878 2616 1976 2644 cum

1171 2669 1268 2719 ipsa
1317 2663 1616 2718 philosophiae
1659 2662 1854 2703 doctrina
1903 2675 1978 2702 ne-

1173 2723 1449 2772 cessitudine,
1477 2733 1603 2774 quam
1631 2721 1824 2775 plerique
1841 2716 1977 2772 suspi

1173 2783 1255 2822 cati
1274 2786 1388 2831 sunt
1425 2777 1768 2831 quandoquidem
1803 2789 1977 2818 versan-

1171 2845 1243 2880 tur
1280 2841 1326 2879 in
1354 2836 1640 2878 describendo
1683 2841 1797 2876 statu
1834 2835 1976 2886 aliquo

1173 2903 1218 2939 et
1277 2896 1528 2937 conditione
1588 2895 1702 2934 vitae
1759 2892 1975 2933 liominum

1174 2956 1239 2997 vel
1273 2955 1538 3006 singulorum
1580 2953 1648 2991 vel
1680 2950 1973 2991 universorum

1172 3017 1302 3065 atque
1334 3011 1496 3052 ordinis
1536 3021 1677 3050 rerum
1719 3007 1975 3047 universita-

1171 3072 1244 3121 tis,
1278 3071 1445 3139 qualem
1479 3071 1655 3123 propter
1692 3065 1817 3105 ideae
1842 3067 1975 3104 alicu-

1173 3130 1239 3168 ius
1284 3129 1376 3169 sive
1425 3122 1833 3167 verisimilitudinem
1884 3124 1976 3164 sive

1173 3184 1432 3228 evidentiam
1457 3181 1554 3236 poni
1574 3185 1703 3231 atque
1722 3182 1830 3220 sumi
1849 3190 1972 3232 pror-

1173 3256 1245 3283 sus
1279 3254 1458 3283 necesse
1494 3239 1563 3278 sit.
1624 3239 1975 3306 Repraesentant

1171 3302 1304 3354 igitur
1351 3300 1411 3340 illi
1473 3301 1692 3347 tamquam
1742 3296 1972 3348 imaginem

1170 3357 1382 3410 quandam
1423 3354 1663 3410 cuiuspiam
1714 3327 1856 3394 ideaeD
1898 3353 1972 3403 ita,

1171 3422 1219 3455 ut
1250 3418 1411 3455 statum
1447 3413 1633 3463 aliquem
1667 3418 1712 3452 et
1733 3423 1875 3452 rerum
1901 3423 1972 3450 or

1175 3474 1317 3514 dinem
1343 3485 1395 3514 ex
1420 3471 1530 3511 illius
1550 3470 1809 3511 necessitate
1830 3470 1971 3510 oriun-
