2124 3744
715 191 934 246 LIBRI
985 189 1293 251 DECIMI.
1320 233 1322 235 .
1749 193 1847 242 361

149 337 464 404 metiantur,
502 333 1438 398 sed‘animumesse-immortalem
1470 352 1573 386 nec
1615 350 1855 402 unquam

148 408 511 460 interiturum.
588 405 758 474 Quod
797 405 1020 476 quidem
1058 406 1136 458 ita
1182 406 1416 476 probare
1473 404 1743 471 instituit,
1794 412 1857 457 ut

149 481 203 532 in
255 480 437 532 animo
471 478 608 540 nihil
644 479 824 545 inesse
859 476 1229 546 demonstret,
1284 476 1435 547 quod
1474 477 1524 529 ei
1557 476 1855 548 perniciem

147 558 206 604 et
241 551 519 619 interitum
556 548 751 609 afferre
789 548 977 621 queat}
1059 547 1234 604 Cuius
1273 547 1667 619 disputationis
1706 567 1854 602 sum·

147 641 236 676 ma
284 621 422 677 haec
472 629 574 676 est.
658 622 798 683 Duo
837 621 1021 689 rerum
1071 622 1307 694 genera,
1358 620 1568 690 inquit,
1619 618 1857 677 discerni

146 703 401 767 possunt,
441 693 999 762 alterumsmalarum,
1038 691 1306 761 bonarum
1341 693 1588 746 alterum.
1663 691 1856 758 Bon-ae

146 773 307 831 sunt,-
362 784 501 838 quae
553 765 909 840 eas'resfflin
955 764 1160 836 ‘quibus
1200 765 1430 834 (insunt,
1492 770 1856 828 conservant3

147 836 348 904 malae,
401 840 547 908 quae'
589 837 711 893 illas
760 835 1119 908 pessumdant
1176 856 1239 892 ac
1278 836 1586 906 destruunt.
1661 834 1858 894 Veluti

146 908 471 978 corporibus
532 909 865 967 animalium.
900 909 1109 965 malum
1156 909 1244 963 est
1296 908 1557 976 morbus,
1604 903 1857 980 frugibus

144 999 373 1051 aerugo,
407 979 552 1050 ferro
592 981 820 1053 ¹rubigo,
873 979 995 1052 aliis
1040 978 1175 1038 alia.
1253 977 1633 1050 Quaecunque
1673 986 1856 1039 autem

143 1052 464 1126 intereunt„
497 1044 570 1124 ,ea
617 1071 718 1109 suo
768 1052 1194 1129 atque'proprio
1232 1049 1854 1123 malopessumdantur.

143 1122 341 1195 Neque
391 1124 536 1186 enim
585 1121 706 1177 fieri
754 1125 966 1194 potest,
1015 1132 1081 1188 ut
1111 1122 1430 1194 'quidquam
1479 1122 1660 1182 alieno
1712 1121 1856 1176 malo

145 1194 487 1249 desti-uatum
558 1193 698 1264 ‘Iam
755 1194 815 1267 si
877 1195 1125 1255 naturam
1185 1194 1432 1274 ailliquam
1490 1194 1854 1262 inveniamus,

144 1286 284 1337 quae
334 1266 480 1321 malo
537 1267 589 1321 ei
636 1267 867 1340 proprio
882 1265 1144 1325 'deterior
1183 1267 1406 1338 quidem
1444 1266 1574 1334 fiat,
1627 1285 1735 1327 „nec
1772 1272 1855 1333 ta-

144 1358 269 1392 men
316 1338 713 1411 'pessumdetur'
758 1347 814 1392 et
860 1339 1240 1412 extinguatur}
1300 1343 1420 1392 eam
1483 1358 1592 1392 non
1655 1337 1856 1393 iniuria

143 1410 465 1488 colligemus
517 1410 766 1483 extingui
815 1431 928 1466 non
971 1414 1141 1486 ¹posse
1185 1410 1425 1481 idquue
1478 1429 1598 1466 esse
1634 1409 1855 1465 immor-

144 1480 326 1536 talem.
404 1483 583 1553 Atqui
634 1483 818 1542 animi,
847 1481 1048 1538 malum
1097 1490 1181 1538 est
1231 1482 1549 1552 iniustitia,
1586 1481 1854 1555 intempe-

144 1555 338 1620 rantia,
379 1554 655 1622 vecordia,
694 1555 1026 1626 insipientia.
1104 1555 1263 1609 Haec
1301 1562 1483 1610 autem
1519 1554 1654 1608 vitia
1678 1555 1852 1628 'nemo

145 1627 248 1678 erit
285 1626 380 1694 qui
417 1626 793 1680 demonstrare
832 1628 1005 1697 possit
1045 1647 1163 1680 eam
1202 1628 1315 1680 vim
1355 1625 1590 1695 habere,
1632 1634 1696 1679 ut
1733 1625 1851 1679 ani-

143 1717 231 1751 mo
273 1697 554 1752 interitum
601 1698 851 1752 afferant.
941 1699 1158 1752 Etenim
1196 1699 1303 1753 etsi
1340 1699 1589 1752 animum.
1617 1697 1857 1751 reddunt

142 1770 446 1840 turpiorem
480 1790 547 1824 ac
584 1770 931 1839 deteriorem,
966 1779 1156 1825 tamen
1193 1772 1312 1825 eius
1350 1771 1462 1824 vim
1485 1771 1709 1831 vitalem
1740 1789 1855 1823 non

141 1843 407 1913 frangunt
439 1852 536 1895 aut
571 1842 897 1897 dissolvunt.
959 1843 1172 1914 ‘Neque
1211 1844 1462 1914 profecto
1499 1860 1645 1896 usus
1671 1861 1855 1896 rerum

142 1914 499 1978 humanarum
537 1914 649 1968 ullo
686 1914 852 1968 modo
889 1916 1074 1988 arguit
1096 1916 1379 1969 iniustum
1415 1915 1474 1968 in
1511 1915 1636 1986 ipso
1659 1914 1852 1968 mortis

141 1980 373 2039 articulo
423 1985 496 2039 ad
545 2005 816 2040 summum
856 1987 1169 2042 >iniustitiae
1218 1986 1450 2059 gradum
1512 1986 1851 2057 pervenisse,

141 2065 239 2111 aut
272 2057 603 2111 iniustitiam
636 2066 792 2112 tanto
827 2059 1091 2113 maiorem
1126 2059 1267 2126 fieri,
1307 2078 1419 2131 quo
1458 2059 1688 2130 propius
1726 2058 1851 2128 quis

140 2136 387 2185 &morte
420 2130 607 2198 absit,·
641 2138 741 2184 affut
785 2129 1037 2185 homines
1078 2150 1187 2201 quo
1226 2132 1544 2186 iniustiores
1581 2131 1747 2198 fiant,
1788 2137 1852 2184 eo

139 2201 330 2273 magis·
359 2206 598 2255 mortem
646 2207 826 2255 suam.
852 2204 1187 2257 accelerare:
1239 2205 1351 2258 imo
1386 2204 1624 2257 iniustos
1646 2210 1854 2274 saepe-

139 2292 372 2328 numero
404 2272 723 2328 ,diutissime
759 2274 944 2329 vivere
983 2275 1200 2346 sibique
1239 2275 1474 2330 maxime
1513 2275 1583 2329 ab
1619 2275 1848 2328 interitu

140 2363 337 2399 cavere
360 2379 364 2384 -
386 2345 634 2415 quotidie
698 2345 1132 2401 animadvertere
1193 2348 1340 2402 licet.
1437 2346 1624 2416 Quum
1685 2347 1856 2419 igitur

142 2416 309 2470 animi
355 2417 558 2471 malum
609 2419 1179 2488 non‘siteiusmodi,
1229 2419 1438 2490 ut'ipsi
1475 2418 1671 2472 afferat
1706 2438 1852 2472 mor-

143 2500 285 2556 tem,
338 2487 571 2543 alienum
621 2498 817 2544 autem.
853 2491 1057 2544 malum
1098 2492 1157 2545 ei
1210 2491 1347 2545 nihil
1398 2510 1598 2545 nocere
1646 2491 1854 2563 possit3

142 2561 755 2632 sponte-consequitur,
790 2569 851 2616 ut
889 2563 1103 2619 animus
1141 2582 1241 2618 nec
1278 2563 1348 2618 ab
1385 2563 1604 2617 interna
1641 2581 1744 2616 nec
1782 2563 1851 2616 ab

145 2642 373 2687 externa.
407 2650 586 2687 causa.
616 2632 686 2687 ad
724 2634 1008 2688 interitum
1045 2634 1246 2690 deduci
1282 2635 1490 2707 possit:
1539 2633 1686 2688 unde
1720 2653 1853 2688 con-

144 2702 415 2759 cludimus
454 2723 580 2759 eum
618 2723 743 2769 esse
781 2704 1159 2760 immortalem.
1198 2739 1270 2754 —-
1345 2705 1564 2776 Quibus
1604 2706 1848 2776 explica·

143 2776 216 2830 tis
244 2776 429 2829 ¹etiam
477 2776 583 2831 hoc
624 2784 891 2849 apparet,
942 2797 1228 2833 numerum
1267 2779 1573 2833 animorum
1613 2796 1715 2832 nec
1744 2797 1850 2832 ‘au-

144 2848 259 2919 geri
300 2866 404 2903 nec
442 2849 628 2905 minui.
700 2847 846 2903 Nam
882 2867 986 2903 nec
1020 2850 1318 2919 intereunt,
1353 2859 1417 2904 ut
1450 2849 1708 2918 vidimus,
1747 2867 1850 2904 nee

143 2919 328 2990 plures
373 2920 493 2974 fieri
542 2929 807 2993 possunt,
857 2922 989 2991 quia
1035 2922 1113 2975 ita
1161 2942 1227 2976 ex
1279 2922 1601 2977 mortalibus
1638 2921 1851 2976 naturis

140 2990 211 3046 ab
246 2991 709 3047 immortalitatem
746 3000 934 3047 essent
967 2992 1314 3062 traducendi,
1354 2993 1410 3047 id
1444 2992 1598 3064 quod
1634 3012 1735 3065 per
1770 2992 1852 3048 rei

145 3071 393 3117 naturam
429 3064 549 3118 fieri
585 3084 696 3119 non
736 3073 940 3135 potest.
979 3094 1048 3108 -·
1091 3066 1579 3120 Praeterea-etiam
1614 3066 1848 3134 animun,

142 3133 550 3203 siquidemaeest
597 3135 951 3206 immortalis,
1006 3146 1204 3191 natura
1243 3137 1407 3192 debet
1444 3138 1523 3191 ita
1560 3155 1680 3195 esse
1718 3156 1849 3191 con-

144 3205 405 3274 stitutus,
444 3217 675 3262 *utwnon
715 3228 746 3262 e
779 3207 947 3263 variis
985 3218 1041 3263 et
1077 3208 1340 3279 diversis,
1381 3208 1477 3265 sed
1520 3227 1550 3263 e
1585 3208 1847 3280 simplici-

146 3277 544 3348 bus-partibus
592 3288 824 3335 constet.
912 3280 1180 3351 Aliequin
1230 3282 1370 3336 enim
1421 3300 1533 3336 non
1567 3290 1731 3336 v'esset
1763 3281 1846 3334 in-

145 3348 338 3402 teritus
385 3368 595 3422 expett.
634 3381 698 3403 .-·
778 3352 888 3408 sed
941 3352 1296 3407 immortalem
1335 3372 1455 3407 esse
1494 3353 1731 3407 animum
1770 3352 1845 3407 si-

143 3430 236 3474 cut
274 3439 341 3474 ex
379 3419 505 3489 hoc,
544 3423 692 3494 quod
716 3424 1086 3497 exposuimus,
1126 3428 1445 3496 argumento
1473 3429 1842 3497 cognoscitur,
