2124 3744
334 203 430 252 174
951 196 1441 251 PLATONIS

325 345 426 399 οὐκ
453 342 687 398 εἰδώλων
714 342 872 408 σκιάς
916 344 985 398 δι’
1042 351 1230 414 ἐτέρου
1273 347 1532 400 τοιούτου
1566 343 1752 420 φωτὸς
1785 344 1858 409 ὡς
1885 344 2023 414 πρὸς

324 429 482 496 ἣλιον
528 434 731 498 κρίνειν
765 427 1256 498 ἀποσκιαζομένας,
1298 463 1376 471 —-
1425 433 1578 484 πᾶσα
1613 428 1758 498 αὕτη
1801 430 1836 496 ἡ
1882 453 2023 525 πρα-

323 520 555 583 γματεία
603 516 713 566 τῶν
759 516 977 583 τεχνῶν,
1023 512 1091 577 ἃς
1136 516 1480 584 διήλθοιιεν,
1529 514 1739 582 ταύτην
1787 522 1886 584 ἔχει
1922 515 2024 581 τὴν

321 596 561 669 δύναμιν
605 602 698 651 καὶ
745 604 954 665 ὲπανα)
962 596 1110 667 ωγὴν
1159 601 1257 651 τοῦ
1283 601 1570 667 βελτίστου
1609 606 1667 654 ἐν
1709 602 1859 675 ψυχῆ
1886 599 2026 669 πρὸς

325 683 428 748 τὴν
471 684 572 736 τοῦ
619 680 854 750 ἀρίστου
899 688 956 736 ὲν
990 694 1107 745 τοῖς
1154 673 1281 738 οὖσι
1326 685 1490 748 θέαν,
1535 681 1711 755 ὥςπερ
1758 685 1903 756 tots·
1923 687 2022 738 τοῦ

325 766 682 843 σαφεστάτου
761 773 818 821 ἐν
877 767 1087 836 σώματι
1165 765 1305 836 πρὸς
1363 767 1468 834 τὴν
1525 771 1625 824 τοῦ
1691 769 2024 843 φανοτάτου

328 858 385 906 ἐν
428 854 504 920 τῷ
549 854 907 920 σωματοειδεῖ
961 873 1016 905 τε
1061 853 1153 906 καὶ
1211 848 1398 922 ὁρατῷ
1456 852 1627 923 τόπῳ.
1713 851 1845 923 Ἐγώ
1906 863 2023 922 μέν,

326 941 452 1011 ἔφη,
497 934 842 1006 ἀποδέχομαι
883 933 1048 992 οὕτω.
1087 935 1182 990 καί
1221 956 1307 990 τοι
1352 936 1679 993 παντάπασί
1705 943 1762 1006 γέ
1788 958 1884 1008 μοι
1932 941 2023 992 cio·

398 1192 400 1194 ,
438 1142 502 1187 ἃς
533 1141 869 1198 διήλθομεν]
909 1140 960 1197 ἦν
995 1144 1087 1184 Vat.
1120 1157 1151 1187 r.
1189 1144 1291 1186 Mox
1324 1146 1489 1199 aliquot
1521 1147 1613 1187 libri
1645 1145 1692 1187 ἐν
1725 1143 1929 1197 σώμασιν.

439 1201 492 1243 ἐν
524 1204 590 1258 τῷ
631 1202 1005 1252 σωματοειδεῖ
1037 1216 1090 1243 τε
1122 1217 1157 1246 κ.
1192 1200 1294 1256 ὁρ.]
1330 1204 1387 1257 τῷ
1417 1218 1470 1244 ex
1502 1204 1628 1246 codd.
1663 1206 1863 1246 omnibus
1894 1203 2021 1246 resti-

324 1266 464 1304 tutum
497 1264 627 1316 vulgo
659 1261 955 1304 omittebatur.

322 1402 446 1443 minis
478 1399 706 1451 ἐπάνοδος,
739 1404 853 1456 quod
882 1405 984 1456 quiu
1007 1407 1128 1443 recte

320 1460 411 1501 fieri
452 1461 616 1512 possit,
670 1473 798 1502 nemo
848 1461 1127 1511 dubitaverit,

322 1518 394 1570 qui
436 1519 681 1559 uberiorem
726 1519 862 1572 ipsius
895 1521 1018 1560 buius
1050 1519 1126 1558 ad·

320 1588 503 1617 scensus
554 1576 886 1630 descriptionem
927 1577 988 1618 liis
1029 1589 1126 1616 ver-

321 1634 386 1674 bis
419 1633 608 1675 exbiberi
626 1635 879 1678 meminerit.
908 1635 1127 1679 Quocirca

319 1691 604 1734 veliementer
681 1692 960 1735 dissentimus
1031 1705 1126 1733 cum

322 1748 689 1802 Schneider-o,
720 1752 791 1804 qui
821 1749 998 1804 βλέπειν
1029 1763 1127 1790 cen-

317 1812 387 1848 set
417 1821 496 1861 pro
530 1809 799 1850 substantivo
830 1809 1127 1863 accipiendum

322 1879 420 1907 esse
459 1863 595 1920 atque
635 1866 808 1919 βλέπειν
848 1862 920 1908 ἐπ’
966 1863 1127 1907 ἅδυνα·

318 1925 394 1978 μίᾳ
442 1924 497 1965 de
538 1925 630 1965 visu
686 1938 782 1966 cum
829 1927 1128 1968 imbecillitate

317 1982 552 2023 coniuncto
572 1989 703 2037 atque
725 1984 884 2025 obtuso
911 1983 1126 2036 inteiligit.

316 2040 490 2093 Quippe
522 2054 663 2093 neque
693 2041 867 2094 βλέπειν
912 2047 1012 2110 post
1044 2054 1121 2082 uo-

319 2098 428 2138 mina
449 2099 692 2139 substautiv
697 2113 720 2139 a
735 2113 813 2152 pro
835 2100 1004 2141 nomine
1020 2100 1122 2139 sub-

316 2155 417 2196 iecti
459 2157 559 2208 poni
591 2158 734 2210 potuit
775 2171 917 2226 neque
949 2155 1123 2209 βλέπειν

316 2207 384 2252 ἐπ’
414 2209 626 2269 ἀδυναμίᾳ
654 2215 818 2256 iudicat
851 2217 986 2256 visum
1023 2227 1119 2255 cum

317 2272 610 2314 imbecillitate
643 2274 932 2323 coniunctum,
971 2286 1122 2326 quam-

295 2330 382 2368 ·vis
422 2331 486 2370 vir
525 2330 802 2371 doctissimus
845 2331 952 2373 banc
992 2333 1122 2371 iuter-

316 2388 604 2439 pretationem
657 2402 777 2430 suam
831 2391 944 2430 omui
991 2389 1122 2430 modo

318 2445 553 2487 defendere
584 2452 764 2487 conatus
796 2448 864 2488 sit.
905 2447 992 2489 Sed
1026 2449 1125 2489 mit-

317 2504 448 2544 timus
491 2503 601 2544 bauc
645 2507 1004 2557 altercationem,
1053 2517 1120 2546 re·

317 2560 550 2614 dimusque
591 2563 644 2603 ad
685 2565 973 2616 propositum.
1034 2562 1123 2604 Ne-

313 2623 441 2670 gatur
475 2620 605 2672 igitur
635 2633 731 2662 cum
751 2621 819 2663 illa
839 2621 891 2662 ad
925 2621 1032 2664 solis
1063 2623 1122 2661 lu=

313 2689 406 2717 cem
426 2677 710 2720 adscensione
727 2681 994 2721 coniunctam
1023 2691 1124 2720 esse

314 2735 515 2776 animalia
561 2741 605 2777 et
645 2738 813 2790 plautas
845 2743 889 2779 et
921 2738 1026 2779 solis
1060 2739 1122 2776 lu-

314 2804 409 2833 cem
435 2793 627 2834 intuendi
648 2795 916 2842 facultatem,
939 2809 990 2836 ac
1017 2795 1120 2836 sub-

317 2850 506 2903 iungitur
536 2852 714 2893 deiude.
755 2851 868 2906 πρὸς
909 2852 955 2893 δὲ
997 2850 1046 2894 τὰ
1077 2851 1124 2892 ἐν

316 2883 445 2947 ὕδασι
478 2906 733 2960 φάσματα-
741 2909 891 2952 ὄν.των
931 2911 993 2951 Ad
1013 2923 1123 2964 quae

315 2973 513 3017 apertum
548 2973 615 3009 est
647 2981 702 3008 ex
736 2976 993 3022 antegresso
1027 2971 1121 3010 illo:

317 3018 380 3062 ἐπ’
415 3018 643 3080 ἀδυναμίᾳ
667 3004 863 3079 βλέπειν,3
882 3029 1122 3079 intelligen-

316 3081 413 3122 dum
460 3084 639 3135 relinqui
691 3083 758 3125 ἐπι
799 3082 983 3153 δυνάμει
1025 3083 1121 3137 βλέ-

316 3151 432 3186 πειν,
469 3142 611 3192 prouti
644 3146 758 3184 solet
797 3145 841 3184 in
887 3143 1123 3184 enuntiatis

315 3195 597 3239 adversativis
639 3211 690 3241 ex
736 3202 1013 3255 praecedeuti
1048 3213 1122 3242 ne—

314 3254 488 3306 gatione
519 3256 572 3295 ad
605 3258 780 3300 alteram
822 3266 993 3312 partem
1025 3269 1121 3299 ver-

313 3311 411 3351 bum
450 3312 604 3353 aientis
649 3317 972 3369 significationis
1017 3317 1118 3357 reti-

318 3370 431 3419 ceri,
483 3369 537 3410 de
586 3383 672 3422 quo
720 3375 920 3426 loquendi
962 3387 1122 3426 cellere

318 3428 519 3467 nonnulla
543 3432 822 3478 exposuimus
857 3432 912 3471 ad
939 3434 1122 3484 Apulog,

319 3486 490 3526 Socrat.
525 3499 564 3539 p.
590 3485 659 3529 36.
687 3489 863 3530 B.'Nec
883 3503 986 3531 vero
1019 3490 1124 3532 illud

1211 1404 1266 1444 ab
1296 1415 1375 1443 usu
1410 1405 1611 1456 loquendi
1641 1404 1861 1454 abhorret,
1897 1405 2012 1457 quoi

1214 1467 1316 1514 post
1347 1456 1561 1512 ἀδυναμία
1597 1469 1642 1505 et
1673 1460 1854 1513 δύναμις
1886 1463 2020 1504 iufiui

1213 1521 1328 1560 tivus
1358 1521 1452 1561 siue
1491 1522 1673 1562 articulo
1706 1521 1926 1573 sequitur,
1968 1521 2022 1561 de

1212 1590 1297 1630 qua
1331 1583 1546 1619 structura
1581 1592 1619 1620 v,
1646 1578 1914 1620 Matthiae
1940 1578 2018 1621 Gr.

1214 1636 1253 1688 ξ.
1285 1635 1385 1678 542.
1419 1637 1458 1676 b.
1503 1638 1602 1681 coll.
1646 1649 1774 1689 supra
1809 1635 1859 1676 l..
1893 1636 1932 1676 ΙΙ
1979 1650 2019 1689 p.

1212 1694 1313 1737 369.
1355 1694 1404 1734 Β.
1464 1695 1612 1748 ltaque
1654 1695 1841 1736 facultas
1878 1706 2019 1736 rerum

1212 1765 1413 1793 verarum
1451 1753 1682 1794 simulacra
1724 1754 1764 1793 iu
1801 1754 1924 1804 aquis
1955 1759 2019 1794 at-

1213 1823 1298 1863 que
1331 1811 1512 1851 umbras
1537 1813 1726 1851 intuendi
1750 1811 1895 1862 utique
1921 1823 2018 1851 cum

1213 1870 1288 1909 tali
1322 1868 1608 1909 adscensione
1652 1869 1879 1908 coniuncta
1920 1882 2020 1910 esse

1213 1926 1382 1967 dicitur.
1410 1925 1623 1977 Nimirum
1646 1927 1730 1966 τῶν
1751 1923 1892 1966 ὄντων
1910 1939 2020 1968 nuuc

1213 1997 1296 2025 non
1331 1984 1385 2025 de
1417 1984 1546 2025 rebus
1578 1984 1921 2038 intelligibilibus
1953 1987 2019 2027 vel

1211 2041 1346 2089 ideis,
1379 2040 1457 2082 sed
1490 2041 1545 2082 de
1577 2044 1706 2084 rebus
1741 2041 2018 2095 adspectabi-

1207 2101 1344 2150 libus,
1389 2106 1600 2152 quatenus
1649 2101 1844 2142 inanibus
1884 2101 2018 2141 simu—

1210 2159 1336 2200 lacris
1376 2163 1674 2211 opponuntur,
1717 2158 1876 2199 dictum
1920 2172 2018 2200 esse

1210 2217 1361 2269 liquet,
1393 2215 1511 2268 quod
1546 2229 1597 2257 ne
1632 2217 1731 2268 quis
1761 2228 1786 2256 a
1821 2217 2018 2257 Platonis

1209 2287 1333 2316 more
1364 2272 1598 2315 abhorrere
1629 2278 1767 2328 putet,
1803 2272 1918 2315 idem
1954 2276 2015 2315 lo-

1207 2332 1364 2385 quendi
1401 2344 1506 2372 usus
1526 2332 1656 2373 etiam
1690 2332 1729 2372 in
1759 2332 2018 2374 Parmenide

1210 2391 1426 2444 reperitur
1479 2390 1734 2443 obtinetque
1793 2390 1922 2432 etiam
1976 2390 2018 2431 iu

1210 2449 1349 2502 Lego.
1380 2446 1435 2489 X.
1481 2461 1522 2502 p.
1559 2448 1658 2492 992.
1704 2447 1752 2490 C.
1785 2461 1906 2500 sqq...
1947 2447 2018 2488 ubi

1212 2508 1344 2547 rebus
1376 2507 1607 2547 sensilibus
1647 2518 1820 2559 quoque
1863 2502 1910 2546 τὸ
1945 2502 2016 2546 ὄν-

1213 2575 1297 2605 τως
1318 2558 1426 2605 εἶναι
1446 2565 1667 2614 tribuitur,
1692 2562 1908 2617 quatenus
1931 2576 2016 2604 non

1213 2623 1515 2664 dissolvuntur
1533 2629 1609 2664 aut
1625 2622 1856 2665 intereunt.
1869 2622 2014 2663 Unum

1213 2688 1356 2722 tamen
1388 2680 1428 2720 in
1461 2679 1526 2720 his
1557 2685 1641 2732 est,
1670 2680 1785 2732 quod
1818 2691 2013 2731 magnam

1208 2752 1312 2780 sane
1363 2737 1492 2779 habet
1531 2739 1828 2780 offensionem.
1892 2735 2013 2780 Quid

1209 2796 1358 2838 enim⁴3
1419 2795 1518 2847 quid
1567 2795 1742 2837 tandem
1793 2794 1874 2834 sibi
1925 2797 2016 2834 vult

1208 2854 1322 2896 istud
1363 2853 1489 2902 θεῖα,
1527 2853 1646 2906 quod
1688 2865 1767 2893 nec
1797 2864 2014 2903 gramma-

1209 2914 1295 2954 tice
1333 2911 1435 2953 ferri
1479 2915 1627 2965 potest
1665 2922 1744 2950 uec
1780 2909 1909 2950 habet
1940 2923 2013 2950 ex-

1207 2971 1486 3026 plicationem
1517 2967 1752 3010 idoneam?
1807 2967 2012 3009 Nimirum

1206 3026 1573 3082 quemadmodum
1614 3037 1744 3096 nemo
1788 3025 2012 3077 quisquam

1207 3098 1395 3139 unquam
1439 3084 1547 3124 dixit
1602 3080 1626 3123 ὁ
1670 3078 1778 3135 ἀνὴρ
1822 3080 2015 3135 ἀγαθός,

1208 3146 1264 3186 ita
1299 3156 1378 3183 nec
1409 3141 1477 3183 hic
1508 3141 1625 3182 feras
1659 3137 1707 3181 τὰ
1739 3138 2014 3192 φαντάσματα

1208 3202 1332 3248 θεῖα,
1362 3199 1480 3252 quod
1513 3199 1672 3240 frustra
1713 3198 2012 3240 Schneide-

1208 3263 1299 3301 ru‘s
1347 3256 1542 3297 defendit
1587 3258 1743 3298 talibus
1785 3257 2013 3308 exemplis,

1208 3316 1349 3367 qualia
1364 3314 1417 3355 ad
1434 3314 1650 3358 Phaedon.
1671 3329 1713 3367 p.
1727 3314 1798 3358 58.
1825 3317 1872 3354 Α.
1888 3315 2012 3366 Apol.

1209 3375 1331 3416 Socr.
1367 3385 1407 3424 p.
1439 3372 1510 3415 32.
1545 3373 1592 3413 B.
1627 3374 1904 3421 notavimus,
1946 3377 2012 3412 at-

1208 3445 1294 3485 que
1334 3430 1661 3472 Dindorfius
1715 3431 1767 3471 ad
1809 3428 2012 3483 Sopbocl.
2052 3435 2055 3437 ’
2102 3487 2104 3496 ‚

1213 3491 1372 3531 Aiac.v.
1405 3487 1505 3532 573.
1552 3502 1591 3541 p.
1624 3488 1725 3534 306.
1772 3489 1840 3529 ed.
1872 3487 2013 3528 Oxou.
