2106 3594
1635 140 1833 198 CXXI

123 297 347 361 guntur,
382 291 498 343 fato
536 288 864 341 defunctum.
893 303 1032 340 esse.
1110 286 1390 355 Quocirca
1425 303 1546 339 eum
1589 291 1833 337 statuere

123 362 254 415 licet
298 361 441 415 intra
486 358 708 431 Olymp.
746 356 1053 412 LXXXV.
1108 364 1153 413 1.
1193 377 1296 410 .-·-:..-
1331 357 1455 412 440.
1504 374 1579 410 =a.-
1604 353 1735 408 Chr.
1777 363 1834 408 et

125 433 347 505 Olymp.
383 430 719 486 LXXXVI.
760 432 822 483 2.=
854 451 936 479 t:
972 431 1096 484 435.
1134 449 1194 484 a.
1229 428 1368 484 Chr.
1407 427 1664 482 Athenas
1703 446 1830 497 per-

123 505 360 572 venisse,
400 523 512 574 quo
543 512 794 573 tempore
831 500 1104 555 Periclem
1141 508 1358 556 constat
1391 499 1450 553 in
1485 499 1838 556 Athenarum.

79 619 82 621 -
123 577 346 631 civitate
364 575 535 629 fuisse
563 573 1024 646 potentissimum,
1061 580 1127 626 ut
1146 572 1477 644 inquilinum
1512 571 1832 642 opulentum

123 667 191 703 ac
212 646 444 701 divitem
478 645 953 719 Syracusanarum
986 645 1271 699 turbarum
1296 642 1483 698 taedio
1510 650 1729 713 captum
1755 643 1837 696 fa·-

123 720 227 775 cile
261 736 578 791 permovere
602 724 824 790 posset,
861 723 926 770 ut
966 716 1098 770 illuc
1121 717 1398 790 migraret.
1473 712 1582 767 Cui
1631 713 1837 768 rationi

123 809 264 862 quae
290 791 535 857 obstant,
570 809 639 843 ea
675 788 839 843 docte
865 788 1252 859 subtiliterque
1287 787 1523 841 removit
1559 785 1834 839 Boeck-

121 859 281 917 hius
325 861 451 917 Ind.
488 862 671 916 Lectt.
704 860 973 916 Univers.
1007 860 1192 914 Berol.
1232 879 1362 915 sem.
1403 865 1537 912 aest.
1583 859 1720 911 1839
1761 858 1832 926 ³¹²).

121 933 269 989 Nam
346 934 543 988 rimum
578 931 803 1004 quidem
838 931 976 986 illud
1006 931 1173 987 obiici
1196 938 1411 1003 potest,
1442 929 1594 1000 quod
1630 929 1836 1000 Lysias

122 1026 295 1060 secun
338 1026 429 1060 um
454 1005 873 1060 Ciceronem
910 1005 1066 1059 Brut.
1106 1006 1208 1072 16,
1250 1005 1336 1058 63.
1406 1001 1838 1072 Dionysium

122 1078 305 1133 Halic.
342 1077 413 1132 de
448 1077 622 1150 Lysia
668 1076 846 1132 Iudic.
883 1097 951 1149 p.
975 1078 1096 1132 452.
1135 1074 1222 1130 ed.
1261 1074 1452 1129 Reisk.
1493 1081 1550 1127 et
1590 1072 1837 1134 Pseudo-

38 1191 39 1217 }
123 1149 578 1205 Plutarchum
622 1149 738 1212 Vit.
783 1148 862 1204 X.
910 1147 976 1204 C.
1015 1168 1077 1220 Ρ.
1131 1149 1256 1203 835.
1304 1145 1405 1200 ed.-
1440 1146 1629 1202 Reisk.
1671 1145 1837 1199 vulo-0

0 1269 1 1279 ,
37 1252 40 1291 5
123 1230 351 1295 putatur
394 1221 635 1276 Athenis
682 1229 1038 1275 natus·esse.·
1064 1220 1193 1274 Hoc
1232 1219 1375 1273 enim
1415 1218 1460 1272 si
1500 1237 1627 1272 vere
1665 1189 1837 1271 tranli-

36 1342 39 1352 .
124 1303 240 1348 tum
287 1302 347 1348 et
393 1293 670 1348 communi
703 1293 1044 1364 ⁴scriptorum
1095 1291 1415 1346 testimonio
1452 1290 1835 1349 confirmatum

0 1430 2 1447 Ι
37 1358 39 1377 “
122 1378 287 1435 met,
318 1385 671 1436 ‘consequens
705 1366 864 1434 foret,
904 1372 966 1419 ut
1001 1362 1317 1435 Cephalum.
1350 1363 1461 1419 iam
1491 1363 1669 1416 vmulto
1708 1369 1837 1419 ante

125 1442 304 1492 rerum
352 1457 574 1492 suarum
621 1439 902 1492 fortunam
948 1437 1202 1491 Athenas
1227 1479 1229 1482 ⁴
1255 1434 1605 1491 transtulisse
1652 1434 1836 1505 putari

0 1514 3 1579 ζ
35 1571 37 1580 4
125 1518 421 1582 oporteret.
485 1513 587 1563 At·
622 1510 768 1564 enim
805 1522 936 1563 vero
975 1528 1041 1562 ea
1077 1507 1301 1578 quidem
1327 1506 1609 1561 'dubitatio
1649 1505 1837 1562 admo-

125 1580 256 1635 dum
302 1582 443 1636 levis
490 1588 576 1635 est
627 1600 694 1635 ac
745 1598 920 1652 prope
965 1580 1170 1635 nullius
1208 1578 1483 1635 momenti.
1555 1578 1710 1632 Nam
1741 1597 1838 1637 aur,

125 1652 247 1707 dias
307 1672 519 1724 quaeso
562 1653 746 1724 ipsum
781 1651 1111 1707 Ciceronem
1166 1652 1328 1706 Brut.
1385 1652 1487 1718 16.,
1538 1651 1658 1704 63.·
1710 1650 1840 1706 Est

35 1729 37 1778 ἔ
124 1725 305 1779 enim
342 1725 631 1779 Atticus
668 1725 945 1796 (Lysias),
1001 1724 1353 1794 quoniam·
1386 1728 1584 1777 certe
1618 1721 1839 1777 Athe-⁴

34 1840 37 1854 ⁴
124 1797 236 1851 nis
272 1810 387 1851 est
422 1804 629 1851 nat-us
665 1803 734 1849 et
768 1795 1112 1850 educatus
1139 1801 1537 1849 etmortutus
1572 1801 1642 1847 et
1678 1793 1837 1853 fune

34 1922 37 1933 ,
124 1883 277 1923 ctus
329 1869 530 1923 omni>
564 1868 821 1923 civium
870 1886 1189 1936 munegre3
1239 1880 1654 1936 quamquam
1724 1868 1839 1926 Ta}

35 1936 37 1943 ⁴
124 1961 354 1994 maeno
396 1961 536 1994 enm
573 1940 776 2011 quasi
811 1939 1109 2009 Licinia
1139 1946 1207 1993 et
1245 1938 1485 1992 Mucia
1520 1936 1679 2009 lege
1733 1959 1839 1990 re-

122 2017 298 2084 petit
348 2014 746 2082 Syracusas.
843 2011 1044 2083 Itaque
1103 2011 1412 2077 Timaeu8,.
1452 2016 1653 2063 ¹auctor
1714 2024 1839 2080 gra-

128 2085 445 2153 vissimum&
465 2085 562 2156 qui
596 2103 776 2138 rerum
812 2083 1122 2139 Sicularum
1159 2082 1530 2137 narrationem
1568 2082 1840 2153 amplissi-

33 2178 35 2183 ⁴
128 2175 272 2211 mam
309 2163 701 2224 contexuerat,
751 2175 875 2210 eum
922 2155 1142 2221 fortiter
1189 2153 1482 2228 Syracusis
1519 2152 1837 2209 vindicavit.

34 2239 35 2242 ’
128 2227 304 2283 Cuius
341 2229 659 2283 testimonio
700 2228 835 2298 quid
872 2235 1060 2301 potest
1097 2245 1218 2283 esse
1263 2224 1525 2300 gravius?
1600 2231 1689 2286 Ac
1737 2225 1841 2299 Sy-

32 2322 34 2328 *
129 2318 457 2356 mcusanum
507 2319 631 2355 eum
679 2301 968 2356 nominant
1024 2299 1190 2354 etiam
1238 2298 1590 2357 Iustinus·
1621 2298 1837 2357 Hister.

130 2372 202 2426 V.
242 2375 294 2427 9.
334 2371 635 2428 Orosius
672 2372 749 2426 11.
778 2375 865 2429 27.
904 2371 1211 2427 Photius
1262 2370 1403 2426 cod.
1455 2371 1578 2427 262.
1618 2390 1670 2442 p.
1712 2373 1839 2426 489.

130 2443 199 2498 ed
251 2443 431 2498 Bekk.
469 2442 734 2500 Suidas
785 2464 829 2500 s.
867 2464 919 2500 V.
960 2444 1218 2508 Λυσίας.’
1243 2479 1246 2484 -
1271 2441 1548 2498 Nimirum
1587 2443 1680 2512 qui
1709 2460 1840 2503 eum

133 2514 373 2570 Athenis
429 2525 620 2571 natum
683 2536 804 2572 esse
876 2516 1201 2585 voluerunt,
1267 2515 1308 2568 ii
1370 2515 1502 2571 artis
1563 2515 1843 2570 oratoriae

32 2635 33 2642 ,
131 2586 317 2642 studio
368 2587 624 2643 ardentes
675 2588 732 2643 in
778 2587 1023 2643 fraudem
1081 2587 1296 2643 inducti
1346 2595 1476 2641 sunt
1523 2605 1590 2640 eo
1605 2627 1623 2654 .,
1679 2586 1841 2658 ‚quod

100 2667 318 2714 —orator
367 2660 523 2714 visus
559 2667 646 2714 est
678 2660 843 2732 plane
877 2660 1099 2715 Atticus
1135 2678 1277 2723 esse,
1314 2666 1377 2712 ut
1414 2676 1537 2716 eum
1575 2657 1700 2718 ideo
1731 2676 1842 2713 nnec

131 2730 261 2786 alibi
311 2731 421 2785 nisi
470 2731 708 2786 Athenis
759 2740 948 2785 natum
998 2732 1172 2786 fuisse
1218 2731 1335 2786 sive
1373 2730 1689 2813 optaverint
1724 2730 1842 2786 sive

134 2803 581 2859 coniectaverint.
657 2804 853 2875 Itaque
890 2802 1040 2859 istud
1078 2802 1332 2874 quidem,
1371 2820 1419 2855 si
1458 2820 1645 2855 verum
1684 2801 1840 2856 fateri

136 2874 421 2944 volumus,
461 2875 730 2931 eiusmodi
768 2884 882 2944 est,
938 2882 1001 2929 ut
1035 2873 1577 2930 verisimilitudinem.
1603 2874 1720 2928 eius
1757 2893 1842 2928 ra-

134 2946 319 3016 tionis,
356 2965 525 3019 quam
562 2949 860 3019 sequimur,
901 2947 1189 3002 confirmet
1214 2946 1398 3019 potius
1422 2953 1590 3016 atque
1613 2946 1840 3011 muniat,

224 3164 263 3213 ·)
293 3162 512 3205 Mittimus
546 3164 739 3206 fabulam
779 3165 833 3205 «le
865 3165 1062 3217 Cephalo
1095 3178 1121 3205 a
1150 3164 1323 3206 Gelono
1355 3165 1399 3206 in
1433 3165 1612 3206 exilium
1645 3166 1784 3206 eiecto
1817 3179 1841 3204 a

311 3228 547 3274 personato
578 3222 887 3264 Plutarcho
922 3223 1029 3265 vitt.
1064 3222 1118 3262 X.
1153 3222 1276 3265 Orat.
1310 3223 1337 3263 l.
1369 3238 1405 3264 c.
1440 3224 1682 3276 proditam,
1713 3236 1840 3275 quan!

278 3282 472 3321 'munere
505 3282 743 3322 confictam
784 3292 880 3322 case
922 3281 1108 3334 quilibet
1147 3293 1200 3322 ex
1233 3293 1285 3322 eo
1318 3282 1560 3335 intelligat,
1604 3280 1724 3334 quod
1758 3281 1842 3321 Ge-

314 3336 429 3378 lonis
477 3350 660 3389 regnum
717 3339 869 3381 incidit
926 3341 970 3380 in
1020 3339 1194 3394 Olymp.
1249 3339 1463 3381 Lxxm.
1514 3339 1556 3384 4.
1606 3352 1741 3393 usquo
1790 3340 1842 3380 ad

317 3392 487 3447 olymp.
522 3396 704 3437 Lxxv.
738 3397 777 3438 3.
