2098 3658
278 124 377 177 152

886 119 1374 174 PLATONIS

275 273 363 324 ἐπὶ
410 269 581 322 τοῦτο
627 264 694 332 δὴ
739 270 1000 338 τρεπτέον
1043 263 1213 331 ὅλως’
1261 263 1534 337 πρόθυρα
1578 266 1680 334 μὲν
1722 266 1813 318 καὶ
1851 266 1983 333 σχῆ-

272 374 352 422 μα
407 351 586 419 κύκλῳ
644 353 767 420 περὶ
822 347 1063 419 ἐμαυτὸν
1117 353 1497 422 σκιαγραφίαν
1560 346 1764 417 ἀρετῆς
1835 368 1984 419 περι-

273 439 566 503 γραπτέον,
612 431 717 499 τὴν
761 436 817 488 δὲ
863 436 964 488 τοῦ
995 432 1330 507 σοφωτάτου
1355 430 1680 504 Ἀρχιλόχου
1723 428 1982 485 ἀλώπεκα

274 521 490 573 ἑλκτέον
535 517 836 583 ἐξόπισθεν
881 521 1177 587 κερδαλέαν
1224 521 1315 572 καὶ
1362 519 1633 581 ποικίλην.
1678 514 1823 569 ἀλλὰ
1857 514 1983 587 γάρ,

278 725 317 753 a.
349 713 388 753 b.
421 727 462 753 α.
493 728 533 766 γ
570 712 717 763 Vulgo
751 715 846 752 erat
877 709 1111 764 ἀλήθειαν,
1142 725 1168 752 a
1205 710 1410 752 Bekkero
1440 714 1673 753 remotum.

340 853 600 909 πρόθυρα
631 856 724 908 μὲν
754 854 847 893 καὶ
879 852 1092 906 σχῆμα]

285 913 518 953 Adduntur
542 912 653 953 haec
672 913 806 953 verba
824 911 1094 964 praeceden-

284 970 402 1011 tibus
445 971 557 1018 illis,
613 969 682 1009 ἐπὶ
722 974 859 1009 τοῦτο
903 968 954 1020 δὴ
996 981 1094 1020 τρε-

284 1029 430 1076 πτέον,
463 1027 774 1080 explicationis
806 1027 964 1080 gratia.
1003 1025 1094 1065 Ita-

288 1097 373 1136 que
414 1097 504 1125 uon
546 1091 636 1135 est,
675 1086 794 1136 quod
836 1097 934 1125 cum
975 1083 1093 1123 Ste-

286 1142 475 1211 phano
521 1143 799 1184 scribendum
854 1147 982 1194 putes
1027 1139 1096 1179 καὶ

288 1215 369 1252 που
362 1198 501 1252 ’θυρα
541 1203 610 1250 μὲι
650 1216 686 1239 κ.
729 1215 794 1250 σχ.
865 1197 1097 1239 Sententia

286 1257 396 1297 haec
426 1263 514 1297 est·
554 1263 826 1310 tanquam
856 1256 1098 1296 vestibu-

286 1315 344 1354 lo
377 1315 571 1367 aliquo
612 1319 664 1355 et
704 1315 976 1365 specioso
1010 1313 1095 1352 ob-

286 1377 444 1412 tentu
511 1385 586 1412 me
637 1372 992 1412 circumdare
1049 1382 1094 1409 0-

287 1434 474 1481 portet
561 1430 797 1469 virtutis
891 1441 948 1480 sp
966 1428 1095 1466 ecie

287 1485 403 1526 Nam
453 1486 588 1527 verba
646 1487 944 1527 construenda
993 1490 1097 1524 sunt

288 1545 374 1585 sic·
436 1542 749 1597 περιγραπτέον
803 1559 851 1584 m·
844 1542 938 1614 Ξκλω
999 1541 1097 1594 περὶ

286 1599 481 1655 ἐμαυτὸν
514 1603 805 1655 σκιαγραφίαν
832 1598 990 1652 ἀρετῆς
1007 1596 1096 1650 (ὡς)

284 1656 498 1714 πρόθιρα
529 1657 598 1697 καὶ
630 1662 790 1710 σχῆμα.
852 1657 1003 1697 Virtus
1035 1657 1096 1696 si-

285 1716 462 1765 mulata,
495 1728 606 1769 quae
640 1729 770 1757 verae
794 1712 969 1756 v'irtutis
995 1727 1093 1767 spe·

287 1776 395 1814 ciem
434 1775 662 1824 mentitur,
711 1773 976 1826 σκιαγραφία
1018 1785 1093 1812 vo-

287 1837 411 1872 catur
443 1833 574 1872 etiam
605 1832 652 1871 in
681 1832 903 1873 Phaedon.
942 1843 985 1883 p.
1018 1829 1089 1873 69.

287 1889 338 1931 Β.
364 1887 652 1959 χωριζομενα
679 1889 721 1929 δὲ
754 1886 998 1957 φρονήσεως
1025 1887 1094 1927 καὶ

287 1944 590 1998 ἅλλαττομειά
627 1943 725 1986 ἀντὶ
764 1942 964 1997 ἀλλήλων
977 1976 988 1996 ‚
1031 1943 1089 1996 μὴ

287 2005 548 2057 σκιαγραφία
581 2019 647 2048 τις
683 2007 705 2055 ᾗ
741 2001 762 2054 ἦ
793 2017 859 2042 τοι
864 2018 975 2053 mv]
995 2016 1094 2055 αρε

286 2058 358 2111 τή,
379 2062 452 2100 ubi
475 2075 516 2102 v.
537 2060 924 2113 Wyttenbach.
947 2059 1096 2099 Etiam

286 2119 468 2158 verbum
501 2132 679 2171 σκιαγρα
687 2122 783 2168 ‹petz›
813 2117 1099 2169 significatio-

286 2188 342 2216 ne
403 2176 709 2215 simulandi
779 2187 922 2215 vana
984 2187 1096 2226 spe-

289 2234 376 2273 eie
420 2234 730 2273 veritatem
775 2233 956 2286 ponitur
996 2233 1096 2271 libr.

286 2290 370 2333 IX.
415 2304 452 2343 p.
493 2289 593 2333 583.
635 2290 687 2334 B.
737 2304 780 2343 p.
813 2289 914 2334 586.
956 2289 1007 2329 B.
1039 2290 1096 2329 al.

286 2348 529 2399 Eleganter
582 2354 728 2389 autem
791 2349 893 2388 talis
942 2348 1096 2397 virtus,

289 2412 400 2458 quae
430 2406 540 2445 nihil
571 2407 658 2446 nisi
698 2406 875 2449 virtutis
907 2405 1097 2457 speeiem

286 2463 432 2513 habet,
467 2476 565 2503 cum
596 2464 771 2504 aedium
801 2463 927 2503 aditu
953 2475 1003 2502 ac
1024 2475 1096 2502 ve-

287 2522 449 2562 stibulo
489 2527 793 2573 comparatur,
837 2521 999 2572 quippe
1042 2532 1095 2560 ex

287 2591 374 2631 quo
406 2591 537 2619 verae
567 2579 744 2619 illarum
764 2579 950 2619 virtutes
983 2578 1096 2618 adeo

285 2649 376 2676 non
406 2637 581 2688 possint
612 2636 838 2689 cegnosci‚
871 2641 919 2675 ut
944 2648 1095 2688 saepe-

286 2706 467 2734 numero
497 2700 658 2735 ornatu
693 2707 774 2735 suo
805 2694 1098 2746 spectantium

287 2753 459 2792 animos
500 2753 547 2792 in
587 2753 787 2793 fraudem
829 2757 872 2792 et
903 2763 1096 2792 errorem

285 2808 477 2849 inducat.
508 2810 665 2862 Itaque
691 2825 776 2883 3¹99
773 2809 908 2871 ’θιντρι
931 2807 1098 2849 memo-

287 2871 439 2906 rantur
469 2873 600 2919 atque
631 2863 1003 2918 ‹52175102‚scilicet
1032 2867 1099 2907 in-

287 2924 464 2964 tellecto
512 2925 682 2966 externi
720 2926 892 2965 decoris
941 2929 984 2964 et
1025 2937 1094 2965 or-

287 2980 477 3021 namenti
510 2983 705 3032 obtentu,
736 2988 785 3022 ut
807 2985 954 3035 σχῆμα
976 2983 1093 3022 idem

288 3038 346 3077 sit
376 3039 495 3090 quod
524 3040 631 3079 alibi
658 3038 902 3094 πρόσχημα,
935 3039 989 3079 de
1017 3051 1091 3080 cu-

288 3096 356 3134 ius
394 3108 490 3135 voc.
534 3110 616 3137 usu
664 3111 705 3136 v.
745 3097 1084 3149 Wesseling.

289 3152 348 3192 ad
381 3152 545 3193 Herod.
582 3155 637 3193 V.
670 3153 740 3197 28.
808 3154 1096 3207 Comparavit

290 3210 487 3249 Astius
520 3210 731 3251 Themist.
765 3211 887 3252 Orat.
918 3225 961 3264 p.
996 3210 1094 3255 142.

289 3265 340 3310 C.
369 3265 570 3309 XXXII.
602 3281 645 3319 p.
677 3268 777 3312 375.
808 3269 866 3312 D.

343 3321 438 3374 τὴν
467 3323 522 3364 δὲ
556 3326 651 3364 τοῦ
682 3323 1095 3377 σοφωτάτου-

279 3380 569 3434 ποικίλην]
633 3382 898 3424 Timaeus
946 3382 1094 3424 Gloss.

1180 866 1222 906 p.
1255 852 1354 896 256.
1388 850 1467 903 τὴν
1499 849 1743 902 ἀλωπεκῆν·
1783 846 1862 903 τὴν
1900 863 1986 888 πα-

1180 912 1396 963 νουργίαν.
1422 908 1563 957 Quam
1581 910 1774 960 glossam
1794 909 1851 947 ad
1872 908 1988 948 hunc

1179 969 1325 1008 locum
1352 969 1574 1020 pertinere
1614 972 1732 1006 recte
1772 966 1990 1006 iudicavit

1179 1025 1574 1076 Ruhnkenius,
1633 1025 1758 1063 cuius
1807 1023 1989 1075 elegan-

1181 1084 1396 1123 tissimam
1429 1083 1773 1135 disputationem
1811 1081 1883 1121 hic
1913 1094 1988 1132 ap-

1181 1152 1348 1193 ponere
1368 1141 1518 1180 licebit
1546 1139 1865 1191 „LectioTim
1881 1139 1988 1190 aei,

1179 1199 1339 1250 inquit,
1375 1199 1530 1237 melior
1552 1198 1692 1238 videri
1717 1199 1877 1247 possit.
1909 1196 1990 1236 Ni·

1181 1256 1246 1295 hil
1295 1261 1443 1295 tamen
1505 1255 1762 1294 mutandum
1812 1261 1988 1294 temere.

1179 1312 1295 1353 Nam
1325 1309 1496 1364 ἀλώπηξ
1528 1313 1690 1352 dicitur
1720 1324 1801 1364 pro
1834 1324 1860 1364 p
1881 1312 1991 1352 elle

1182 1370 1437 1421 vulpina,
1486 1374 1535 1410 ut
1578 1368 1679 1408 λέων
1717 1382 1797 1421 pro
1838 1370 1991 1421 pelle

1181 1427 1439 1478 leonina,
1492 1433 1535 1467 et
1579 1428 1773 1467 eiusdem
1817 1429 1992 1479 generis

1182 1485 1292 1536 alia,
1335 1485 1389 1524 de
1426 1485 1584 1537 quibus
1619 1485 1871 1537 Toupius
1907 1485 1991 1537 Ep.

1183 1542 1291 1583 Crit.
1325 1556 1364 1594 pv
1387 1542 1488 1585 118.
1511 1547 1554 1583 et
1575 1543 1631 1582 ad
1651 1541 1799 1582 Schol.
1822 1542 1860 1582 Τ
1875 1541 1993 1583 heo-

1183 1601 1306 1641 crit.
1339 1613 1379 1652 p.
1413 1600 1511 1643 209.
1545 1600 1737 1640 Horat.
1769 1599 1823 1640 de
1856 1603 1905 1643 A.
1942 1601 1990 1643 Ρ.

1180 1657 1296 1701 437:
1344 1657 1634 1711 Nunquam
1682 1663 1735 1698 te
1789 1658 1994 1699 fallant

1181 1715 1350 1757 animi
1390 1717 1486 1757 sub
1527 1717 1690 1768 vulpe
1734 1716 1993 1757 latentes.

1180 1772 1254 1815 Sic
1293 1775 1480 1825 tigres
1528 1786 1606 1826 pro
1649 1773 1895 1826 pellibus
1926 1776 1992 1814 ti-

1179 1832 1397 1884 gridum
1431 1845 1502 1884 ap.
1538 1831 1710 1871 Valer.
1735 1830 1915 1872 Flacc.
1942 1832 1992 1882 ll,

1180 1889 1286 1933 260:
1343 1888 1608 1940 fixaeque
1649 1889 1898 1929 fremunt
1935 1891 1991 1930 in

1179 1947 1370 1987 limine
1401 1944 1609 2000 tigre's,
1640 1951 1689 1986 ut
1708 1947 1858 1999 pulcre
1882 1946 1995 1988 vidit

1180 2004 1992 2058 Wesseling.Probab.c.7.Quid?

1182 2063 1407 2114 vulgatam
1447 2063 1492 2102 in
1529 2060 1766 2103 Platone
1807 2065 1993 2115 scriptu-

1179 2133 1274 2159 ram
1324 2121 1569 2161 imitatione
1628 2133 1708 2160 sua
1767 2122 1995 2161 confirmat

1184 2178 1536 2218 Themistius
1587 2177 1709 2218 Orat.
1751 2178 1908 2222 XXII.
1950 2192 1992 2231 p.

1181 2235 1278 2278 279
1306 2237 1353 2275 A.
1388 2265 1417 2286 ,‚
1429 2234 1620 2288 φύονται
1651 2235 1698 2275 δέ
1713 2250 1822 2280 τινες
1852 2234 1923 2276 καὶ
1952 2238 1994 2276 ἐν

1180 2290 1434 2345 ἀνθρώποις
1472 2290 1712 2344 αλωηεκες,
1751 2293 1917 2345 μᾶλλον
1947 2290 1996 2333 δὲ

1182 2347 1439 2419 α’νθρωπια
1458 2347 1618 2419 σμικρά
1649 2364 1695 2390 τε
1724 2350 1791 2390 καὶ
1819 2348 1994 2391 ανελειῖ-

1185 2411 1325 2460 θερα,
1391 2405 1470 2454 τὰς
1513 2401 1728 2455 ἀλώπεκας
1801 2407 1995 2451 ὄπισθεν

1182 2462 1464 2516 ἐφελκόμενα·
1517 2465 1560 2503 οἱ
1614 2465 1654 2504 δὲ
1717 2463 1860 2506 αὐτῶν
1912 2464 1992 2506 οὔκ

1181 2520 1432 2570 ἀλώπεκας,
1491 2520 1596 2561 ἀλλὰ
1655 2521 1904 2575 δράκοντας
1952 2537 1991 2563 κ.

1179 2596 1218 2619 τ.
1267 2579 1342 2619 λ.»
1405 2580 1743 2621 Archilochi
1796 2580 1848 2622 de
1887 2581 1993 2622 vul-

1180 2650 1236 2690 pe
1285 2637 1486 2688 fabulas,
1518 2638 1702 2678 alteram
1739 2639 1792 2679 de
1836 2637 1992 2692 vulpe-

1180 2695 1279 2736 cula
1317 2699 1359 2735 et
1389 2696 1547 2747 simia3
1595 2697 1774 2736 atteram
1809 2697 1863 2738 de
1896 2696 1990 2737 vul-

1181 2765 1236 2806 pe
1269 2759 1311 2792 et
1343 2753 1511 2804 aquila,
1575 2753 1700 2792 multi
1731 2767 1992 2796 commemo·

1182 2815 1306 2851 rant=
1349 2810 1402 2850 de
1434 2823 1520 2863 qua
1550 2816 1597 2849 re
1627 2824 1670 2850 v.
1702 2806 1989 2853 Ruhnken.

1184 2870 1208 2911 l.
1243 2881 1280 2912 c.
1301 2867 1516 2908 Liebel.
1546 2869 1989 2921 Archiloch.Fragm.

1179 2925 1231 2967 11.
1253 2925 1336 2968 161
1350 2938 1446 2977 sqq.
1466 2925 1657 2977 etp.165
1672 2939 1768 2981 sqq.
1784 2927 1990 2968 Husch-
2092 2949 2095 2968 x

1178 2983 1243 3022 ke
1274 2983 1320 3022 in
1352 2982 1644 3022 Matthiae
1673 2982 1858 3028 Miscell.
1883 2984 1990 3026 Phi·
2091 2980 2098 3044 J

1177 3041 1253 3082 lol.
1293 3038 1346 3079 T.
1379 3039 1410 3082 l.
1451 3053 1492 3092 p.
1524 3038 1705 3092 27's'qq'.
1779 3045 1852 3097 qui
1895 3043 1991 3095 qui·
2096 3040 2098 3052 ⁴

1179 3097 1274 3137 dem
1305 3097 1445 3137 sicubi
1463 3097 1724 3139 Archilochi
1756 3099 1917 3152 ἀλώκηξ
1943 3104 1992 3139 ut

1178 3154 1366 3207 κερδαλῆ
1407 3160 1448 3194 et
1492 3154 1663 3205 ποικίλη
1710 3163 1989 3207 memoretur,

1180 3224 1352 3264 semper
1387 3211 1581 3252 fabulam
1610 3221 1768 3264 poetae
1810 3216 1863 3256 de
1895 3215 1990 3256 vul-

1179 3281 1234 3321 pe
1273 3281 1324 3309 ac
1371 3269 1496 3309 simia
1537 3271 1695 3322 respici
1731 3274 1987 3314 arbitratur.

1180 3325 1401 3366 Nimirum
1431 3327 1476 3366 in
1513 3326 1645 3369 huius
1684 3330 1862 3372 fabulae
1900 3330 1988 3370 fra·

1182 3388 1358 3435 gmento
1390 3397 1431 3436 p.
1453 3383 1553 3428 165.
1582 3387 1649 3430 ed.
1681 3387 1851 3431 Liebel.
1881 3389 1988 3430 haec
