2098 3658
298 100 399 152 374
916 102 1382 158 PLATONIS

299 249 402 301 τοῦ
448 246 709 302 τοιούτου
756 253 1092 314 αἰσθέσθαι,
1138 252 1290 320 οἶμαι
1338 251 1391 305 δ’
1445 250 1569 306 οὐδ’
1613 258 1670 307 ἐν
1693 249 1866 322 ἄλλῳ.
1917 254 1994 308 Οὐ

241 333 257 351 ’“
299 327 374 400 μα
426 329 523 385 τὸν
571 335 689 394 Δία,
735 337 860 406 ἔφη.
929 337 996 388 Τι’
1041 338 1128 400 δέ;
1180 329 1246 402 ἦν
1292 336 1345 390 δ’
1391 333 1526 400 ἐγώ·
1572 332 1713 390 ὅταν
1759 357 1841 399 τις
1884 337 2002 402 οἵη-

298 434 388 468 ται
434 412 662 483 ἀδικεῖν,
693 415 794 487 οὐχ
831 414 943 485 ὅσῳ
988 417 1060 472 ἂν
1103 418 1486 491 γενναιότερος
1535 410 1584 496 ᾖ,
1607 421 1854 490 τοσούτῳ
1907 414 1998 487 ἧτ-

300 519 395 553 τον
454 500 690 553 δύναται
749 500 1074 570 ὀργίζεσθαι
1141 508 1232 558 καὶ
1294 507 1498 558 πεινῶν
1555 509 1646 559 καὶ
1695 502 1864 578 ῥιγῶν
1910 510 2002 558 καὶ

297 581 434 637 ἄλλο
493 583 685 638 ὁτιοῦν
748 588 858 638 τῶν
917 586 1185 642 τοιούτων
1242 588 1468 658 πάσχων
1512 586 1597 641 ὑπ’
1653 593 1893 654 ἐκείνου,
1937 587 2003 643 ὃν

297 665 370 720 ἂν
429 669 615 734 obstat
670 673 889 746 δικαίως
950 675 1128 725 ταῦτα
1190 675 1361 744 δρᾶν,
1424 674 1515 725 καὶ
1577 671 1606 727 ὃ
1667 676 1834 741 λέγω,
1900 672 2004 728 οὐκ

299 757 480 807 ἐθέλει
525 751 664 819 πρὸς
708 757 910 809 τοῦτον
955 756 1132 810 αὐτοῦ
1171 760 1490 827 ἐγείρεσθαι
1519 753 1548 810 ὁ
1583 755 1803 827 θυμός-ς
1844 756 2004 823 Ἀλη-

303 838 404 903 θῆ,
452 841 571 911 ἔφη.
671 841 732 891 Ἰἰ’
791 842 873 905 δές
921 837 1061 894 ὅταν
1116 840 1445 896 ἀδικεῖσθαι’
1505 862 1585 904 τις
1629 839 1858 908 ἡγῆται,
1905 841 2002 897 οὐκ

414 1003 465 1044 C.
528 1005 610 1057 ζεῖ
638 1019 689 1046 τε
721 1006 807 1046 καὶ
837 1007 976 1059 χαλ]
1023 1007 1140 1059 ζητεῖ
1165 1007 1278 1047 ΑΚ.
1315 1004 1364 1047 Θ.
1395 1007 1459 1047 ΙΙ.
1495 1005 1545 1047 Φ.
1588 1009 1708 1059 Ang.
1742 1007 1845 1048 Vat.
1879 1021 1936 1051 m.
1967 1020 2003 1048 r.

417 1077 504 1116 καὶ
540 1074 625 1117 διὰ
656 1075 713 1117 τὺ
751 1076 946 1132 πεινῆν
979 1079 1064 1119 καὶ
1097 1076 1183 1119 διὰ
1213 1075 1268 1120 τὸ
1303 1075 1440 1132 ῥιγ]
1488 1076 1556 1120 διὰ
1597 1079 1675 1119 τοῦ
1707 1080 1774 1120 bis
1806 1080 1930 1122 Mon.
1963 1085 2006 1120 et

299 1132 420 1173 Flor.
452 1134 497 1186 β.
530 1149 610 1187 pro
643 1137 764 1188 vulg.
800 1133 846 1177 τὸ
867 1160 918 1169 --
939 1134 1001 1181 τό.
1055 1137 1229 1177 Deinde
1261 1150 1341 1190 pro
1376 1133 1423 1177 τὰ
1458 1138 1634 1176 τοιαῦτα
1666 1134 1854 1188 πάσχειν,
1886 1138 2005 1188 quod

300 1204 451 1233 omnes
498 1194 620 1236 editt.
667 1199 834 1235 tenent.
879 1210 911 1236 τ.
957 1210 990 1235 τ.
1037 1193 1228 1246 πάσχων
1260 1196 1362 1235 libri
1394 1195 1518 1236 Mon.
1553 1201 1596 1235 et
1624 1195 1745 1235 Flor.
1776 1193 1821 1246 β.
1886 1200 1999 1234 Ante

300 1245 530 1299 ὑπομένων
561 1251 658 1305 νικᾷ
673 1253 898 1294 omisimus
917 1253 1077 1302 uac',ibi
1102 1254 1236 1304 vulgo
1270 1254 1415 1304 inepte
1450 1253 1684 1299 intrusum,
1705 1258 1748 1292 et
1778 1253 1824 1292 in
1855 1253 2002 1293 multis

297 1307 424 1348 libris
456 1315 503 1347 ιιι
537 1309 637 1350 Par.
673 1312 728 1349 A.
766 1310 859 1353 Vat.
898 1309 945 1351 Θ.
985 1310 1088 1353 Ven.
1118 1309 1172 1351 Π.
1212 1311 1344 1351 Vind.
1381 1309 1430 1349 Φ.
1467 1313 1581 1362 Aug.
1619 1311 1716 1350 Vat.
1750 1323 1804 1350 ιιι.
1838 1323 1871 1349 r.
1903 1317 2003 1362 post

303 1359 533 1415 ὑπομένων
563 1368 888 1420 interpositum.
951 1368 1089 1409 Recte
1119 1369 1230 1424 illud
1261 1382 1346 1408 om.
1393 1368 1518 1408 Mon.
1540 1343 1669 1411 :idon
1702 1368 1746 1420 β.
1781 1374 1825 1408 et
1857 1367 2000 1410 Paris.

305 1519 559 1575 νωνήσαντα
569 1525 856 1576 supplendum
871 1530 1107 1573 κοινωνεῖν,

306 1593 466 1632 quum
509 1583 661 1622 ratio
711 1583 946 1623 evincat
999 1597 1108 1624 non

306 1644 581 1691 oportere
629 1641 802 1681 talem
854 1642 988 1681 iniri
1029 1655 1107 1682 so-

306 1698 581 1738 cietatem.
659 1698 774 1740 Nam
820 1700 884 1740 ita
927 1698 1044 1752 αιρεῖ
1083 1694 1106 1740 ὁ

305 1751 436 1807 λόγος
454 1756 699 1797 sexcenties
731 1758 849 1810 apud
875 1757 1106 1799 Platonem
1125 1786 1139 1795 .

304 1820 555 1866 usurpatur,
569 1815 622 1854 de
645 1828 731 1866 quo
754 1817 843 1856 vid.
863 1817 918 1855 ad
931 1815 1102 1856 Criton.

301 1885 343 1924 p.
383 1871 452 1914 48.
501 1872 549 1914 C.
594 1873 693 1915 coll.
747 1872 821 1914 Ga
835 1873 1008 1914 taker.
1049 1875 1105 1914 ad

302 1932 517 1970 Antonin.
550 1930 624 1970 IV.
659 1931 728 1973 24.
772 1929 1012 1974 Dorvill.
1047 1933 1104 1972 ad

302 1986 470 2028 Charit.
502 2002 543 2040 p.
562 1987 661 2032 645.
709 1989 848 2030 Porro
881 1985 1104 2042 ἀντιπράτ-

303 2059 400 2093 τειν,
432 2047 726 2097 resistere,
760 2061 1102 2099 repugnare,

303 2105 481 2144 reniti
504 2109 570 2144 est
591 2106 761 2144 aliter
792 2106 844 2145 fa
860 2118 978 2146 cere
1010 2107 1103 2145 sive

302 2168 495 2203 contra
535 2162 749 2213 facere,
803 2176 934 2215 quam
989 2165 1103 2204 ratio

301 2221 486 2261 suadeat
517 2226 646 2273 atque
682 2221 844 2271 iubeat,
879 2222 1104 2262 cohaeret·

301 2291 386 2330 que
418 2292 513 2319 cum
542 2279 842 2331 superioribus
863 2279 950 2319 illis
970 2275 1105 2319 αὐτὸν

303 2333 639 2389 κοινωνήσαντα,
659 2343 707 2376 ιιι
732 2349 866 2389 prave
897 2351 923 2378 a
951 2339 1099 2377 multis

301 2407 400 2446 cum
456 2393 514 2447 μὴ
568 2393 656 2434 δεῖν
711 2396 995 2436 coniunctum
1051 2397 1108 2436 sit

301 2460 518 2493 commate
576 2458 678 2506 post
737 2451 824 2493 δεῖν
884 2455 1105 2506 neglecto.

304 2510 483 2551 Positus
515 2518 660 2552 autem
687 2512 758 2552 hic
777 2512 1021 2552 infinitivus
1044 2517 1109 2552 est

301 2582 380 2621 per
409 2570 723 2610 anacoluthom
767 2570 968 2610 Mutatur
993 2571 1108 2611 enim

300 2627 508 2681 deinceps
522 2629 724 2668 inchoata
746 2629 978 2669 verborum
1000 2642 1101 2668 con-

298 2687 500 2737 structio,
526 2687 745 2739 siquidem
776 2687 1102 2738 subiunguntur

302 2744 454 2786 verba:
500 2742 633 2794 φάναι
651 2743 887 2797 γενοιιένου
907 2744 985 2784 τοῦ
1015 2758 1101 2784 τοι·

300 2798 438 2842 ούτου
491 2801 753 2850 αἰσθέσθαι,
806 2815 888 2855 pro
942 2803 1101 2855 quibus

300 2859 497 2930 legitima
518 2863 688 2902 ratione
713 2861 806 2902 fere
825 2860 1101 2901 inferendum

299 2918 405 2957 fuit.
448 2912 568 2968 σι’,ἀαι
603 2931 650 2960 σε
691 2915 772 2960 οὐκ
804 2915 858 2959 ἂν
889 2917 994 2959 ι’δεῖν
1025 2926 1102 2959 aut

298 2977 442 3016 simile
482 2978 703 3029 quiddam.
781 2977 930 3030 ltaque
977 2978 1099 3017 locus

299 3036 451 3086 utique
482 3036 679 3076 sincerus
701 3041 862 3076 estnec
882 3035 972 3075 ulla
1001 3035 1099 3075 labe

297 3091 498 3141 affectus,
516 3098 563 3132 ut
590 3094 768 3134 silentio
801 3094 1098 3134 transmittere

297 3150 426 3189 liceat
443 3152 684 3192 sententias
702 3153 955 3192 criticorum
970 3163 1098 3191 sane-

297 3219 426 3259 quam
470 3210 616 3250 varias
660 3223 711 3250 ac
754 3211 970 3255 diversas.
1020 3209 1096 3261 qui

296 3277 397 3305 eum
420 3266 486 3305 vel
506 3267 787 3319 interpretari
805 3270 931 3310 aliter
950 3267 1097 3308 conati

300 3329 415 3373 sunt,
435 3323 879 3367 utffiohneiderus
911 3325 1096 3366 eti-ier-

300 3394 547 3433 mannus,
591 3383 664 3437 qui
714 3391 880 3436 partem
922 3384 1095 3437 quidem

1195 1526 1287 1566 veri
1322 1526 1543 1576 viderunt,
1557 1538 1731 1566 omnem
1764 1526 2001 1567 verborum

1193 1584 1411 1624 rationem
1459 1585 1716 1636 neutiquam
1763 1597 2000 1637 perspexe-

1191 1647 1309 1692 runt,
1343 1642 1414 1681 vel
1445 1643 1578 1682 etiam
1609 1643 1875 1683 coniecturis
1907 1649 2001 1684 ten-

1191 1705 1398 1740 taverunt
1483 1713 1721 1767 sane-quam
1793 1701 1999 1741 inanibus

1191 1764 1322 1810 atque
1385 1759 1738 1810 supervacaneis.
1824 1757 2000 1827 Quippe

1191 1829 1282 1856 non
1309 1816 1373 1855 illi
1419 1817 1824 1856 animadverterunt
1856 1816 1914 1857 ad
1942 1813 1998 1869 μὴ

1193 1871 1282 1913 δεῖν
1313 1874 1500 1925 intelligi
1533 1879 1739 1927 oportere
1773 1879 1999 1914 κοινωνεῖν

1192 1935 1282 1971 ταῖς
1313 1929 1575 1981 ἐπιθυμίαις.

1251 2017 1301 2058 C.
1368 2015 1501 2059 ὅταν
1541 2029 1618 2059 τις
1658 2021 1841 2073 οἴηται
1884 2018 1995 2062 ἀδι-

1194 2081 1306 2116 κεῖν
1337 2100 1393 2107 -
1429 2074 1451 2117 ὁ
1495 2075 1725 2130 θυμόε;]
1767 2081 1996 2132 quando

1192 2136 1318 2187 quis
1391 2148 1514 2176 sese
1583 2142 1748 2186 putat
1822 2138 1996 2178 alteri

1191 2194 1405 2233 inferre
1463 2195 1756 2244 iniuriam,
1815 2208 1996 2236 nonne

1191 2264 1298 2303 quo
1360 2257 1444 2292 est
1505 2253 1870 2305 generosior,
1932 2267 1995 2294 eo

1191 2311 1366 2350 minus
1409 2310 1589 2350 irasci
1633 2316 1845 2363 potest,
1875 2312 1996 2352 dum

1191 2368 1372 2408 esurit
1426 2373 1476 2408 et
1528 2368 1694 2421 alget
1739 2374 1789 2409 et
1833 2370 1996 2410 aliud

1195 2426 1419 2477 quidvis
1478 2427 1595 2466 tale
1656 2428 1872 2480 patitur
1930 2428 1994 2468 ab

1200 2484 1636 2536 illo,quemiure
1667 2485 1799 2528 haec
1831 2498 1994 2539 agere

1193 2547 1406 2589 censet,
1445 2548 1493 2581 ut
1531 2543 1699 2584 scilicet
1740 2544 1836 2585 istis
1866 2545 1993 2585 malis

1193 2600 1443 2640 afficiatur?

1247 2680 1344 2725 οὐκ
1385 2683 1444 2725 ἐν
1484 2684 1650 2741 τούτῳ
1695 2687 1778 2738 ζεῖ
1813 2701 1864 2727 τε
1907 2689 1993 2741 κμὶ

1187 2744 1500 2795 χαλεπαίνει
1563 2768 1615 2773 —
1677 2744 1989 2799 πραϋνθῇ;]

1190 2802 1336 2843 Prave
1378 2802 1423 2841 in
1478 2802 1573 2852 his,
1636 2804 1994 2855 interpunctione

1186 2866 1289 2912 post
1321 2857 1472 2914 δικαίῳ
1514 2861 1691 2915 omissa,
1722 2861 1879 2902 verba:
1922 2863 1991 2902 καὶ

1186 2914 1259 2957 διὰ
1317 2916 1366 2956 τὸ
1424 2917 1575 2968 πεινῆν
1616 2940 1670 2947 -
1704 2920 1880 2959 τοιαῦτα
1911 2917 1990 2959 πά-

1185 2987 1298 3027 σχειν
1328 2975 1641 3028 pertrahuntur
1672 2977 1730 3017 ad
1759 2978 1825 3028 ζεῖ
1852 2992 1893 3018 τε
1922 2978 1990 3017 καὶ

1182 3033 1420 3085 χαλεπαίνει
1459 3033 1527 3071 καὶ
1569 3040 1772 3086 συμμαχεῖ
1817 3049 1871 3089 τῳ
1915 3033 1989 3076 δο-

1184 3091 1334 3131 κοῦντι
1373 3088 1545 3144 δικαίῳ,
1589 3104 1718 3143 quam
1770 3077 1990 3134 rationem

1189 3150 1418 3190 dissuadet
1471 3152 1721 3201 antegxessi
1773 3151 1988 3192 enuntiati

1167 3208 1450 3260 ,comparatio
1473 3214 1515 3246 et
1532 3208 1688 3249 falsam
1706 3222 1802 3250 esse
1825 3210 1990 3250 evincit

1184 3265 1253 3304 καὶ
1295 3266 1341 3304 in
1391 3266 1645 3306 melioribus
1698 3266 1825 3308 codd.
1883 3271 1987 3308 ante

1183 3318 1412 3372 ὑπομένων
1461 3325 1669 3365 omissum
1705 3331 1779 3364 aut
1807 3325 1910 3365 inde
1941 3325 1985 3365 in

1181 3382 1313 3422 alium
1332 3383 1473 3423 locum
1492 3384 1983 3436 eumqueimportunum
