2124 3744
330 217 432 267 438
928 215 1397 272 PLATONIS

326 360 684 426 ἀναστάντας
729 366 997 419 ἐντεῦθεν
1043 369 1156 419 δεῖν
1201 367 1266 442 τῇ
1312 364 1489 441 ὀγδόῃἦ
1524 364 1886 442 πορεύεσθαι,
1931 370 2024 422 καὶ

322 443 696 519 ἀφικνεῖσθαι
744 452 1102 518 τεταρταίους
1144 446 1297 522 ὅθεν,
1336 453 1607 520 καθορᾶν
1650 447 1883 505 ἄνωθεν
1929 449 2022 506 διὰ

322 531 537 594 παντὸς
583 534 682 587 τοῦ
729 530 977 602 οὐρανοῦ
1019 534 1126 586 Δκαὶ
1182 537 1282 601 γῆς
1320 540 1659 603 τεταμένον,
1693 538 1813 610 φῶς
1856 533 2023 598 εὐθύ,

324 610 446 669 οἷον
490 619 679 680 κίονα,
732 615 973 685 μάλιστα
1023 620 1096 694 τῇ
1128 617 1288 687 Ἴριὺι
1342 621 1657 693 προςφερῆ,
1710 618 2024 690 λαμπρότε·

324 719 429 769 ρον
471 702 527 754 ὂὲ
573 704 663 755 καὶ
710 699 1136 771 καθαρώτερον.
1182 708 1255 765 εὶς
1302 701 1670 778 ὃάφικὲσθαι
1699 704 2023 776 προελθόν-

326 803 413 847 τες
470 782 775 856 ἡμερησίαν
819 783 982 853 ὁδόν,
1033 789 1132 840 ,καὶ
1186 790 1321 842 ἰδεῖν
1377 785 1593 843 αὐτόθι
1647 786 1792 842 κατὰ
1851 793 2020 858 μέσον

324 864 387 923 τὸ
436 871 556 943 φῶς
599 877 654 924 ἐκ
702 872 803 923 τοῦ
852 868 1100 940 οὐρανοῦ
1149 871 1215 924 τὰ
1262 869 1408 942 ἄκρα
1436 871 1617 947 αὐτοῦ
1653 875 1764 926 τῶν
1808 874 2021 942 δεσμῶν

322 962 642 1024 τεταμένα».
683 953 824 1008 εἶναι
882 953 990 1026 γὰρ
1047 957 1216 1010 τοῦτο
1274 954 1336 1011 τὸ
1392 955 1519 1032 φῶς
1554 955 1858 1027 ξύνδεσμον
1919 960 2019 1012 τοῦ

320 1118 363 1159 εἰ
386 1117 626 1171 μυκήσαιτο
659 1118 701 1160 τὰ
740 1118 942 1171 στόμιον·
979 1121 1046 1160 καὶ
1077 1117 1360 1173 ἀσμενέστατα
1390 1122 1571 1163 ἕκαστον
1591 1123 1700 1175 κτλ..
1731 1134 1842 1174 quae
1875 1125 2018 1162 muta-

322 1177 382 1217 vit
420 1178 605 1219 Bekker.
649 1191 702 1219 ex
742 1179 880 1220 Paris.
916 1179 1076 1220 ΑΒΚ.
1123 1181 1215 1222 Vat.
1254 1178 1301 1221 Θ.
1332 1180 1456 1222 Mon.
1496 1178 1598 1245 Vat.
1633 1193 1666 1221 r.
1681 1211 1699 1247 .’
1739 1180 2018 1221 consentien-

319 1235 431 1276 tibus
467 1235 584 1276 Fllor
606 1236 719 1290 '‘Y-2¹
738 1249 808 1278 x.
843 1242 888 1277 et
919 1237 1082 1279 Iustino
1115 1238 1176 1279 M.

433 1291 486 1334 B.
550 1297 608 1345 τῇ
632 1251 793 1347 Ἶργιδι
825 1296 1126 1352 προεφερῆ]
1163 1296 1236 1337 Sic
1259 1296 1361 1337 Par.
1385 1295 1519 1338 ΑΒΚ.
1545 1258 1643 1336 Vat.
1675 1290 1724 1334 Θ.
1745 1267 1868 1333 Viud.
1892 1261 2014 1334 Mon.

319 1352 431 1404 Ang.
465 1351 566 1392 Vat.
599 1364 655 1392 m.
690 1365 722 1393 r.
758 1358 804 1395 et
823 1352 1242 1396 Florentiniomnes.
1275 1355 1424 1408 Vulgo
1444 1351 1704 1407 προεφερέε.
1740 1351 1845 1392 Mox
1865 1342 2015 1403 προέλ-

314 1463 422 1505 ἑπτᾶ
455 1464 665 1512 ἑκάστοις.
720 1466 898 1517 Monui,
941 1479 994 1508 ue
1024 1469 1121 1541 quis
1204 1469 1330 1521 poios
1371 1466 1550 1520 cogitari
1591 1479 1725 1520 posse
1765 1465 2011 1506 arbitratur.

315 1527 407 1570 τοῖς
431 1523 624 1572 ἑκάστοις
655 1530 897 1566 connectat.

372 1579 742 1636 ἀφικνεῖσθαι
835 1584 1119 1638 τεταρταί-

315 1652 406 1685 ους
449 1637 586 1680 ὅθεν
609 1640 693 1694 -]
732 1640 773 1681 h.
809 1653 847 1682 e.
890 1645 936 1682 et
965 1654 1121 1694 perve—

312 1697 433 1737 nisse
461 1699 692 1751 quatriduo
726 1699 766 1739 in
801 1700 968 1750 iocum,
1007 1698 1121 1740 unde

314 1753 507 1808 desuper
521 1757 814 1810 spectaverint
832 1758 974 1798 lucem
1000 1762 1120 1799 recta

312 1817 482 1854 tensam
537 1827 615 1868 per
654 1818 792 1855 totum
845 1817 1013 1856 coelum
1068 1828 1120 1856 ac

313 1873 636 1922 terram‚ve1uti
652 1877 911 1921 columnam,
931 1873 1119 1915 maxime

310 1927 410 1968 Iridi
440 1930 641 1982 similem,
674 1930 750 1972 sed
776 1931 1115 1984 splendidiorem

308 1998 361 2026 ac
400 1989 643 2039 puriorem,
695 1989 750 2028 ad
791 2002 917 2040 quam
960 2001 1116 2042 perve-

309 2045 451 2084 nerint
466 2046 667 2087 confecto
686 2048 812 2087 unius
838 2047 921 2088 diei
948 2048 1114 2088 itinere.

309 2101 441 2143 Lucis
459 2105 672 2156 columna,
693 2104 1114 2146 iudicessoeckhio

310 2160 374 2199 De
421 2160 592 2202 Platon.
633 2163 883 2213 Systemate
921 2162 1115 2204 Coelen.

305 2217 490 2259 Globor.
533 2233 573 2273 p.
611 2219 683 2261 VI.
724 2221 994 2272 significatur
1036 2234 1115 2273 ga-

306 2275 456 2316 laxias.
523 2278 666 2320 Quam
709 2279 966 2319 sententiam
1011 2291 1113 2331 pro-

307 2332 422 2373 bavit
470 2337 599 2376 etiam
637 2335 1112 2377 Schieiermache-

305 2403 406 2430 rus.
438 2393 626 2434 Videtur
656 2396 740 2434 ista.
773 2394 878 2435 lucis
917 2396 1113 2435 coiumna

304 2461 382 2502 per
419 2455 554 2492 totam
588 2464 729 2492 rerum
770 2453 1111 2503 universitatem,

305 2519 359 2547 ex
398 2519 482 2548 uno
526 2510 636 2549 coeli
686 2511 789 2562 polo
827 2508 881 2550 ad
926 2513 1109 2552 aiterum

305 2570 482 2606 extenta
516 2581 640 2619 esse,
683 2570 740 2609 ita
780 2574 830 2608 ut
867 2569 998 2609 etiam
1036 2581 1114 2620 per

305 2622 490 2665 mediam
522 2629 699 2673 terram,
735 2626 975 2667 secundum
1009 2625 1114 2667 Pta-

303 2684 451 2722 tonem
493 2682 534 2722 in
567 2683 715 2724 medio
748 2684 934 2724 universi
967 2685 1112 2734 sitam,

305 2752 532 2791 permeare
559 2742 746 2793 putanda
767 2743 840 2781 sit.
881 2742 1011 2785 Quod
1037 2754 1112 2782 au-

303 2802 389 2839 tem
411 2810 506 2839 cum
536 2799 644 2839 iride
666 2805 961 2852 comparatur,
994 2800 1037 2840 id
1055 2800 1110 2840 ad

300 2857 492 2896 colorem
511 2860 726 2909 spectare,
754 2858 952 2911 proxima
978 2858 1111 2899 verba

300 2913 472 2954 docent.
539 2914 659 2955 Loco
709 2918 824 2967 vulg.
873 2917 1112 2971 προςφερές

298 2972 582 3023 ρΙιιῐίηιοιἪηι
605 2973 954 3025 optimorumque
977 2975 1109 3015 libro-

298 3041 390 3068 rum
425 3032 685 3071 auctoritate
725 3031 948 3086 προςφερῆ
984 3030 1106 3072 dedi-

300 3098 411 3133 mus,
446 3086 502 3128 de
531 3101 618 3139 quo
649 3101 811 3138 genere
833 3089 1106 3129 attractionis

298 3143 459 3186 dictum
495 3151 563 3185 est
586 3146 639 3186 ad
663 3147 755 3187 libr.
774 3146 851 3186 Vl.
882 3160 923 3199 p.
944 3147 1033 3191 485
1055 3148 1103 3187 D.

351 3200 404 3240 C.
436 3201 492 3241 τό
526 3207 631 3254 φῶς
662 3205 711 3243 ἐκ
741 3209 842 3244 τοῦ
860 3204 1103 3259 οὐρανοῦ

299 3281 354 3288 -
397 3260 689 3314 τεταμένα]
739 3261 1104 3307 Schleierma·

299 3315 510 3365 cherus,
550 3321 624 3369 qui
663 3320 831 3360 luminis
862 3323 1102 3362 columnam

297 3374 498 3427 inteliigit
530 3376 733 3417 circulum
782 3379 967 3420 lacteum
1000 3390 1103 3419 coe-

299 3433 384 3473 lum
426 3432 669 3486 cingentem
710 3438 755 3474 et
793 3436 1103 3486 continentem,

298 3488 351 3530 τὰ
386 3487 493 3544 ἄκρα
523 3491 635 3532 nulla
668 3491 746 3531 nisi
781 3493 891 3534 coeli
926 3494 1104 3545 eiusque

1205 1525 1502 1568 Quamobrem
1535 1525 1760 1566 Platonem
1789 1524 2015 1575 scripsisse

1166 1616 1170 1619 .
1207 1585 1393 1625 coniecit
1429 1582 1483 1622 τὰ
1524 1583 1636 1635 ἄκρα
1673 1580 1816 1623 αὐτοῦ
1852 1583 1898 1620 ἐκ
1927 1584 2015 1622 τῶν

1206 1641 1394 1695 δεσμῶν,
1427 1639 1776 1682 seineEnden
1809 1650 1870 1679 an
1901 1638 2014 1679 die-

1206 1712 1303 1740 sen
1339 1697 1592 1740 Biindern
1633 1700 2014 1749 ausgespannt.

1207 1757 1289 1798 Cui
1348 1757 1590 1798 sententiae
1636 1754 2014 1796 Schneiderus

1204 1817 1266 1856 ita
1298 1814 1566 1861 adversatur,
1596 1820 1647 1856 ut
1670 1814 1784 1854 nulia
1806 1813 2014 1853 mutatio-

1205 1886 1259 1914 ne
1275 1885 1387 1926 0pus
1410 1885 1510 1914 esse
1530 1873 1660 1922 dicat.
1682 1873 1717 1911 si
1746 1870 1800 1911 ad
1822 1870 2011 1912 medium

1204 1944 1355 1980 axem,
1398 1929 1437 1970 h.
1471 1944 1510 1971 e.
1535 1942 1688 1982 usque
1723 1928 1776 1968 ad
1811 1932 2010 1970 centrum

1203 1995 1349 2030 terrae
1378 1988 1602 2040 ipsiusque
1622 1985 1769 2028 mundi
1791 1987 2010 2038 pertiuen-

1199 2049 1258 2087 tia
1293 2048 1460 2086 vincula
1492 2046 1739 2098 cogitemus
1777 2044 1830 2084 ab
1863 2048 2011 2084 extre-

1203 2106 1283 2145 mis
1316 2103 1510 2157 sphaeris
1542 2103 1758 2144 radiorum
1795 2102 1928 2141 instar
1954 2100 2008 2142 ad

1201 2162 1346 2203 susum
1395 2161 1683 2203 Necessitatis
1743 2159 1860 2199 circa
1905 2171 2009 2201 cen-

1197 2225 1309 2261 trum
1343 2224 1528 2260 stantem
1563 2222 1762 2271 porrecta
1797 2222 1840 2256 et
1870 2217 2005 2257 utrin-

1197 2291 1283 2330 que
1320 2289 1459 2327 nexa‚
1499 2289 1686 2329 quorum
1735 2275 2005 2315 vinculorum

1198 2350 1283 2389 ope
1314 2339 1510 2376 vertente
1542 2334 1638 2374 fuso
1670 2337 1788 2374 totus
1823 2331 2007 2373 mundus

1198 2407 1295 2435 cum
1343 2393 1538 2434 omnibus
1587 2390 1783 2444 sphaeris
1823 2402 2006 2431 couver-

1196 2458 1327 2492 tatur.
1362 2449 1490 2499 Quod
1526 2463 1579 2491 ex
1611 2453 1734 2503 parte
1765 2460 1911 2488 verum
1941 2448 2002 2488 vi-

1197 2510 1337 2550 detur.
1401 2508 1607 2549 Nimirum
1643 2507 1771 2547 verba
1815 2504 1923 2546 hunc
1964 2505 2004 2546 in

1197 2567 1375 2608 modum
1404 2565 1616 2634 iungen‘da
1649 2569 1774 2605 sunt.
1807 2563 1878 2603 καὶ
1899 2562 2004 2602 ἰδεῖν

1196 2623 1372 2665 αυτόθι
1407 2622 1620 2678 τεταμέια
1657 2623 1700 2661 ἐκ
1738 2625 1817 2661 τοῦ
1851 2615 2004 2674 ου’ρα-

1197 2686 1276 2723 νοῦ
1305 2679 1358 2722 τοὶ
1391 2681 1502 2734 ἄκρα
1539 2685 1622 2722 τῶν
1659 2679 1823 2732 δεσμῶν
1861 2677 2002 2719 αὐτοῦ

1197 2743 1277 2793 (sc.
1311 2743 1392 2781 τοῦ
1422 2738 1640 2792 ου’ρανου)
1665 2733 1777 2777 aare}
1796 2742 1934 2790 μέσον
1947 2734 1998 2775 ἰδ

1195 2801 1306 2852 φῶς,
1358 2797 1586 2849 ibique
1604 2809 1726 2837 sese
1787 2794 2003 2834 vidisse

1198 2855 1592 2898 extremitates
1658 2853 1997 2894 vinculorum

1197 2913 1346 2956 coeli
1392 2923 1692 2965 suspensas
1738 2923 1801 2951 ex
1842 2910 1999 2949 coeio

1194 2978 1246 3015 et
1282 2970 1345 3012 ad
1385 2970 1622 3011 mediam
1665 2968 1813 3008 lucis
1853 2967 1998 3006 coiu-

1194 3044 1232 3071 m
1247 3043 1270 3070 n
1285 3042 1360 3070 am
1378 3034 1646 3068 extenta-s.
1667 3024 1792 3072 Quod
1812 3031 1997 3076 quomo-

1192 3088 1249 3129 do
1288 3085 1623 3138 intelligendum·
1657 3084 1740 3131 sit,
1793 3082 1998 3134 proximis

1192 3145 1335 3188 verbis
1369 3143 1622 3185 declaratur.
1657 3139 1751 3180 Lux
1783 3141 1891 3181 enim
1914 3141 1997 3180 ista

1191 3203 1410 3245 continere
1430 3199 1642 3243 iudicatur
1662 3203 1803 3238 totum
1823 3199 1995 3239 coelum

1189 3263 1255 3302 vei
1290 3272 1436 3300 rerum
1474 3256 1820 3307 universitatem,
1859 3268 1996 3307 quan-

1190 3316 1422 3371 doquidem
1464 3327 1557 3355 voc.
1598 3311 1786 3375 qv'pmo'e
1829 3314 1994 3354 univer-

1190 3388 1262 3417 sus
1299 3372 1479 3415 mundus
1513 3372 1796 3422 sionificatur,
1828 3384 1868 3411 r.
1892 3383 1994 3411 ann.

1189 3434 1242 3475 nd
1269 3427 1501 3472 Timaeum
1537 3444 1576 3484 p.
1608 3429 1679 3473 27.
1709 3430 1765 3473 Α,
1792 3429 1861 3480 qui
1895 3427 1941 3468 h.-

1190 3494 1367 3533 vocatur
1400 3490 1528 3531 etiam
1564 3487 1585 3540 ἡ
1620 3485 1848 3541 περι-φορά.
1869 3485 1991 3534 Quo-
