2098 3658
165 1045 265 1096 ‘75

316 213 412 264 18⁸2
913 207 957 260 P
973 207 1397 264 LATONIS

308 360 406 422 λῆς
466 377 520 410 τε
579 358 688 408 τῶν
740 350 924 407 ἄλλων
979 359 1233 424 πλείστης
1287 355 1361 410 ἂν
1429 357 1510 422 εἴη
1556 361 1649 411 καὶ
1695 349 1767 410 αὖ
1812 364 2001 428 τέχνης

309 462 365 495 τε
428 443 519 494 καὶ
575 441 882 507 ἐπιμελείας
939 444 1194 509 μεγίστης
1237 440 1516 512 δεόμενον.
1613 441 1780 512 Οἶμαι
1824 445 2006 512 ἔγωγε,

307 516 438 591 ἧδ’
509 520 587 586 ὅς.
658 515 788 595 Ἆρ’
856 514 958 578 οὖν
1020 523 1086 580 οὐ
1143 528 1234 580 καὶ
1296 523 1511 598 φύσεως
1565 529 1875 593 ἐπιτηδείας
1933 533 2008 590 εἰς

307 605 447 663 αὐτὸ
504 606 566 662 τὸ
626 604 994 678 ὲπιτήδευμας
1080 612 1218 673 Πῶς
1273 608 1322 664 δ’
1391 607 1490 676 οὕς
1578 608 1884 683 ἸΙμέτερον
1941 608 2006 676 δὴ

305 697 468 763 ἔργον
514 689 587 746 ἂν
632 692 742 757 ε’ίη,
790 689 864 755 ὡς
909 698 1113 757 ἔοικεν,
1169 695 1316 764 ε’ίπερ
1363 693 1475 749 οἷοί
1518 694 1566 748 τ’
1622 700 1807 765 ἐσμέν,
1868 699 2008 750 ἐκλέ-

308 778 525 843 ξασθαι
573 781 712 840 τίνες
755 796 811 829 τε
855 781 948 831 καὶ
992 789 1150 832 ποῖαι
1213 777 1399 851 ᾳύσεις
1443 780 1746 846 ἐπιτήδειαι
1789 785 1862 841 εὶς
1907 778 2009 833 πό-

305 865 438 924 λεως
487 860 759 935 φυλακήν.
839 859 1143 932 Ἡμέτερον
1202 871 1405 931 μέντοι.
1496 862 1599 918 Μὰ
1659 862 1764 928 Δί’,
1823 856 1892 928 ἦν
1952 861 2000 916 δ’

305 944 430 1015 ἐγώ,
479 942 733 1019 οὐκᾶρα
764 949 987 1022 φαῦλον
1024 949 1252 1017 πρᾶγμα
1297 945 1594 1023 ᾐροὶμεθα·
1644 944 1791 1018 ὅμως
1825 951 1881 1001 δὲ
1909 947 2010 1002 οὐκ

305 1029 739 1096 ἀποδειλιατέον,
783 1030 919 1088 ὅσον
960 1028 1013 1101 y’
1064 1029 1138 1085 ἂν
1184 1031 1418 1101 δύναμις
1459 1037 1706 1108 παρείκῃ.
1778 1031 1856 1087 Οὐ
1901 1029 2008 1103 γὰρ

308 1107 426 1180 οὖν,
469 1118 591 1187 ἔφη.
688 1115 801 1170 Οἴει
848 1106 950 1172 οὖν
997 1136 1076 1180 τι,
1122 1108 1191 1182 ἦν
1237 1115 1288 1170 δ’
1342 1113 1469 1186 ἐγώ,
1517 1120 1797 1190 διαφέρειν
1842 1115 2010 1191 φύσιν

306 1205 564 1267 γενναίου
620 1198 893 1265 σκύλακος
949 1205 1023 1263 εἰς
1081 1197 1340 1274 φυλακὴν
1385 1206 1674 1255 νεανίσκου
1721 1199 2012 1268 εὐγενοῦςς

314 1281 399 1338 Τὸ
440 1293 608 1339 ποῖον
652 1289 852 1354 λέγειςς
943 1283 1074 1340 Οἷον
1116 1282 1252 1350 ’ὀξύν
1297 1305 1351 1339 τε
1396 1306 1504 1339 που
1551 1288 1631 1340 δεῖ
1656 1283 1855 1339 αὐτοῖν
1886 1282 2011 1339 ἑκά-

420 1506 528 1559 Cap.
560 1505 655 1548 XV.
720 1506 767 1547 E.
831 1505 1069 1560 δύναμις
1100 1505 1368 1563 παρείκῃ]
1401 1506 1455 1548 V.
1487 1507 1696 1560 παρείκοι.
1759 1505 2009 1547 Coniuncti-

305 1575 402 1603 vum
435 1569 607 1604 tuentur
636 1564 740 1604 Par.
777 1567 807 1605 A
831 1565 931 1606 DK.
967 1566 1060 1606 Vat.
1099 1564 1150 1608 Θ.
1186 1578 1241 1608 m.
1276 1578 1309 1605 r.
1345 1565 1454 1606 Ven.
1493 1562 1552 1606 ΙΙ.
1600 1563 1717 1604 Mon.
1749 1564 1867 1606 Flor.
1898 1577 1937 1604 a.
1973 1578 2010 1606 c.

300 1625 343 1675 β.
373 1639 414 1675 γ.
474 1621 524 1661 In
558 1620 675 1662 Flor.
707 1638 751 1662 α.
785 1623 939 1667 Ambr.
975 1629 1080 1675 Ang.
1113 1624 1323 1675 scriptum
1358 1627 1526 1663 exstat:
1560 1622 1619 1667 εἰς
1654 1620 1762 1662 ὅσον
1792 1620 1843 1672 δὴ
1882 1621 2010 1662 δύνα-

301 1695 377 1734 μις
407 1679 620 1734 παρείκει,
651 1681 767 1732 quod
801 1680 928 1722 habet
960 1683 1087 1722 etiam
1125 1681 1343 1722 Stobaens
1375 1680 1517 1722 Serm.
1551 1678 1669 1721 XLI.
1699 1693 1741 1733 p.
1774 1679 1872 1724 273.

419 1737 466 1778 P.
500 1735 599 1780 375.
663 1738 1092 1791 αἰσθανόμενον
1124 1737 1461 1789 διωκάθειν]
1501 1738 1622 1790 Vulg.
1658 1736 1835 1781 διώκειν,
1875 1739 2012 1780 Aliter

302 1796 401 1836 Par.
445 1795 596 1836 ΑΒΚ.
627 1796 739 1840 Ven.
778 1797 833 1839 [Ι.
879 1797 1000 1838 Μοιι.
1043 1801 1150 1851 Ang.
1185 1796 1331 1838 Ambr.
1378 1796 1472 1836 Vat.
1505 1808 1561 1836 m.
1603 1795 1720 1839 Flor.
1752 1809 1790 1836 a.
1825 1811 1860 1838 c.
1894 1810 1934 1839 x.
1967 1813 2009 1839 α.

302 1963 531 2007 stodum
573 1977 757 2006 munus
798 1989 840 1995 -—
893 1965 964 2006 ita
997 1968 1113 2019 pln-

300 2025 496 2065 timum
552 2025 779 2064 vacabit
824 2037 846 2064 a
900 2026 1112 2066 ceteris

300 2082 557 2134 negotiis
615 2086 784 2134 atque
833 2083 1110 2123 maximam

300 2144 473 2180 artem
531 2145 582 2180 et
633 2139 981 2192 diligentiam
1035 2154 1113 2181 re-

301 2198 508 2251 quiret.
549 2197 674 2238 Hunc
705 2198 951 2252 superlativi
986 2211 1108 2238 usum

297 2258 483 2297 illustrat
535 2255 734 2296 Matth.
791 2254 865 2295 Gr.
919 2256 958 2308 ξ.
1011 2256 1110 2300 462.

297 2313 452 2366 Neque
486 2315 552 2364 εἴη
583 2311 638 2352 ἂν
671 2313 879 2365 δεόμενον
918 2315 1110 2355 insolens

299 2377 390 2425 est3
433 2384 472 2413 v,
507 2371 560 2412 ad
594 2371 817 2412 Phaedon.
851 2384 892 2424 p.
926 2372 1024 2415 100.
1057 2373 1107 2412 D.

297 2429 350 2470 ad
396 2429 532 2482 Gorg.
577 2443 617 2480 p.
659 2429 758 2473 500.
794 2431 845 2470 C.
898 2436 941 2470 et
995 2444 1109 2483 quae

297 2488 473 2539 collegit
504 2488 726 2528 G6ttlin
740 2502 778 2540 g.
803 2487 855 2528 ad
886 2488 1107 2531 Aristotel.

296 2545 469 2588 Politic.
511 2559 551 2599 p.
583 2545 681 2589 287.
717 2548 829 2588 Ast.
868 2545 923 2586 ad
970 2547 1106 2600 Legg.

298 2618 340 2656 p.
374 2604 474 2647 212.
823 2600 835 2609 ⁰

352 2658 487 2702 ὅσον
532 2659 573 2716 y‘
628 2659 690 2702 ἂν
734 2660 975 2715 δυ’ναμις
1013 2677 1106 2702 πα-

294 2719 472 2774 ρείκῃ]
547 2727 812 2772 qnantum
884 2719 1106 2772 quidem

296 2778 445 2819 vires
509 2776 838 2821 concedunt.
899 2777 1106 2832 Sympos.

295 2849 334 2887 p.
378 2836 479 2880 187.
520 2836 578 2876 E:
641 2834 846 2875 καθόσον
894 2837 1104 2889 παρείκει,

294 2896 551 2945 φυλακτέον.
614 2894 822 2934 Ceterum
858 2893 990 2945 digna
1022 2898 1106 2945 est,

294 2963 422 3002 quam
454 2952 770 3003 adscribamus,
804 2950 1009 2992 Mureti
1041 2950 1104 2992 di-

294 3011 488 3060 sputatio
540 3008 594 3049 de
635 3022 711 3061 eo,
763 3009 835 3061 qui
887 3010 1102 3061 sequitur,

293 3067 404 3109 loco.
466 3066 663 3116 „Natura
705 3067 909 3117 hominis,
954 3066 1102 3118 inquit,

292 3123 332 3163 in
385 3137 571 3176 corpore
614 3129 658 3166 et
696 3126 838 3165 animo
882 3126 965 3166 sita
1009 3129 1101 3164 est:

292 3193 476 3233 quorum
512 3186 742 3234 utrumque
770 3183 823 3224 ad
857 3182 898 3223 id
933 3194 1102 3231 munus,

289 3251 378 3290 quo
398 3240 584 3290 quisque
608 3239 832 3280 functurus
852 3245 935 3289 est,
951 3245 1100 3292 aptum

289 3301 334 3337 et
375 3301 712 3348 attemperatum
768 3311 865 3338 esse
912 3302 1102 3350 oportet.

287 3349 514 3395 Institutio
548 3353 704 3394 deinde
730 3356 956 3411 sequitur:
989 3367 1102 3407 quae

286 3413 382 3464 ipsa
437 3423 609 3466 quoque
651 3411 707 3452 ad
750 3411 930 3466 eundem
973 3413 1098 3454 finem

288 3466 510 3522 dirigenda
551 3474 631 3512 est.
699 3469 835 3511 Aliter
879 3470 990 3511 enim
1034 3470 1097 3511 in-

1199 1965 1444 2006 stituendus
1478 1971 1545 2007 est
1568 1967 1737 2006 futurus
1759 1966 1896 2016 miles,
1930 1966 2009 2005 ali-

1197 2029 1265 2065 ter
1295 2024 1465 2064 futurus
1492 2029 1660 2064 orator:
1693 2035 1832 2074 neque
1855 2035 2006 2075 regum

1201 2086 1245 2123 et
1278 2083 1548 2134 privatorum
1588 2081 1686 2122 filiis
1718 2080 1869 2121 eadem
1904 2080 2006 2121 edu-

1198 2141 1310 2180 catio
1343 2139 1556 2180 convenit.
1615 2138 1757 2180 Recte
1802 2138 1931 2191 igitur
1963 2144 2007 2178 et

1198 2211 1276 2250 pro
1310 2203 1454 2238 cetera
1489 2196 1698 2250 sapientia
1731 2208 1809 2235 sua
1844 2196 2003 2236 Socra-

1195 2262 1289 2306 tes,
1324 2255 1377 2296 de
1411 2254 1665 2296 custodibus
1701 2253 1885 2294 civitatis
1917 2253 2004 2295 dis-

1196 2318 1458 2367 putaturus,
1508 2313 1690 2365 primum
1723 2311 1894 2364 quidem
1929 2325 2004 2352 ex-

1196 2372 1364 2424 posuit,
1400 2370 1624 2424 quomodo
1665 2382 1742 2410 eos
1776 2375 1820 2410 et
1851 2370 2004 2409 animis

1197 2435 1241 2471 et
1281 2430 1539 2482 corporibus
1571 2441 1594 2468 a
1629 2433 1780 2467 natura
1829 2427 2003 2468 consor·
2082 2430 2097 2485 >3

1195 2493 1336 2529 matos
1368 2501 1418 2528 ac
1449 2491 1718 2539 temperatos
1752 2498 1850 2525 esse
1869 2498 2000 2538 opor-

1193 2550 1298 2588 teat.
1363 2548 1502 2597 Atque
1521 2543 1715 2597 inprimis
1739 2548 1897 2584 acutos
1923 2555 2003 2583 eos

1194 2616 1244 2642 ac
1279 2616 1459 2654 sagaces
1491 2615 1587 2644 esse
1626 2600 1786 2642 debere
1819 2601 2001 2652 monuit,

1193 2661 1252 2702 ita
1285 2666 1331 2702 ut
1362 2660 1501 2702 omnia
1531 2658 1733 2700 celeriter
1763 2657 2002 2700 odorentur

1193 2731 1244 2759 ac
1284 2719 1484 2760 sentiant.
1553 2715 1658 2765 Quis
1700 2716 1813 2757 enim
1855 2717 1996 2769 stupi-

1194 2776 1293 2818 dum
1328 2777 1514 2829 aliquem
1549 2779 1592 2816 et
1623 2774 1830 2814 obtusum
1865 2778 2000 2826 atque

1190 2834 1396 2875 hebetem
1464 2833 1516 2874 ad
1571 2831 1762 2886 privatae
1823 2830 1998 2881 domus,

1191 2892 1347 2934 nedum
1400 2891 1453 2932 ad
1516 2889 1703 2930 civitatis
1750 2890 1996 2930 custodiam

1191 2958 1335 3003 aptum
1361 2946 1645 2990 iudicaverit?
1692 2946 1821 2987 Prius
1855 2947 1997 2987 omnia

1191 3007 1522 3061 compilaverint
1570 3006 1689 3045 fures
1749 3017 1876 3056 quam
1926 3005 1997 3045 ille

1189 3064 1529 3118 expergiscatur.
1591 3060 1793 3102 Secundo
1822 3063 1924 3103 loco
1956 3062 1996 3102 in

1187 3122 1240 3162 iis
1294 3121 1470 3173 requirit
1518 3119 1804 3161 celeritatem.
1878 3119 1995 3163 Quid

1188 3180 1297 3220 enim
1344 3177 1559 3231 profuerit
1598 3177 1716 3217 fures
1747 3177 1918 3227 videre,
1958 3178 1994 3217 si

1188 3250 1283 3287 eos,
1317 3249 1445 3288 quum
1480 3235 1685 3287 consequi
1719 3248 1802 3275 non
1834 3236 1993 3288 possis,
2066 3249 2070 3290 ς

1188 3292 1380 3348 effugere
1423 3292 1634 3347 patiaris?
1695 3292 1810 3336 Quid
1845 3305 1992 3346 porro,

1187 3353 1221 3392 si
1253 3351 1532 3403 consequaris
1566 3349 1771 3404 quidem,
1812 3350 1890 3392 sed
1934 3350 1992 3390 vi-

1180 3410 1303 3451 ribus
1335 3409 1513 3450 inferior
1545 3410 1632 3459 sis,
1673 3408 1731 3448 ita
1776 3413 1822 3449 ut
1853 3420 1990 3460 neque

1186 3466 1389 3522 praedam
1425 3466 1608 3521 eripere,
1641 3478 1781 3518 neque
1812 3479 1889 3507 eos
1921 3478 1990 3507 re-
2059 3465 2062 3497 5
