2124 3744
222 339 267 390 C

219 1099 271 1150 D

317 198 419 249 252
855 195 899 247 P
917 196 963 248 L
984 199 1035 247 A
1051 196 1097 248 T
1118 195 1169 249 O
1184 196 1237 250 N
1254 198 1283 251 I
1297 198 1335 252 S

315 340 537 410 ἄριστοι
592 345 832 414 φρουροί
886 363 942 396 τε
1002 346 1093 397 καὶ
1138 344 1380 419 φύλακες
1436 351 1494 399 ὲν
1536 343 1759 414 ἀνδρῶν
1803 346 2006 417 θεοφι-

315 427 426 479 λῶν
470 430 571 480 εἰσι
618 427 909 488 διανοίαις.
998 427 1112 481 Καὶ
1157 427 1301 484 πολύ
1345 426 1422 496 γ’,
1466 431 1590 500 ἔφη.
1672 430 1895 491 Ψευδεῖς
1938 426 2004 493 δὴ

314 511 405 563 καὶ
445 506 746 574 ἀλαζόνες,
805 506 991 579 οἶμαι,
1051 510 1208 579 λό’γοι
1253 533 1307 566 τε
1351 514 1442 565 καὶ
1484 509 1642 577 δόξαι
1686 509 1811 565 ἀντ’
1877 517 2007 566 ἐκεί-

312 613 423 647 νων
479 591 901 667 ἀναδραμόντες
956 600 1220 665 κατέσχον
1278 593 1379 649 τὸν
1436 594 1613 650 αὐτὸν
1670 594 1849 651 τόπον
1907 597 2007 650 τοῦ

312 676 591 731 τοιούτου.
682 677 930 750 Σφόδρα
976 677 1052 746 γ’,
1096 683 1218 752 ἔφη.
1287 672 1419 749 ΊΓΑρ’
1472 671 1574 734 οὖν
1621 679 1689 735 οὐ
1738 679 1908 733 πάλιν
1951 700 2008 734 τε

311 766 385 823 εἰς
453 766 689 824 ἐκείνους
744 760 878 824 τοὺς
933 763 1323 837 Λωτοφάγους
1382 762 1569 817 ἐλθών
1613 766 1868 836 φανερῶς
1912 785 2010 817 κα·

312 854 508 909 τοικεῖ;
567 848 657 898 καὶ
713 844 812 899 ἐὰν
856 845 990 917 παρ’
1059 852 1270 902 οἰκείων
1328 869 1411 911 τις
1475 846 1724 917 βοήθεια
1770 851 1845 916 τῷ
1890 869 2009 921 φει-

311 932 465 996 δωλῷ
512 927 691 983 αὐτοῦ
729 932 828 996 τῆς
852 933 1036 1006 ψυχῆς
1063 931 1387 1005 ἀφικνῆται,
1429 931 1727 1008 κλῄσαντες
1771 937 1823 986 οἱ
1869 930 2008 986 ἀλα-

315 1013 465 1079 ζόνες
518 1013 676 1082 λόγοι
728 1021 926 1070 ἐκεῖνοι
995 1013 1092 1079 τὰς
1161 1018 1261 1072 τοῦ
1323 1019 1610 1086 βασιλικοῦ
1677 1021 1886 1087 τείχους
1951 1022 2010 1070 ἐν

313 1097 466 1166 αὐτῷ
530 1097 707 1161 πύλας
762 1094 891 1153 οὔτε
946 1097 1125 1167 αὐτὴν
1184 1097 1288 1167 τὴν
1352 1101 1663 1171 ξυμμαχίαν
1723 1101 2008 1170 παριᾶσιν,

312 1178 440 1237 οὔτε
499 1184 748 1254 πρέσβεις
797 1186 1177 1255 πρεσβυτέρων
1222 1181 1422 1253 λόγους
1468 1188 1700 1239 ἰδιωτῶν
1746 1187 2008 1254 εὶςδέχον-

427 1370 633 1422 ἀνδρῶν
675 1373 982 1425 θεοφιλῶν]
1025 1375 1241 1428 θεοφιλῶν
1281 1375 1406 1417 deest
1450 1377 1490 1416 in
1530 1376 1631 1417 Par.
1673 1375 1777 1419 ΒΚ.
1817 1375 1918 1415 Vnt.
1953 1372 2007 1414 Θ.

290 1429 418 1471 .Ven.
455 1431 504 1472 ll.
539 1430 657 1470 Mon.
692 1435 799 1483 Ang.
832 1432 935 1471 Vat.
969 1444 1002 1472 r.
1036 1433 1151 1476 Flor.
1183 1435 1228 1485 β.

366 1599 416 1640 C.
478 1598 698 1644 Ψευδεῖς
766 1598 825 1651 δὴ
872 1599 958 1640 καὶ
995 1599 1121 1641 ἄλα-

310 1657 485 1709 ζόνες]
519 1654 726 1710 Phaedon
789 1671 829 1710 p.
852 1658 920 1702 92.
955 1658 1009 1700 C:
1046 1659 1120 1700 λό-

309 1730 405 1768 γοις
449 1713 626 1755 σύνοιδα
674 1709 801 1755 οὖσιν
843 1715 1026 1766 ἅλαζόσι
1065 1741 1120 1748 —

307 1772 379 1812 καὶ
411 1772 666 1819 ἐξαπατῶσι,
699 1773 769 1813 ubi
802 1775 921 1827 plura
945 1776 1123 1830 collegit

310 1827 788 1883 Wyttenbachius.

1206 1601 1393 1647 xiiiums
1428 1598 1543 1641 unde
1593 1601 1887 1654 πρεςβυτίρων
1934 1596 2009 1639 λό-

1204 1673 1276 1712 γοι
1303 1656 1482 1698 ἰδιωτῶν
1511 1663 1805 1699 memorantur
1844 1657 2009 1698 ratione

1205 1716 1349 1757 habita
1414 1719 1496 1755 τοῦ
1556 1716 1784 1767 βασιλικοῦ
1831 1716 2007 1767 τείχους.

1205 1774 1270 1815 De
1304 1773 1590 1814 collocatione
1622 1773 1851 1814 verborum
1884 1785 1923 1815 v,
1953 1772 2010 1813 ad

1211 1831 1382 1872 Menex.
1406 1844 1445 1883 p.
1465 1829 1565 1874 239.
1592 1830 1642 1873 C.
1665 1829 1779 1872 Tim.
1803 1844 1843 1883 p.
1864 1830 1934 1873 33.
1950 1830 2008 1872 A.

368 1916 444 1960 εἰς
488 1916 726 1962 ἐκείνους
781 1915 912 1962 τούς
943 1918 1124 1958 Λωτο-

310 1971 456 2026 φοῖγο
472 1989 497 2014 v
511 1975 549 2026 ς’]
583 1973 742 2027 odyss,
775 1975 851 2016 IX.
883 1989 920 2017 v.
950 1975 1004 2019 81
1028 1989 1122 2028 sqq.

309 2031 611 2084 intelliguntur
649 2033 733 2083 ini,
781 2034 852 2085 qui
918 2034 1122 2087 descripti

311 2094 412 2129 sunt
451 2101 580 2142 supra
623 2103 663 2142 p.
694 2090 795 2135 559.
832 2090 881 2133 D.
920 2093 976 2132 E.
1036 2092 1122 2135 Qui

309 2145 482 2198 quidem
515 2148 656 2188 mellis
682 2149 746 2188 sui
768 2149 996 2190 dulcedine
1015 2149 1120 2191 ado-

312 2206 547 2245 lescentem
591 2217 676 2246 non
708 2207 847 2247 minus
879 2220 1037 2260 capere
1070 2221 1121 2248 ac

314 2261 507 2303 delenire
538 2262 838 2315 significantur,
870 2277 995 2317 quam
1031 2265 1121 2306 Lo-

314 2319 488 2371 tophagi
540 2319 700 2362 herbae
751 2335 856 2363 suae
906 2323 1120 2364 suavitate

310 2378 466 2430 Ulyxis
511 2377 653 2418 socios
698 2376 979 2421 detinuerint.
1048 2381 1117 2422 Illi

315 2437 427 2476 enim
467 2440 640 2487 gustata
686 2437 762 2477 loti
800 2437 929 2479 herba
979 2438 1120 2479 redire

316 2492 369 2533 ad
402 2494 548 2533 navim
583 2494 815 2536 noluerunt
854 2496 977 2537 obliti
1009 2497 1120 2537 redi-

311 2555 397 2601 tus,
431 2555 481 2591 ut
514 2550 642 2592 etiam
688 2554 935 2595 verberibus
953 2567 1006 2594 eo
1029 2554 1120 2595 adi-

312 2608 444 2660 gendi
476 2608 647 2652 fuerint.

372 2696 422 2738 D.
481 2693 607 2737 οὔτε
684 2699 941 2752 πρέσβεις
1005 2711 1121 2750 πρε·

313 2756 593 2807 σβυτέρων
624 2755 662 2796 λ.
696 2755 789 2809 ἰὼ]
834 2754 1122 2796 Pulcherrima

314 2810 593 2863 amphibolia.
664 2812 788 2855 Nam·
814 2816 1018 2866 πρέσβεις
1060 2813 1123 2852 ἰη-

313 2871 570 2922 telliguntur
608 2870 816 2922 legati,
859 2885 892 2912 s,
942 2869 1123 2911 orato-

312 2940 411 2968 res.
483 2926 707 2969 Sententia
761 2928 867 2969 haec
908 2935 993 2969 est:
1035 2940 1121 2968 ne-

312 2998 416 3037 que
498 2997 781 3028 sermones
850 2986 1120 3027 hominum

314 3042 686 3098 privatorum,

314 3100 650 3148 vectiorum,
709 3103 801 3154 qui
855 3108 1118 3154 tanquam

314 3162 583 3198 oratores
648 3161 971 3210 mittuntur,
1033 3157 1121 3198 ad-

315 3214 563 3254 mittunt.
635 3216 938 3259 Cobetus
991 3218 1121 3258 Varr.

316 3271 459 3311 Lectt.
492 3284 532 3323 p.
553 3270 652 3315 219.
692 3289 774 3327 pro
804 3275 984 3317 ἰδιωτῶν
1016 3274 1122 3315 scri-

316 3327 500 3369 bendum
550 3337 700 3372 censet
731 3332 793 3373 ‹50’
834 3332 966 3375 ὤτων.
1025 3331 1122 3374 Qua

317 3386 555 3427 mutatione
585 3386 710 3430 facile
742 3403 956 3431 caremuS.
995 3388 1122 3430 Nem·

317 3457 371 3498 pe
406 3442 529 3498 παρ’
562 3445 767 3486 οἰκείων
805 3449 922 3489 venit
945 3448 1118 3487 hocan-

749 3050 938 3085 aetate
978 3044 1157 3096 ‘pro-‘

1266 1892 1517 1928 ωθοῦσιν
1556 1889 1647 1934 ἔξω
1679 1911 1732 1917 ·—-
1765 1886 2006 1941 φυγάδα]

1210 1945 1248 1986 h.
1297 1959 1334 1986 e.
1395 1943 1498 1991 ιδ’ςτε
1557 1943 1732 1997 φυγάδα
1789 1943 2007 1997 γενέσθαι.

1209 2003 1386 2055 Eurip.
1408 2003 1636 2044 Plioeniss.
1663 2015 1702 2043 v,
1725 2001 1798 2045 74:
1833 2000 2006 2055 φυγάδα

1207 2060 1249 2101 δ’
1274 2059 1452 2100 ἀπωθεῖ
1466 2060 1588 2110 τῆςδε
1616 2059 1877 2112 Πολυνείκην
1892 2063 2006 2109 χθο-

1207 2133 1292 2164 νος.
1313 2117 1571 2171 Sophoel.
1596 2117 1708 2158 Oed.
1731 2116 1784 2159 T.
1807 2130 1846 2157 v.
1869 2117 2006 2161 1518:

1206 2178 1391 2229 πέμψεις
1436 2175 1630 2218 ἄποικον.
1680 2174 1872 2228 Eurip.
1916 2175 2008 2215 He-

1209 2235 1305 2275 cub.
1335 2247 1374 2275 v.
1409 2233 1514 2277 769:
1550 2231 1749 2286 ἐκβάλλει
1780 2231 2009 2273 θαλασσό-

1205 2292 1435 2344 πλαγκτον.
1485 2291 1693 2344 Virgil.
1744 2291 1854 2330 Aen.
1900 2291 1932 2332 Ι.
1969 2303 2008 2332 V.

1207 2350 1283 2393 70:
1327 2349 1418 2389 sed
1460 2348 1718 2389 diversos
1750 2361 1860 2400 age.
1914 2347 2009 2388 Sed

1202 2406 1581 2459 frequentissimus
1632 2405 1698 2446 hic
1743 2418 1847 2445 usus
1889 2417 2008 2458 pro-

1207 2467 1436 2517 lepseos
1482 2463 1598 2517 apud
1646 2469 1824 2517 poetas3
1871 2464 2011 2503 rarior

1204 2523 1318 2576 apud
1350 2523 1568 2576 pedestris
1591 2522 1797 2562 orationis
1823 2522 2008 2573 scripto·

1206 2595 1292 2622 res.
1352 2594 1390 2622 V.
1447 2579 1674 2620 Seidler
1741 2578 1799 2618 ad
1864 2579 2007 2631 Eurip.

1212 2640 1374 2679 Electr.
1398 2637 1776 2691 p.61.1.0be0k.
1796 2635 1848 2676 ad
1876 2635 2009 2689 Soph.

1209 2699 1334 2737 Aine.
1363 2711 1405 2749 p.
1432 2695 1530 2740 299.
1562 2693 1924 2737 Wunderlicli.
1955 2693 2009 2734 ad

1211 2755 1372 2796 Tibull.
1415 2768 1456 2808 p.
1497 2753 1597 2798 105.
1653 2751 1902 2792 Erfurdt.
1953 2750 2008 2791 ad

1211 2811 1414 2865 Sophocl.
1449 2812 1501 2855 T.
1527 2810 1605 2850 IV.
1626 2823 1668 2863 p.
1689 2809 1788 2852 323.
1821 2807 2009 2849 Sohae-

1210 2871 1301 2912 fer.
1339 2870 1391 2910 ad
1425 2868 1648 2911 Theocrit.
1681 2882 1720 2920 p.
1745 2866 1842 2910 215.
1877 2866 2007 2907 Her-

1210 2940 1372 2970 mann.
1406 2927 1459 2967 ad
1492 2927 1640 2979 Viger.
1673 2939 1712 2978 p.
1746 2923 1844 2967 897.

1265 2983 1403 3038 μετὰ
1439 2983 1672 3023 ’πολλῶν
1728 2980 1820 3020 καὶ
1878 2979 2006 3021 ἄνω-

1206 3044 1377 3096 φελῶν
1443 3040 1788 3094 ἐπιθυμιῶν]
1858 3039 2007 3079 adiu-

1207 3101 1463 3143 vantibus
1503 3097 1694 3139 multis
1734 3110 1792 3137 ae
1831 3098 2007 3148 perni-

1208 3158 1384 3200 ciosis
1429 3154 1853 3208 cupiditatibus.
1910 3154 2008 3195 Xe·-

1207 3214 1358 3268 noph.
1395 3211 1662 3266 Cyrops‘lV,
1694 3212 1745 3263 6,
1781 3213 1828 3255 7:
1859 3211 2008 3250 ἐλπίδα

1207 3271 1301 3313 τινὰ
1344 3270 1520 3325 λα’βοιμι
1558 3274 1616 3323 τῷ
1653 3271 1757 3322 φίλῳ
1794 3270 1914 3308 παιδὶ
1945 3285 2007 3308 τι·

1207 3329 1370 3384 μωρίας
1414 3327 1468 3367 ἅν
1504 3341 1620 3372 τινος
1657 3326 1764 3379 μετὰ
1817 3331 1897 3367 σοῦ’
1939 3341 2007 3365 τυ-

1205 3391 1320 3439 χεῖν,
1359 3387 1385 3429 ἰ.
1444 3399 1482 3428 ε’.
1521 3391 1574 3426 te
1614 3385 1876 3426 auxilium
1925 3385 2006 3424 fe-

1208 3451 1376 3485 rente.
1444 3443 1558 3484 Infra
1600 3443 1695 3483 libr.
1733 3442 1804 3484 lX.
1836 3456 1876 3495 p.
1907 3442 2006 3485 571.
