2098 3658
217 776 266 827 Ι)

322 135 424 185 330
909 131 1392 185 PLATONIS

323 280 407 355 νῇ.
467 280 546 332 δεῖ
589 275 640 331 δ’
693 274 818 331 οὔτ’
873 284 1114 332 ἐπαινεῖν
1157 276 1219 333 τὸ
1272 278 1532 332 τοιοῦτον
1592 273 1718 332 οὔτε
1762 275 2013 348 ὑπολαμ-

319 359 530 431 βάνειν.
572 361 713 424 εἶδος
758 359 866 432 γὰρ
913 359 1110 417 καινὸν
1148 363 1416 433 μουσικῆς
1450 360 1813 431 μεταβάλλειν
1855 362 2014 418 εὐλα-

317 449 515 517 βητέον
570 443 643 510 ὡς
697 452 756 500 ὲν
805 443 916 515 ὅλῳ
972 444 1395 501 κινδυνεύοντα·
1457 443 1708 515 οὐδαμοῦ
1765 469 1872 517 γαρ
1934 470 2013 502 κι-

320 533 551 586 νοῦνται
596 531 864 619 μουσικῆς
907 527 1106 598 τρόποι
1149 527 1282 585 ἄνευ
1330 532 1626 584 πολιτικῶν
1674 529 1858 601 νόμων
1904 533 2014 584 τῶν

318 619 606 686 μεγίστων,
647 611 720 678 ὥς
763 618 900 689 φησί
943 635 1000 669 τε
1047 614 1249 686 Δάμων
1296 617 1387 668 καὶ
1428 610 1529 682 ἐγώ
1558 618 1853 685 πείθομαι.
1899 618 2010 669 Και

317 702 408 769 ἐμὲ
455 703 659 764 τοίνυν,
703 702 808 772 ἔφη
855 696 883 754 ὁ
926 698 1295 770 Ἀδείμαντος,
1340 701 1446 763 θὲς
1483 701 1593 753 τῶν
1629 707 2012 770 πεπεισμένων.

318 780 461 860 Cap.
505 779 607 837 IV.
662 780 739 839 Τὸ
785 780 851 849 δὴ
896 783 1305 856 φυλακτήριον,
1353 774 1422 849 ἦν
1465 781 1508 837 δ’
1553 782 1671 854 ἐγώ,
1719 782 1790 847 ὡς
1825 787 2012 846 ἔοικεν,

315 867 576 922 ἐνταῦθα’
619 889 726 922 που
773 871 1159 939 οἰκοδομητέον
1204 878 1322 931 τοῖς
1367 867 1619 942 φύλαξιν,
1666 875 1723 922 ὲν
1760 871 2010 944 μουσικῇ.

309 951 392 1007 ‘H
427 954 568 1019 γοῦν
613 957 954 1024 παρανομία,
1000 957 1128 1026 ἔφη,
1173 950 1378 1023 ῥᾳδίως
1421 950 1565 1018 αὕτη
1591 952 1875 1008 λανθάνει
1905 974 2011 1005 πα-

315 1039 645 1109 ραδυομένη.
735 1039 864 1101 Ναί,
909 1041 1066 1111 ἔφην,
1117 1035 1188 1100 ὡς
1247 1043 1304 1091 ἐν
1349 1038 1577 1101 &madnig
1628 1059 1685 1106 γε
1729 1043 1877 1107 μέρει
1920 1041 2011 1090 καὶ

316 1118 389 1186 ὡς
443 1118 614 1176 κακὸν
673 1119 836 1176 οὐδὲν
890 1123 1241 1192 ἐργαζομένη.
1335 1120 1473 1175 Οὐδὲ
1540 1119 1647 1193 γὰρ
1703 1121 2008 1191 ἐργάζεται,

316 1211 445 1279 ἔφη,
505 1201 643 1260 ἄλλο
698 1227 756 1273 γε
812 1202 846 1273 ἢ
901 1203 1044 1259 κατὰ
1102 1203 1334 1275 σμικρὸν
1387 1210 1779 1274 εὶςοικισαμένη
1835 1204 2012 1276 ἠρέμα

315 1287 550 1364 ὑποῤῥεῖ
588 1287 728 1362 πρὸς
773 1287 841 1344 τα
888 1288 1014 1357 ἤθη
1057 1310 1115 1344 τε
1160 1287 1350 1343 καὶτὰ
1388 1287 1813 1360 ἐπιτηδεύματα,
1861 1296 1917 1344 ἐκ
1954 1293 2010 1344 δὲ

315 1371 529 1429 τούτων
577 1379 658 1453 εἰς
717 1371 787 1428 τά
835 1372 974 1445 πρὸς
1018 1371 1293 1439 ἀλλήλους
1335 1372 1643 1444 ξυμβόλαια
1687 1376 1882 1444 μείζων
1926 1380 2010 1428 ὲκ-

433 1613 483 1653 C.
515 1608 666 1652 εἶδος
700 1610 795 1666 γὰρ
830 1609 1021 1652 καινὸν
1061 1612 1329 1665 μουσικῆς
1357 1611 1491 1680 “es']
1544 1611 1748 1652 Davisius
1779 1611 1832 1652 ad
1870 1611 2009 1659 Cicer.

322 1671 377 1711 de
409 1669 546 1724 Legg.
581 1671 668 1720 ΙΙΙ,
704 1669 772 1714 14.
808 1668 959 1710 καινόν
989 1674 1028 1710 in
1061 1667 1242 1712 παλαιόν
1274 1670 1430 1711 mutari
1463 1669 1650 1711 iubebat.
1690 1666 1882 1710 Frustra
1923 1667 2010 1711 Ne-

317 1742 403 1780 que
433 1729 600 1770 felicior
627 1729 822 1770 Giirenzi
852 1728 1098 1774 coniectura
1131 1735 1213 1780 est,
1246 1726 1518 1770 scribendum
1553 1727 1741 1781 putantis
1773 1724 1938 1770 κοινόν
1971 1741 2010 1768 v.

317 1792 462 1830 annot
496 1785 610 1828 Edit.
646 1786 745 1830 Bas.
777 1788 820 1830 2.
852 1772 982 1829 Ιιεῦθῐ
1019 1785 1376 1840 μεταλαμβάνειν,
1418 1790 1464 1826 ut
1503 1785 1630 1828 codd.
1666 1787 1768 1828 Vat.
1806 1782 1852 1829 Θ.
1889 1785 2012 1828 Vind.

319 1845 419 1886 Vnt.
453 1857 484 1885 r.
1894 1878 1902 1886 .

316 2059 353 2099 P
374 2061 493 2100 lato
509 2059 588 2099 n's
618 2040 842 2099 Phaedon.
874 2072 915 2112 p.
937 2059 1025 2111 25„
1051 2059 1122 2111 qui

317 2117 641 2169 explicatgar‚
666 2116 949 2167 mnemia,
971 2117 1124 2157 wirk-

315 2175 455 2226 lich,
498 2173 815 2224 vielleicnt,
860 2174 938 2215 sed
981 2176 1121 2216 minus

284 2237 436 2276 ,recte
481 2231 681 2284 negavit,
728 2236 926 2273 oratores
967 2233 1119 2273 eodem

317 2302 420 2330 usos
438 2302 536 2330 esse
562 2288 764 2341 loquendi
794 2295 1118 2342 ¹‹.,1rene¹·.e‚‘quem
1157 2337 1161 2341 ,

318 2360 508 2389 errorem
531 2347 696 2387 notavit
716 2346 745 2386 S
759 2346 930 2391 chaef.
949 2348 1003 2390 ad
1034 2348 1118 2389 De-

318 2404 532 2447 mosthen.
563 2403 616 2444 T.
650 2405 718 2445 lv.
751 2417 792 2457 p.
823 2403 922 2448 502.

375 2463 426 2506 C.
457 2461 604 2507 εἶδος
634 2461 737 2515 γὰρ
769 2461 959 2502 καινὸν
989 2478 1116 2516 μου-

316 2524 470 2573 σικῆς
527 2518 606 2574 μ.]
678 2521 930 2561 Cavendum
975 2526 1042 2561 est
1073 2535 1118 2562 e-

316 2579 430 2628 nim,
470 2590 524 2619 ne
571 2580 811 2619 mutatione
852 2579 966 2620 sacta
1010 2590 1120 2619 nova

316 2637 506 2679 musicae
526 2636 694 2689 species
717 2635 960 2687 inducatur,
990 2649 1119 2688 quum

315 2694 542 2735 universae
588 2693 774 2734 civitatis
822 2695 937 2735 salus
981 2694 1039 2735 ita
1078 2695 1120 2735 in

315 2752 557 2804 periculum
592 2758 635 2792 et
668 2752 894 2793 discrimen
928 2758 1119 2793 vocetur.

313 2811 431 2851 Vere
477 2809 682 2851 iudicavit
743 2810 932 2851 Astius
983 2825 1117 2862 μετα-

311 2866 484 2919 βάλλειν
529 2881 625 2908 esse
662 2868 930 2919 mutan-do
969 2880 1116 2909 assu-

315 2938 489 2976 mere,
525 2926 838 2966 mutatione
866 2926 1116 2979 fectaac-

316 2983 503 3035 cipere
536 2988 588 3023 et
620 2984 852 3031 eligere.
873 2981 992 3025 libr.
1016 2983 1114 3025 VII.

316 3053 353 3082 c.
389 3041 455 3083 15
491 3054 533 3094 p.
565 3040 666 3085 535-
703 3040 759 3084 Ε.
799 3040 940 3094 χωλὸς
970 3039 1018 3080 δὲ
1047 3042 1118 3083 καὶ

317 3096 337 3137 ὁ
382 3096 589 3138 τᾶιαντία
642 3097 806 3139 τούτω
853 3100 1116 3153 μεταβεβλη-

314 3152 392 3198 κώς
422 3155 502 3206 τὴν
533 3156 802 3210 φιλοποιίαν,
854 3154 1038 3197 phaedr.
1071 3172 1114 3211 p.

316 3211 413 3255 241
443 3214 500 3252 A:
530 3211 931 3266 μειαβαλὼνᾶλλον
959 3210 1114 3268 ἄρχον-

317 3285 386 3320 τα,
418 3269 486 3310 ubi
512 3281 547 3309 v
571 3271 835 3324 Astiurnp
841 3271 969 3315 ..266
990 3272 1113 3315 Cons

315 3331 463 3368 nostra
496 3326 549 3367 ad
581 3327 815 3382 Euthyphr.
848 3343 888 3383 p.
918 3330 987 3374 61,

375 3387 470 3431 θὶς
555 3389 639 3425 τῶν
712 3400 940 3441 πεπεισμ
961 3390 1115 3440 ἔνων]

1209 2058 1436 2112 Loquendi
1468 2058 1651 2099 formam
1685 2057 1806 2111 tetigi
1829 2057 1882 2099 ad
1914 2058 2008 2100 libr.

1208 2117 1267 2160 11.
1302 2129 1344 2169 p.
1374 2116 1474 2161 376.
1507 2116 1559 2171 E.

1266 2174 1373 2227 Cap.
1406 2174 1477 2215 IV.
1537 2171 1607 2214 Τὸ
1646 2170 1703 2223 δὴ
1741 2171 2010 2224 φυλακτή-

1207 2247 1331 2287 ριον
1363 2232 1438 2285 ——]
1512 2230 1739 2272 Sententia
1782 2228 1888 2270 haec
1920 2237 2008 2271 est:

1211 2294 1298 2331 Arx
1320 2291 1444 2343 quasi
1469 2293 1513 2330 et
1538 2289 1911 2342 propugnaculum
1942 2300 2007 2329 sa⁸³

1208 2348 1306 2389 lutis
1344 2347 1542 2400 publicae
1581 2347 1650 2387 hic
1692 2359 1716 2386 a
1755 2345 2010 2386 custodibus

1208 2405 1393 2446 civitatis
1429 2410 1699 2454 exstruatur,
1739 2402 1938 2450 videlicet
1970 2404 2009 2444 in

1206 2462 1381 2513 musica,
1414 2463 1575 2516 quippe
1607 2476 1631 2503 a
1662 2473 1744 2514 qua
1778 2474 1924 2502 mores
1947 2461 2007 2502 ci—

1207 2521 1317 2563 vium
1354 2520 1690 2592 proficiscantur.
1723 2543 1775 2548 —
1818 2517 1842 2570 ἦ
1881 2523 2010 2573 γοῦν

1205 2594 1323 2632 παρ.
1358 2603 1414 2609 -
1445 2575 1612 2630 αὗ’,τη
1658 2575 1862 2618 videlicet
1899 2590 2010 2630 quae
2094 2628 2096 2636 J

1207 2638 1396 2690 pertinet
1427 2636 1478 2676 ad
1512 2636 1734 2679 musicam.

1267 2695 1315 2736 D.
1354 2693 1420 2737 ὥς
1462 2694 1512 2733 ἐν
1553 2692 1782 2738 παιδιᾶς
1829 2706 1884 2744 γε
1923 2696 2005 2747 με’.

1204 2756 1319 2807 Qec}
1355 2751 1472 2794 libr.
1507 2751 1536 2794 1,
1571 2763 1607 2793 c.
1640 2751 1709 2794 20.
1743 2763 1784 2803 p.
1817 2748 1916 2793 348.
1923 2710 2006 2790 μεΕ

1204 2810 1241 2851 εὶ
1284 2812 1326 2850 ἐν
1370 2807 1532 2863 ἆρετῆς
1569 2824 1639 2847 και
1681 2808 1838 2855 σοφίας
1872 2809 2006 2858 τίθης
2088 2858 2089 2870 1

1201 2871 1322 2922 μέρει
1360 2866 1443 2918 τὴν
1480 2865 1666 2906 ἀδικίαν.
1728 2865 2002 2908 Demosth.

1201 2925 1299 2967 adv.
1335 2924 1439 2966 Mid
1471 2937 1513 2977 p.
1543 2921 1628 2966 567
1661 2928 1770 2964 extr.
1807 2921 1887 2974 τὴν
1917 2924 2004 2963 ἐπί-

1203 2984 1323 3025 δοσιν
1361 2984 1406 3023 ἐι
1444 2978 1624 3035 χάριτος
1661 2982 1781 3034 μέρει
1822 2979 1889 3020 και
1923 2981 2004 3021 δω

1203 3044 1301 3110 ρεᾶς
1333 3043 1538 3107 παρεῖχον
1576 3041 1627 3089 τῇ
1659 3035 1793 3078 πολει.
1833 3062 1887 3067 —-
1918 3054 2003 3078 κα-

1183 3095 1265 3138 ὲτοὶ
1302 3094 1535 3152 σμικρὸν
1567 3095 2002 3149 εὶςοικισαμένη,

1202 3161 1320 3197 recte
1351 3156 1665 3206 interpretatur
1687 3153 1723 3194 H
1742 3167 1815 3194 ern
1833 3154 2002 3203 sterh

1200 3214 1242 3254 in
1274 3213 1398 3255 Misc.
1431 3212 1559 3253 obss.
1598 3212 1700 3255 Vol.
1731 3211 1812 3251 VI.
1859 3210 1912 3252 T.
1944 3211 1999 3252 11

1203 3285 1243 3325 p.
1283 3270 1381 3315 349.
1427 3269 1772 3337 pedetentim
1819 3269 1998 3310 immi-

1202 3327 1994 3382 grans‚seseinsinuansetve-

1198 3388 1306 3428 ‚luti
1352 3388 1399 3427 in
1446 3385 1646 3427 donnum
1686 3385 1997 3437 subrepens
