2124 3744
325 215 428 265 390
935 217 1440 272 PLATONIS'

187 361 289 414 603
327 365 556 433 ἔφαμεν.
610 357 686 414 Τὸ
717 359 886 459 παρὰ
950 361 1019 415 τὰ
1062 370 1267 461 μέτρα
1288 363 1419 438 ἄρα
1468 364 1701 432 δοξαζον
1761 368 1862 432 τῆς
1917 382 2026 436 ψυ-

318 447 423 542 χῗτις
466 445 543 513 τῷ
588 442 733 497 κατὰ
780 444 848 498 τὰ
890 452 1079 519 μέτρα
1100 450 1218 503 ο-ύκ
1258 447 1359 505 ἂν
1377 449 1458 516 εἴη
1499 450 1730 506 ταύτόν,
1791 449 1869 506 Οὐ
1917 451 2025 522 γὰρ

325 520 445 582 οὖν.
510 529 678 581 ,Ἀλλὰ
724 526 837 598 μὴν
881 530 945 584 τὸ
990 538 1168 603 μέτρῳ
1223 554 1318 602 γε
1319 537 1430 588 καὶ
1475 536 1717 603 λογισμῷ
1763 538 2027 590 πιστεῦον

322 614 610 683 βέλτιστον
654 610 728 666 ἂν
772 613 854 679 εἴη
898 618 998 681 τῆς
1037 620 1238 691 ψυχῆς.
1292 618 1363 672 Τί
1405 618 1547 688 μ·ήν,·
1599 619 1674 673 Τὸ
1701 615 1814 688 ἄρα
1842 620 2025 687 τούτῳ

324 695 762 766 ἐναντιούμενον
807 701 917 752 τῶν
962 701 1194 772 ([αύλων
1235 699 1384 756 ἄντι
1423 703 1504 768 ,εἴη
1543 710 1602 756 ἐν
1640 703 1805 771 ἡμῖν.
1832 703 2030 770 Ἀνάγ-

323 803 411 847 κη.
505 783 686 840 Τοῦτο
732 787 920 836 τοίνυν
969 786 1495 855 διομολογήσασθαι
1541 787 1879 857 βουλόμενος
1911 791 2030 841 «ἕλε-

322 885 443 934 γον,
487 862 577 919 ὅτι.
620 862 652 931 ἡ
693 865 933 939 γραφικὴ
984 873 1075 923 καὶ
1120 867 1258 935 ὅλως
1302 869 1356 938 ἡ
1380 892 1642 941 μιαητικη
1690 870 1882 946 πόῤῥω
1928 874 2029 941 μὲν

323 952 425 1015 τῆς
468 948 751 1016 ἀληθείας
796 949 865 1006 ὃν
909 950 971 1006 τὸ
1018 952 1197 1021 αὐτῆς
1240 960 1402 1026 ἔργον
1457 955 1842 1025 ἀπεργάζεται,
1891 956 2029 1028 πόῤ-

229 1040 277 1092 Β
331 1031 408 1107 ῥω
454 1031 504 1087 δ’
552 1025 629 1088 αὖ
669 1035 989 1109 φρονήσεως
1043 1036 1165 1093 ὄντι
1211 1061 1286 1109 τῳ
1339 1046 1421 1094 ὲν
1440 1038 1594 1109 ἡμῖν
1616 1044 1930 1112 προςομιλεῖ
1973 1061 2028 1093 τε

325 1121 418 1172 καὶ
464 1122 657 1190 ἑταίρα
704 1123 797 1174 καὶ
841 1125 974 1194 φίλη
1020 1127 1165 1178 ἐστὶν
1209 1125 1312 1179 ἐπ’
1335 1123 1519 1180 οὐδενὶ
1560 1122 1699 1194 ὑγιεῖ
1744 1124 1855 1180 οὐδ’
1892 1125 2029 1190 άλη-

331 1205 443 1256 θεῖ.
488 1202 888 1270 Παντάπασιν,
935 1199 966 1271 ἦ
1014 1207 1053 1261 ‹3'
1108 1205 1186 1272 ὅς.
1259 1210 1457 1275 Φαύλη
1502 1206 1615 1279 ἄρα
1662 1207 1858 1284 φαύλῳ
1906 1210 2029 1277 ξυγ-

326 1293 620 1356 γιγνομένη
664 1292 857 1361 φαῦλα
901 1295 1068 1363 γεννᾷ
1110 1291 1143 1360 ἡ
1193 1291 1475 1366 μιμητική.
1506 1290 1702 1349 ’Έοικε.
1752 1295 2029 1364 Πότερον,

444 1453 494 1493 P·
528 1453 628 1497 603-
691 1449 756 1493 ὃν
795 1453 851 1495 τὸ
892 1451 1063 1508 αὐτῆς
1100 1457 1288 1511 ἔργον]
1355 1460 1504 1511 Vulgo
1547 1453 1661 1498 οὖσα
1694 1470 1772 1510 pro
1807 1453 1879 1504 ὃν,
1912 1455 2028 1509 quod

325 1515 447 1551 recte
476 1517 650 1552 tuentur
682 1511 780 1553 Par.
817 1514 952 1554 ΑΒΚ.
990 1516 1092 1555 Ven.
1130 1517 1179 1556 ΙΙ.
1217 1515 1339 1556 vind.
1368 1517 1484 1558 Μοιι.
1508 1519 1623 1570 Ang.
1658 1517 1758 1558 Vnt.
1791 1529 1845 1556 m.
1879 1521 1924 1556 et
1954 1527 2030 1556 sex

326 1567 444 1609 Flor.
487 1566 551 1610 ὅν.
616 1569 783 1611 Deinde
829 1584 908 1624 pro
951 1585 989 1613 ν.
1035 1567 1263 1625 ἀσπάζεται
1302 1577 1398 1616 Par.
1442 1577 1498 1616 A.
1541 1575 1642 1616 Vnt.
1690 1572 2029 1615 &Vm-2711.

327 1625 452 1670 vind
486 1629 600 1675 Αιισ.
637 1627 734 1670 vat.
769 1641 824 1668 m.
838 1642 871 1670 r.
907 1629 1022 1671 Flor.
1057 1644 1095 1672 a.
1130 1645 1168 1672 c.
1202 1645 1243 1674 x.
1277 1647 1316 1673 α.
1353 1648 1391 1686 γ.
1426 1645 1524 1674 cum
1558 1631 1663 1674 edit.
1702 1632 1800 1672 Bas.
1828 1631 1868 1673 2.
1905 1644 2029 1684 prae-

324 1683 512 1725 buerunt
544 1683 836 1738 ἀπεργάζεται.

448 1743 497 1783 Β.
541 1740 566 1796 ἦ
607 1742 734 1783 κατὰ
773 1741 866 1797 τὴν
906 1742 1029 1796 ὄψιν
1069 1742 1266 1802 μόνον]
1329 1748 1402 1789 Sic
1438 1748 1534 1789 Par.
1568 1748 1625 1788 A.
1660 1748 1770 1788 Ven.
1803 1747 1865 1786 ΙΙ.
1899 1745 2029 1787 vind.

328 1802 437 1852 Aug.
472 1801 574 1843 Vat.
608 1814 663 1842 ιιι.
701 1802 815 1844 Flor.
848 1817 887 1844 a.
921 1817 959 1844 c.
991 1816 1031 1844 x.
1064 1817 1105 1844 α.
1139 1819 1177 1858 γ.
1216 1806 1355 1859 Vulgo
1387 1803 1538 1859 μόνην.
1587 1805 1834 1846 Articulum
1871 1799 1896 1857 ἦ
1927 1809 2028 1844 ante

328 1855 433 1898 κατὰ
469 1856 545 1911 τὴν
574 1853 713 1912 ἀκοήν
743 1873 844 1902 cum
877 1861 973 1902 ΑΜ·
1012 1861 1110 1903 3³⁸·
1145 1865 1184 1907 1
1210 1864 1264 1906 2.
1286 1864 1492 1906 omittunt
1522 1862 1697 1905 codices
1727 1875 1880 1904 omnes
1903 1875 2031 1916 prae-

324 1985 729 2026 saepenumero
775 1975 1022 2018 dimenso
1062 1983 1135 2019 at-

324 2043 420 2083 que
451 2032 554 2075 alia
588 2032 850 2085 quaedam
880 2034 1008 2076 aliis
1036 2047 1135 2076 ma·—

324 2090 443 2132 iota
495 2091 577 2131 vel
627 2092 831 2131 minora
879 2105 1001 2133 esse
1054 2095 1133 2134 vel

324 2146 454 2188 aliis
484 2149 735 2200 aequalia
752 2151 980 2199 notanti,
1011 2150 1134 2192 ideo-

326 2217 410 2255 que
448 2205 588 2246 varias
630 2219 776 2247 rerum
818 2208 1133 2260 magnitudines

323 2262 442 2303 ,inter
475 2263 592 2316 ipsas
619 2265 905 2318 comparanti,
938 2265 1137 2307 accidit

331 2324 386 2360 ut
424 2323 698 2362 contraria
739 2329 1048 2375 appareant
1087 2323 1135 2364 in

330 2378 551 2430 iisdem,
588 2380 631 2420 h.
665 2393 702 2420 e.
743 2387 791 2421 ut
822 2380 975 2422 eadem
1009 2383 1135 2422 simul

330 2447 489 2489 magna
507 2441 564 2482 ‚et
595 2450 740 2493 parva,
759 2451 905 2479 curva
931 2445 974 2481 et
1000 2444 1137 2491 recta,

332 2499 410 2534 ctr.
441 2493 682 2536 videantur.
747 2496 846 2539 Hoc
883 2497 1023 2548 ipsum
1057 2509 1137 2538 au-

333 2557 420 2592 tem
453 2557 719 2604 negaverant
733 2554 888 2596 eodem
908 2554 964 2596 de
981 2554 1134 2596 iisdem

331 2609 458 2650 simul
489 2611 548 2651 ita
581 2611 671 2651 fieri
689 2624 838 2664 posse,
864 2612 981 2663 quod
1015 2614 1136 2654 fece-

330 2671 427 2708 rant
452 2666 572 2710 Libr.
614 2669 689 2710 lv,
726 2683 822 2724 cap.
852 2671 920 2713 1-2.
958 2685 998 2724 p.
1033 2671 1133 2715 436.

329 2726 387 2766 A.
421 2737 535 2777 sqq.,
566 2739 773 2779 quorsum
804 2728 1031 2771 manifesto
1055 2729 1137 2770 -hic

329 2783 572 2835 respicitur.
585 2787 723 2830 Quam
735 2788 992 2828 seutentiam
1007 2799 1135 2839 quum

333 2841 461 2881 etiam
506 2854 617 2882 nunc
661 2849 881 2894 tueantur,
930 2845 1139 2886 Socrates

330 2898 431 2941 inde
470 2900 657 2953 colligit,
705 2901 748 2943 id
800 2901 915 2955 quod
966 2900 1139 2956 praeter

330 2968 574 2998 mensuram
609 2958 834 3012 opinemr‚.
856 2960 894 3001 h.
913 2974 949 3001 e.
969 2973 992 3001 a
1015 2966 1132 3001 recta

331 3019 375 3055 et
407 3027 509 3054 vera
539 3028 683 3059 rerum
714 3029 914 3060 mensura
947 3020 1136 3066 aberret,

330 3074 371 3121 in
400 3072 544 3114 animo
576 3072 691 3115 aliud
723 3076 823 3127 quid
857 3087 975 3128 esse,
1007 3088 1134 3127 quam

330 3130 447 3181 quod
472 3128 703 3174 mensurae
724 3135 1136 3175 verae‘convenien-

330 3193 397 3227 ter
437 3190 668 3231 existimet.
703 3191 881 3244 -ltaque
924 3191 1136 3244 optimam

329 3244 457 3286 animi
475 3247 759 3290 ratiocinandi
778 3250 985 3290 facultate
1010 3261 1138 3301 prae·-

335 3302 414 3343 diti
459 3310 625 3356 partem
667 3319 766 3347 esse
808 3308 867 3349 ait
910 3303 957 3348 τό
1001 3305 1136 3361 μέτρῳ

333 3361 403 3401 καὶ
423 3361 610 3416 λογισμῷ
631 3365 846 3406 πιστεῦον.
867 3365 977 3407 Nam
998 3366 1139 3405 πίστιν

335 3418 455 3465 Libr.
507 3421 586 3460 VI.
637 3428 746 3463 extr.
795 3423 1135 3465 demonstratum

335 3484 402 3527 est
441 3477 482 3519 in
524 3490 593 3519 res
639 3480 757 3532 ipsas
799 3481 997 3522 sensibus
1035 3481 1136 3522 sub-

1216 1979 1363 2020 iectas
1402 1978 1653 2029 convenire,
1691 1976 1746 2019 de
1781 1989 1866 2029 qua
1904 1989 1952 2017 re
1991 1990 2028 2016 v.

1221 2050 1334 2089 quae
1376 2035 1658 2090 exposuimus
1700 2037 1741 2076 in
1785 2035 1878 2076 libri
1918 2034 2029 2075 sexti

1222 2096 1496 2136 enarratione
1531 2096 1707 2146 Argum.
1742 2099 1870 2144 extr„
1917 2092 2031 2132 Huic

1220 2158 1366 2193 autem
1429 2151 1595 2192 meliori
1653 2151 1732 2190 τοῦ
1784 2150 2032 2204 λογιστικοῦ

1221 2212 1332 2263 parti
1368 2209 1484 2262 quod
1509 2208 1799 2261 adversetur,
1843 2208 1884 2250 id
1927 2220 2030 2249 cen-

1220 2273 1288 2308 set
1328 2273 1494 2322 partem
1535 2267 1661 2307 animi
1699 2279 1811 2307 esse·
1839 2265 2030 2307 deterio-

1221 2338 1327 2367 rem.
1411 2325 1534 2366 Hanc
1585 2325 1721 2377 ipsam
1780 2336 1884 2364 vero
1931 2336 2030 2376 par-

1222 2391 1308 2425 tem
1342 2383 1604 2425 deteriorem
1640 2395 1735 2422 eam
1780 2394 1880 2423 esse
1916 2382 2030 2422 arbi-

1221 2447 1386 2494 tratur,
1431 2442 1507 2480 ·cui
1548 2452 1619 2480 ars
1658 2440 1841 2492 pictoria
1889 2439 2029 2480 omni-

1220 2512 1363 2552 noque
1404 2511 1476 2539 ars
1517 2497 1775 2548 imitatoria,
1821 2509 1933 2549 quae
1977 2496 2031 2536 ad

1221 2559 1362 2598 visum
1394 2556 1626 2610 referatur,
1659 2554 1840 2596 blandiri
1872 2559 1916 2595 et
1938 2555 2030 2594 cal-

1221 2615 1306 2656 lide
1339 2619 1539 2666 tanquam
1572 2612 1758 2654 insidiari
1782 2614 1935 2662 soleat,
1970 2612 2029 2652 ita

1221 2679 1268 2715 ut
1298 2673 1396 2725 ipsa
1430 2673 1522 2713 vilis
1547 2683 1642 2714 eum
1669 2670 1737 2710 vili
1768 2682 2029 2711 conversans

1225 2731 1353 2771 etiam
1389 2730 1484 2771 vilia
1532 2730 1682 2782 pariat.
1749 2728 1872 2769 Haec
1902 2727 2030 2780 igitur

1222 2787 1453 2829 sententia
1466 2788 1559 2828 loci
1585 2791 1691 2828 est.
1729 2785 1806 2826 Oui
1838 2785 2030 2838 apprime

1222 2846 1487 2900 respondent
1524 2850 1569 2886 et
1617 2843 1877 2885 conveniunt
1919 2854 2028 2893 quae

1221 2904 1379 2947 deinde
1411 2903 1465 2944 de
1497 2903 1646 2997 poesis
1670 2899 1912 2981 imitatione
1939 2899 2028 2940 dis-

1222 2967 1440 3004 seruntur.

1281 3020 1333 3060 P.
1360 3018 1460 3063 603.
1501 3014 1569 3059 Τὸ
1605 3012 1741 3069 παρὰ
1773 3010 1834 3053 τὰ
1863 3012 2029 3066 μέτρα

1221 3075 1341 3129 ἄρα
1368 3075 1482 3130 δυ]
1479 3074 1762 3116 Genitivus
1776 3076 1851 3124 τῆς
1889 3072 2029 3125 ψυχῆς

1216 3135 1427 3176 cohaeret
1466 3145 1561 3174 cum
1585 3130 1828 3185 participio
1868 3127 1914 3170 τὸ
1955 3128 2027 3170 δο-

1223 3193 1370 3245 ξάζον,
1423 3188 1538 3243 quod
1584 3189 1778 3229 nominis
1829 3189 2026 3228 substan-

1223 3252 1299 3291 tivi
1339 3251 1424 3291 vim
1460 3247 1625 3288 habeat.
1690 3245 1858 3287 Eodem
1898 3245 2028 3288 modo

1223 3306 1562 3361 Legg.1!1.p.
1608 3304 1707 3348 689-
1757 3300 1908 3344 Azui
1947 3301 2027 3356 γὰρ

1222 3362 1499 3414 λυπούμενον
1537 3362 1606 3403 καὶ
1645 3359 1858 3415 ἡδόμενον
1895 3357 2030 3413 αυτῆε·

1223 3423 1325 3477 (τῆς
1368 3421 1540 3474 ψυχῆς).
1612 3421 1766 3488 ltaque
1814 3420 2027 3461 sententia

1224 3479 1329 3522 haec
1361 3485 1446 3522 est:
1483 3480 1549 3520 Ea
1587 3478 1752 3532 igitur
1774 3490 1898 3531 pars
1921 3489 2026 3518 ani
