2106 3594
1612 175 1837 230 XCVu

124 319 574 390 qnandoquidem
622 319 878 372 Phaedro
924 319 1201 372 luculente
1252 319 1592 387 declaratur,
1649 319 1828 390 philo-

123 391 379 462 sophiam
426 409 588 444 unam
637 409 759 445 esse
806 409 987 443 veram
1037 409 1460 462 germanamque
1507 398 1574 444 *et
1619 409 1825 463 cogno·

121 462 312 516 scendi
349 460 741 532 iudicandique
776 470 833 516 et
879 462 1177 531 eloquendi
1237 469 1434 527 artem3
1486 461 1691 516 Politia
1728 481 1825 515 au-

118 545 230 588 tem
280 533 520 588 eandem
554 534 827 588 evincitur
874 551 996 587 esse
1046 534 1209 588 etiam
1258 553 1424 587 unam
1473 535 1607 587 artis
1646 534 1825 589 civilis

158 614 398 660 arentem
446 612 502 658 et
546 606 986 677 procreatricem.
1064 604 1194 673 Quo
1230 614 1466 674 utroque
1503 614 1650 659 certe
1688 606 1826 659 nihil

111 626 247 750 fingi
292 677 634 749 eogitarique
679 684 867 749 potest
915 677 1278 732 coniunctius.
1351 680 1439 732 Ac
1475 677 1651 731 simile
1690 677 1825 748 quid

113 750 278 803 etiam
328 747 397 802 de
449 747 744 821 Symposio
791 749 922 803 licet
957 748 1259 819 affirmare,
1308 750 1403 804 ubi
1454 767 1594 818 quae
1634 748 1703 802 de
1740 748 1823 801 di-

111 821 361 874 vinarum
398 839 580 875 rerum
617 840 800 874 amore
841 820 1115 891 explicata
1153 829 1312 890 sunt,
1350 839 1416 875 ea
1451 820 1510 873 iu
1545 819 1630 874 his
1667 820 1822 874 libris

111 892 191 945 ita
235 891 306 945 ad
355 892 693 963 quaestionis
733 913 892 947 usum
930 892 1293 962 adhibentur,
1350 903 1416 946 ut
1452 911 1516 946 ea
1561 912 1674 946 non
1711 892 1823 945 iam

149 963 343 1017 rimum
398 965 624 1018 tractari
670 964 831 1018 facile
881 973 1146 1037 appareat
1184 965 1259 1035 ²⁸²).
1348 965 1471 1018 Nec
1520 982 1650 1018 vero
1690 964 1823 1017 Phi-

109 984 222 1089 lbbi
271 1035 425 1089 nulla
472 1035 662 1090 habita
708 1037 800 1091 'est
846 1037 1020 1105 ratic,
1075 1055 1200 1090 cum
1249 1055 1358 1107 quo
1409 1036 1549 1090 libro
1588 1036 1822 1089 Politiae

113 1107 423 1161 arctissima
484 1126 616 1162 sane
673 1107 968 1163 intercedit
1037 1107 1389 1163 necessitudo
1462 1116 1628 1180 atque
1691 1127 1824 1162 con-

109 1178 320 1233 iunctio
357 1180 460 1252 ”).
535 1179 622 1236 Ut
667 1179 810 1234 enim
855 1181 912 1233 in
949 1179 1044 1234 illo
1095 1180 1326 1235 docetur
1360 1181 1530 1234 vitam
1567 1180 1818 1252 singulo·

106 1252 227 1304 rum
263 1250 542 1306 hominum
581 1251 1016 1325 componendam
1055 1270 1121 1306 ac
1157 1251 1551 1306 moderandam
1591 1270 1714 1306 esse
1753 1251 1824 1304 ad

106 1322 305 1377 summi
352 1324 483 1378 boni
529 1323 750 1394 ideam,
802 1343 911 1395 quo
961 1323 1032 1376 ad
1080 1343 1374 1392 summam,
1431 1343 1570 1394 quae
1618 1323 1826 1377 homini

63 1427 66 1429 Δ
105 1403 239 1448 nato
277 1396 595 1479 contingere
631 1397 840 1468 possit,
880 1395 1198 1450 felicitatem
1234 1398 1619 1469 pe'rveniatur3
1657 1395 1735 1448 ita
1767 1396 1825 1449 in

107 1465 311 1520 Politia
347 1467 527 1538 qualis
566 1469 640 1522 sit
677 1469 853 1522 omnis
889 1469 1106 1523 virtutis
1153 1467 1424 1523 humanae
1463 1468 1729 1540 perfectio
1769 1476 1826 1520 et

109 1539 507 1593 consummatio
544 1538 968 1607 demonstratur,
1010 1559 1075 1594 ac
1112 1539 1313 1594 deinde
1351 1540 1515 1595 huius
1547 1539 1700 1593 notio
1739 1540 1821 1593 sic

108 1608 181 1662 ad
216 1609 496 1664 civitatem
533 1612 877 1680 transfertur,
917 1618 979 1664 ut
1017 1631 1137 1666 eam
1175 1611 1308 1665 item
1346 1611 1418 1665 ad
1455 1611 1650 1665 summi
1687 1611 1821 1666 boni

106 1699 356 1735 normam
392 1682 685 1753 gubernari
709 1691 967 1767 oportere
1004 1690 1287 1756 appareat.
1364 1681 1534 1752 Quod
1573 1690 1660 1737 est
1695 1702 1824 1756 pro-

106 1752 256 1807 fecto
294 1753 610 1824 eiusmodi,¹
641 1763 704 1808 ut
736 1774 853 1808 iure
891 1754 1020 1809 inde
1058 1755 1328 1827 suspicari
1363 1755 1528 1809 liceat
1563 1755 1823 1809 Politiam

108 1842 223 1878 uon
268 1823 349 1877 ita
394 1825 568 1880 multo
629 1834 759 1899 post
819 1825 1108 1881 Philebum
1169 1828 1227 1879 in
1285 1827 1463 1881 lucem
1528 1826 1820 1898 prodiisse.

109 1894 383 1951 Nolumus
431 1898 540 1951 iam
575 1897 662 1953 his
699 1896 903 1953 addere
941 1898 1106 1952 etiam
1141 1898 1269 1967 alia,
1309 1917 1453 1968 quae
1492 1896 1824 1953 dubitationi

108 1985 299 2023 ansam
334 1968 657 2042 praebeant,
695 1989 765 2024 ne
788 1970 1014 2025 incertis
1053 1969 1348 2025 afferendis
1375 1989 1458 2039 ea,
1499 1989 1641 2041 quae
1671 1978 1824 2026 certa

107 2048 238 2094 sunt
274 2047 372 2095 aut
406 2040 599 2096 saltem
635 2041 980 2112 verisimilia,
1036 2042 1249 2096 incerta
1283 2041 1596 2097 reddidisse
1633 2041 1822 2096 videa-

105 2129 245 2167 mur.
330 2112 459 2167 Hoc
500 2121 685 2168 tamen
734 2114 1013 2169 monuisse
1048 2114 1289 2183 iuvabit,
1342 2113 1651 2169 disserendi
1724 2133 1824 2169 uo-

110 2201 218 2308 que
254 2183 585 2258 elegantiam
624 2191 962 2259 omninoque
1000 2186 1134 2240 artis
1172 2194 1230 2240 et
1249 2187 1667 2259 compositionis
1724 2205 1822 2240 au-

150 2273 235 2310 em
270 2255 330 2311 in
367 2256 577 2311 Politia
624 2265 834 2313 tantam
874 2258 1046 2328 cerni,
1082 2265 1146 2312 ut
1180 2258 1501 2330 paucissimi
1539 2276 1820 2314 sermones

109 2336 330 2454 graeter
357 2326 646 2401 Gorgiam,
668 2331 1053 2405 Protagoram,
1078 2329 1453 2399 Phaedonem,
1482 2329 1819 2401 Phaedrum,

156 2400 466 2473 ymposium
501 2421 568 2456 eo
602 2403 824 2457 nomine
865 2401 936 2457 ad
972 2402 1149 2476 ipsam
1186 2402 1546 2475 comparandi
1584 2404 1712 2458 sint.

254 2498 414 2569 Quae
451 2500 498 2556 si
536 2521 668 2558 vera
703 2511 850 2574 sunt,
889 2502 1040 2559 haud
1078 2503 1217 2574 scio,
1257 2523 1330 2570 an
1363 2503 1722 2575 probabiliter
1757 2503 1824 2558 li-

107 2578 242 2641 ‚ceat
277 2572 333 2626 in
371 2572 687 2629 universum
725 2574 955 2631 definire
989 2594 1099 2647 quo
1137 2584 1382 2649 tempore
1410 2575 1616 2633 Politia
1650 2576 1823 2631 literis

116 2643 445 2717 consignata
482 2645 569 2699 sit.
645 2644 831 2714 Quum
870 2647 1012 2702 enim
1049 2655 1335 2719 praeterea
1379 2655 1590 2702 certum
1628 2647 1702 2702 sit
1738 2655 1822 2700 at-

112 2732 219 2797 que
271 2714 634 2787 exploratum,
685 2717 997 2790 Timaeum,
1048 2718 1280 2775 Critiam
1319 2726 1375 2774 et
1411 2719 1596 2792 Leges
1635 2726 1821 2792 poste-

110 2804 252 2841 nore
310 2795 558 2859 tempore
598 2808 717 2845 esse
757 2791 1118 2863 compositos,
1157 2810 1260 2846 nec
1298 2810 1398 2864 per
1435 2792 1606 2845 fatum
1642 2789 1822 2863 philo-

116 2856 292 2930 sopho
327 2857 547 2916 licuisse
585 2862 807 2916 tertium
844 2861 914 2916 de
937 2862 1191 2919 civilibus
1216 2863 1484 2919 institutis
1509 2881 1650 2936 opus
1689 2881 1821 2918 con-

31 2930 33 2946 *
110 2926 276 3009 ¹dere3
337 2930 718 3006 nihil,p0test
775 2952 895 2989 esse
945 2933 1294 2990 verisimilius
1349 2953 1512 3007 quam
1563 2934 1821 2990 Politiam

198 3174 238 3228 ’)
269 3173 404 3219 Cous.
437 3173 536 3220 libr.
572 3177 627 3220 V.
658 3192 702 3232 p.
733 3177 836 3224 474.
872 3178 923 3221 C.
956 3194 1022 3235 sq.
1047 3178 1126 3222 v1.
1147 3194 1191 3236 p.
1211 3179 1314 3228 485.
1333 3182 1391 3226 A.
1411 3180 1467 3223 B.
1498 3195 1539 3235 p.
1563 3180 1663 3227 490.
1687 3182 1744 3224 A.
1771 3180 1818 3221 Β·

171 3246 243 3298 ³⁶)
274 3246 342 3290 De
384 3249 578 3303 cinguli·
620 3252 730 3294 loeis
772 3266 812 3293 v.
852 3253 950 3298 libr.
992 3254 1092 3298 vu.
1132 3266 1175 3308 p.
1213 3253 1315 3301 525.
1358 3255 1416 3297 A.
1449 3254 1529 3297 IX.
1562 3267 1603 3309 p.
1634 3254 1733 3300 584.
1769 3248 1820 3314 C]

283 3317 328 3359 p.
357 3306 462 3351 588.
497 3307 565 3358 Β.,
598 3310 672 3351 ubi
705 3311 922 3366 quaedam
953 3311 1281 3355 annotabimus.
1321 3311 1454 3358 conf.
1487 3313 1806 3358 Schloierm

285 3373 329 3415 p.
360 3363 464 3408 6⁰4.
502 3365 625 3408 Libr.
660 3367 734 3411 vl.
768 3381 807 3421 p.
841 3369 940 3413 505.
967 3370 1006 3423 B*
1041 3382 1136 3424 sqq.
1170 3370 1629 3414 oon.8‹·.hlnierm*.
1663 3386 1703 3427 p.
1737 3373 1824 3418 57⁰

284 3435 346 3472 sq.
380 3420 494 3463 ibid.
529 3437 569 3476 p.
601 3425 700 3469 506.
735 3426 782 3468 B.

1457 3531 1481 3577 7
