2098 3658
321 159 418 210 170
931 155 1411 211 PLATONIS

313 301 387 358 ἄν
431 323 513 355 πω
559 301 709 355 πάνυ
752 323 810 370 γε
854 309 992 372 μέγα
1037 327 1090 360 τι
1133 307 1231 373 εἴη,
1277 312 1321 360 εὶ
1365 304 1559 368 αὐτοῖς
1599 305 1904 373 βουκόλους
1949 327 2004 359 τε

315 391 409 442 καὶ
467 392 734 456 ποιμένας
789 386 923 451 τούς
983 410 1041 444 τε
1104 387 1312 454 ἄλλους
1377 395 1581 459 νομέας
1648 394 2006 460 προςθ·εἶμεν,

228 476 276 529 Ε
317 477 411 526 ἵνα
466 474 525 524 οἴ
573 491 628 525 τε
684 475 915 543 γεωργοὶ
956 477 1043 528 ἐπὶ
1088 473 1150 529 τὸ
1196 474 1378 547 ἀροῦν
1423 479 1597 544 ἔχοιεν
1642 477 1808 544 βοῦς,
1852 480 1910 528 οἵ
1949 496 2005 528 τε

178 1236 275 1287 371

310 1060 620 1117 Ἀδύνατον
663 1060 787 1134 γάρ.

318 553 604 623 οἰκοδόμοι
647 551 787 624 πρὸς
828 554 929 620 τὰς
973 556 1196 628 ἀγωγὰς
1238 555 1375 629 μετὰ
1426 561 1536 611 τῶν
1583 561 1834 628 γεωργῶν
1871 561 2008 629 χρῆ-

316 644 465 695 σθαι
506 635 844 708 ὑποζυγίοις»,
875 639 1124 715 ὑφάνται
1167 646 1225 698 δὲ
1270 647 1362 697 καὶ
1403 640 1738 712 σκυτοτόμοι
1781 645 2009 712 δέρμασι

316 746 373 779 τε
411 726 506 779 καί
549 727 731 794 ἐρίοις.
821 725 961 782 Οὐδὲ
1017 749 1106 796 γε,
1165 719 1197 794 ἦ
1260 727 1308 782 δ’
1361 725 1452 791 ὅς,
1497 723 1698 799 σμικρὰ
1742 726 1900 791 πόλις
1937 723 2008 780 ἄν

317 809 398 874 εἴη
458 811 658 878 ἔχουσα
713 806 903 864 πάντα
961 814 1159 866 ταῦτα.
1241 810 1409 866 Ἀλλὰ
1468 811 1608 880 μήν,
1667 803 1739 876 ἦν
1795 810 1842 865 δ’
1890 809 2010 880 ἐγώ,

315 897 624 948 κατοικίσαι
682 915 741 962 γε
799 891 998 962 αὐτὴν
1031 894 1137 962 τὴν
1188 895 1350 951 πόλιν
1395 902 1468 958 εὶς
1511 898 1774 951 τοιοῦτον
1817 893 2010 965 τόπον,

315 969 382 1034 οὗ
427 982 864 1046 ὲπειςαγωγίμων
911 977 994 1049 Ιμὴ
1050 979 1331 1047 δεήσεται,
1374 980 1567 1050 σχεδόν
1610 1001 1663 1033 τι
1707 978 2010 1034 ἀδύνατον.

874 1064 1213 1134 ῙΙροςδεήσει
1257 1062 1370 1137 ἄρα
1423 1068 1502 1119 ἔτι
1557 1067 1647 1118 καὶ
1692 1061 1912 1128 ἄλλων,
1961 1067 2013 1119 οἳ

316 1147 372 1213 ἐξ
417 1143 589 1212 ἄλλης
631 1145 839 1211 πόλεως
881 1148 1024 1225 αὐτῇ
1073 1153 1362 1219 κομιοῦσιν
1406 1140 1483 1203 ὧν
1527 1151 1719 1203 δεῖται.
1810 1147 2011 1215 Δεήσει.

322 1234 438 1286 Καὶ
494 1227 607 1302 μὴν
662 1229 819 1295 κενὸς
875 1229 950 1288 ἂν
1004 1234 1057 1310 ἴῃ
1114 1231 1143 1289 ὁ
1190 1233 1477 1299 διάκονος,
1524 1236 1695 1303 μηδὲν
1739 1227 1892 1300 ἄγων
1933 1225 2012 1287 ὧν

435 1395 489 1437 εί
513 1391 714 1436 αὐτοῖς
744 1395 927 1451 βουκ.]
950 1396 994 1437 εἰ
1018 1395 1074 1451 μή
1107 1393 1256 1438 αὐτοῖς
1270 1398 1426 1438 Ambr.
1460 1398 1580 1449 Aug.
1611 1397 1732 1437 Flor.
1765 1411 1803 1438 a,
1836 1410 1871 1439 c.
1896 1410 1939 1440 x.
1973 1410 2014 1436 α.

319 1469 374 1508 y.‚
407 1455 525 1508 quod
555 1454 719 1495 iniuria
749 1456 1057 1496 desiderarunt
1088 1458 1248 1507 critici3
1280 1470 1320 1499 v.
1354 1455 1560 1508 explicat.

431 1528 486 1570 E.
547 1527 863 1567 κατοικίσαι
903 1541 963 1581 γε
999 1523 1198 1584 αυτὴν]
1242 1528 1494 1580 κατοικῆσαι
1532 1541 1628 1569 cum
1672 1527 1773 1567 Vat.
1821 1525 1869 1568 Θ.
1902 1527 2012 1568 Ven.

321 1584 360 1630 Ξ
387 1583 443 1626 Π.
475 1597 564 1625 non
594 1585 739 1638 pauci.
778 1595 782 1606 ³

435 1657 740 1708 κομιοῦσιν
770 1649 841 1696 ὦν
872 1655 1081 1709 δεῖται]
1115 1656 1191 1698 Sic
1222 1659 1342 1711 Aug.
1369 1658 1546 1698 Flor‚x.
1581 1663 1625 1697 et
1649 1670 1761 1698 corr.
1785 1658 1835 1699 Φ.
1867 1656 2014 1708 Vulgo

322 1717 573 1766 κομίσουσι,
605 1729 734 1768 quam
774 1715 958 1756 formam
991 1717 1074 1756 etsi
1103 1715 1298 1756 Lobeck.
1335 1716 1392 1756 ad
1425 1716 1589 1769 Phryn.
1620 1729 1662 1767 p.
1699 1715 1795 1759 746.
1828 1719 1872 1754 et
1900 1714 2015 1754 Mat-

325 1775 444 1816 thiae
478 1773 554 1817 Gr.
589 1775 626 1827 §.
657 1773 757 1817 181.
789 1774 830 1816 2.
891 1775 1055 1814 Atticis
1088 1774 1313 1814 vindicare
1345 1775 1489 1814 conati
1521 1779 1637 1825 sunt,
1669 1779 1816 1814 tamen
1838 1773 2012 1812 Platoni

321 1838 447 1873 tanto
480 1833 625 1872 minus
657 1832 893 1872 obtrudere
922 1833 1288 1884 audemus‚·quod
1318 1832 1423 1872 alibi
1454 1833 1572 1884 apud
1590 1833 1732 1884 ipsum
1768 1831 1890 1871 nulla
1921 1831 2015 1870 eius

320 1892 602 1943 reperiuntur
633 1891 836 1942 vestigia.
895 1889 1053 1943 Itaque
1074 1891 1210 1931 satius
1242 1891 1446 1930 duximus
1474 1891 1610 1930 trium
1639 1889 1839 1930 codicum
1865 1901 2015 1941 quam-

320 1950 388 1990 vis
421 1950 688 1989 deteriorum
719 1948 1024 1989 auctoritatem
1043 1949 1182 2000 sequi,
1202 1949 1277 2001 qui
1301 1949 1386 1988 soli
1407 1961 1556 1988 verum
1578 1947 1822 1988 servarunt.
1851 1946 2018 1986 Forma

323 2008 462 2047 futuri
504 2007 659 2047 Attica
696 2007 830 2047 etiam
870 2007 978 2047 alibi
1019 2019 1044 2047 a
1084 2007 1239 2047 scribis
1282 2011 1446 2046 temere
1485 2006 1750 2048 oblitterata.

1821 2004 1924 2045 Ven
1963 2000 2014 2046 Π.
2047 2057 2049 2059 ¹

321 2065 456 2106 habet
486 2064 756 2115 κσμισοῦσιν,
785 2065 902 2105 unde
931 2065 1068 2118 liquet
1098 2076 1223 2105 error
1253 2065 1509 2106 scribarum.

327 2218 444 2246 man
458 2219 558 2247 nus
585 2219 726 2276 nuper
751 2207 805 2247 de
824 2220 903 2248 suo
922 2207 1131 2248 ediderit:

334 2258 456 2303 ουδ’
493 2263 536 2303 εἰ
563 2259 725 2313 αὐτοῖς,
745 2265 890 2305 verbis
921 2266 1131 2306 audacius

330 2323 623 2374 interpolatis.

388 2381 442 2421 Ε.
493 2379 577 2420 ἵνα
609 2379 669 2419 οἵ
691 2394 741 2421 τε
771 2382 1016 2435 γεωργοὶ
1046 2379 1132 2421 ἐπὶ

332 2453 365 2480 τ.
396 2437 480 2490 -]
521 2438 719 2478 Verbum
759 2439 847 2491 ἒχοι
878 2440 1044 2493 duplici
1075 2441 1133 2480 si-

329 2497 613 2548 gnificatione
633 2498 828 2549 positum
847 2504 912 2538 est
930 2512 1009 2551 pro
1030 2511 1132 2538 con·

331 2555 610 2604 structionis,
640 2567 771 2606 quam
800 2557 956 2608 habet,
990 2558 1133 2596 varie-

330 2617 423 2653 tate
461 2618 592 2666 atque
634 2613 903 2655 diversitate.
976 2614 1134 2666 Repeti

331 2672 448 2711 enim
487 2675 666 2724 oportet
702 2672 760 2712 ad
801 2672 990 2726 χρῆσθαι
1027 2667 1134 2712 ὑπο-

331 2730 508 2781 ζυγίοις,
529 2742 663 2781 quum
693 2729 737 2770 in
766 2733 909 2783 primo
939 2731 1134 2772 membro

334 2800 431 2827 cum
448 2787 703 2828 accusativo
723 2791 915 2830 nominis
939 2791 1133 2830 iunctum

335 2848 407 2885 sit.
441 2867 493 2877 -—
527 2840 662 2898 πρὸς
693 2842 786 2887 τὰς
817 2842 1037 2901 ἀγωγάς
1070 2851 1137 2888 est

335 2903 405 2943 ad
453 2904 839 2948 subvectanda
885 2918 1054 2947 onera
1098 2916 1133 2946 s.

339 2961 408 3000 ad
441 2966 717 3003 vecturas.

396 3021 709 3060 κατοικίσαι
741 3032 799 3074 γε
835 3015 1007 3074 αυτὴν
1045 3015 1136 3072 τὴν

339 3073 531 3129 πόλιν]
569 3077 656 3118 Hic
697 3080 799 3131 quid
831 3075 968 3134 αὐτὴν
999 3078 1134 3129 signi-

338 3133 460 3184 ficet,
502 3147 592 3174 non
630 3143 903 3189 exputamus.
962 3137 1134 3200 Leg0n;

341 3191 446 3230 dum
484 3192 660 3234 videtur
706 3198 942 3237 κατοικίσαι
976 3207 1032 3248 γε
1070 3184 1134 3233 αὖ

343 3244 434 3301 τὴν
465 3247 589 3288 πόλιν
619 3265 655 3294 κ.
689 3266 720 3292 τ.
757 3256 790 3298 λ..

401 3306 487 3346 καὶ
526 3303 630 3359 μὴν
675 3309 834 3352 κενὸς
873 3308 939 3352 ἂν
969 3313 1018 3362 ι”ῃ
1044 3309 1134 3361 -]

344 3363 535 3406 inanis
573 3366 669 3406 ubi
722 3371 935 3410 venerit
979 3367 1139 3412 mini-

345 3427 458 3463 ster
492 3422 705 3487 (civitptis
743 3430 964 3478 nostrae),
997 3422 1136 3467 nihil

1217 2218 1403 2246 earum
1434 2218 1615 2246 rerum
1648 2206 1709 2256 (in
1741 2204 1923 2245 alteram
1955 2205 2014 2244 ci-

1218 2264 1420 2313 vitatem)
1449 2265 1781 2316 importans,
1814 2263 2015 2317 quibus

1215 2323 1311 2362 illi
1340 2322 1623 2374 indigent,
1646 2335 1674 2362 a
1703 2321 1907 2373 quibus
1938 2333 2015 2361 ar-

1219 2385 1517 2420 cessantur
1562 2393 1645 2434 ea,
1695 2392 1831 2431 quae
1871 2380 2016 2431 ipsis
2092 2378 2094 2395 ‘

1219 2451 1360 2490 opus
1392 2444 1542 2489 sunt3
1577 2438 1772 2478 inanis
1803 2438 2018 2477 redibit
2090 2443 2098 2489 ῃ

1636 2496 1814 2536 Etenim
1854 2507 2018 2535 merea·
2089 2512 2091 2526 ⁴

1219 2510 1254 2536 s.
1297 2497 1568 2536 discedet.

1217 2559 1362 2595 turam
1391 2554 1536 2595 adhuc
1554 2567 1659 2597 ,una
1687 2554 1897 2594 mercium
1920 2565 2017 2606 per-

1217 2613 1464 2652 mutatione
1494 2613 1711 2653 contineri
1731 2612 1899 2652 statuit.
1933 2611 2020 2651 Per

1220 2671 1397 2723 synesin
1435 2668 1593 2711 ἐκεῖνοι
1632 2670 1936 2721 intelliguntur
1976 2667 2022 2707 οἱ
2085 2652 2088 2684 ‘¹

1221 2728 1296 2780 τῆς
1334 2725 1461 2781 ἄλλης
1486 2726 1667 2768 ,πόλεως
1712 2728 1896 2776 πολῖται,
1940 2729 2016 2767 sed

1219 2781 1350 2826 αὐτοί
1376 2791 1478 2828 sunt
1506 2787 1594 2839 ipsi
1623 2786 1690 2825 illi
1711 2787 1846 2836 cives,
1866 2785 1940 2838 qui
1971 2785 2016 2824 in

1221 2857 1353 2887 suam
1374 2845 1571 2897 ipsorum
1601 2845 1823 2885 civitatem
1853 2844 2016 2894 impor-

1219 2903 1303 2943 tari
1335 2904 1517 2955 cupiunt
1552 2915 1624 2942 res
1653 2903 1711 2942 ad
1740 2903 1875 2942 vitam
1907 2902 2017 2940 bene

1217 2961 1502 3012 feliciterque·
1534 2960 1779 3010 degendam
1815 2971 2015 2999 necessa-

1219 3019 1323 3060 rias.
1399 3020 1529 3059 Hanc
1574 3017 1759 3057 formam
1802 3017 2016 3069 loquendi

1220 3089 1353 3128 quum
1419 3075 1766 3116 Abreschius
1838 3079 2013 3116 Auctar.

1220 3132 1423 3185 Thucyd.
1443 3147 1487 3186 p.
1512 3132 1610 3176 364.
1627 3132 1727 3175 382.
1746 3133 1788 3172 H
1802 3145 1875 3172 em
1888 3139 1962 3173 ste
1975 3146 2016 3172 r-

1216 3192 1336 3231 hus.
1366 3191 1423 3232 ad
1456 3191 1812 3243 Aristoph.Plut.
1846 3205 1887 3230 v.
1916 3190 2019 3234 502.

1217 3249 1318 3293 566.
1356 3248 1651 3289 Fischerus
1700 3250 1757 3289 ad
1804 3249 2013 3289 Aeschin.

1219 3307 1394 3349 Socrat.
1430 3306 1479 3354 ΙΙ,
1513 3307 1553 3350 1.
1579 3307 1707 3358 p.51.
1739 3307 1903 3359 aliique
1932 3307 2014 3346 viri

1221 3365 1344 3411 docti,
1370 3367 1704 3418 explicaverint,
1728 3377 1815 3405 non
1845 3370 1912 3405 est
1942 3377 2017 3404 cur

1221 3422 1419 3475 pluribus
1451 3425 1733 3473 illustremuS,
1761 3424 2018 3476 praesertim
2066 3457 2069 3474 ,.
