2098 3658
271 163 372 216 258
900 157 996 213 PL
1014 145 1193 227 Az'lfio
1213 162 1260 226 N
1283 159 1359 214 ιε
1430 187 1439 195 ι

270 331 361 365 νια
410 305 583 360 αὐλοῦ
634 303 883 375 τυγχάνει
930 305 1077 372 ὄντα
1118 303 1442 378 μιμήματα,
1513 308 1665 373 Δῆλα
1711 305 1796 373 δή,
1842 300 1873 374 ἦ
1922 307 1962 362 δ’

275 390 357 456 ὅς.
416 390 583 460 Λύρα
630 387 696 456 δή
735 409 852 452 σοι,
900 381 968 456 ἦν
1013 390 1062 445 δῖ
1114 390 1247 460 ἐγώ,
1287 395 1400 446 καὶ
1445 389 1666 463 κιθάρα
1711 394 1971 459 λείπεται,

275 472 417 532 κατὰ
468 474 631 529 πόλιν
667 473 945 546 χρήσιμα·
975 479 1092 541 ,καὶ
1153 467 1226 529 αὖ
1282 475 1405 532 κατ’
1464 474 1672 546 ἀγροὺς
1719 487 1835 539 τοῖς
1879 498 1972 530 νο-

274 563 434 633 μεῦσι
477 556 667 631 σύριγξ
706 557 780 612 ἄν
822 579 905 622 τις
963 559 1057 628 εἴηΙ
1145 557 1239 623 Ὡς
1297 562 1464 628 γοῦν,
1520 564 1663 633 ἔφη,
1721 557 1750 614 ὁ
1813 559 1974 630 λόγος

181 644 229 696 Ε
277 643 411 717 ἡμῖν
453 646 722 714 σημαίνει.
774 639 943 698 Οὐδέν
989 665 1068 713 γε,
1112 635 1179 709 ἦν
1215 643 1255 698 δ’
1290 642 1414 714 ἐγώ,
1461 641 1658 699 καινὸν
1686 646 1974 713 ποιοῦμεν,

278 722 318 783 ὦ
355 731 494 804 φίλε,
540 731 817 796 κρίνοντες
856 724 956 788 τὸν
996 727 1244 797 Ἀπόλλω
1290 733 1391 795 καὶ,
1428 727 1496 782 τα
1544 731 1646 783 τοῦ
1699 727 1976 785 Ἀπόλλω-

279 835 377 877 νος
419 808 633 882 ὄργανα
683 809 790 880 πρὸ
838 811 1120 881 Μαρσύου
1167 834 1222 868 τε
1267 817 1357 868 καὶ
1403 816 1515 867 τῶν
1559 816 1765 867 ἐκείνου
1808 811 1976 882 ὀργα-

280 919 408 952 νων.
453 894 557 951 Μὰ
607 893 714 961 Δί’,
760 887 793 962 ἦ
841 894 883 950 ὸ’
935 893 1013 960 ὅς,
1059 894 1126 952 οὕ
1170 920 1267 967 μοι
1309 895 1660 972 φαινόμεθα.
1752 900 1863 952 Καὶ
1907 896 1975 964 νὴ

281 980 382 1043 τὸν
425 979 583 1046 κύνα,
639 978 847 1054 εἷπον,4
889 980 1212 1053 λελήθαμέν
1251 1005 1309 1051 γε
1355 985 1828 1053 διακαθαίροντες
1871 981 1979 1036 πά-

283 1070 370 1122 λιν
430 1062 500 1133 ἢν
559 1060 687 1137 ἄρτι
735 1068 957 1140 τρυφᾶν
1001 1070 1213 1140 ἔφαμεν
1257 1066 1440 1122 πόλιν.
1529 1068 1979 1143 Σωφρονοῦντές

397 1227 528 1272 κατὰ
571 1227 734 1271 πόλιν
765 1228 878 1283 χρ]
910 1227 1057 1284 Vulgo
1090 1232 1158 1272 καὶ
1192 1229 1295 1272 κατὰ
1329 1224 1470 1274 πόλιν.
1503 1229 1593 1273 Sed
1625 1231 1699 1270 καί
1726 1228 1780 1272 de
1809 1233 1979 1271 senten-

284 1289 342 1330 tia
380 1290 485 1330 Astii
517 1293 561 1330 et
592 1288 721 1341 Morg
706 1287 930 1328 ensternii
962 1287 1262 1341 expunximus.
1294 1290 1468 1340 Omisit,
1500 1289 1570 1341 qui
1597 1289 1740 1330 locum
1769 1286 1980 1337 laudavit,

283 1346 532 1388 Demetrius
564 1344 726 1386 Phaler.
760 1344 814 1385 de
846 1345 1018 1385 Elocnt.
1052 1346 1090 1397 ξ.
1112 1346 1186 1386 Cl
1191 1342 1373 1389 XXXV.
1405 1347 1580 1388 Omittit
1600 1347 1728 1388 etiam
1763 1344 1860 1388 cod.
1886 1345 1979 1389 Vat

291 1403 338 1447 Θ.
372 1405 559 1447 Servant
588 1408 734 1443 tamen
767 1402 909 1443 Bekk.
941 1401 1068 1443 Turr.
1102 1404 1236 1444 S‹·.hn
1270 1406 1422 1446 Herm.

399 1464 454 1503 E.
517 1458 712 1500 καινὸν
753 1459 1054 1515 ποιοῦμεν]
1117 1461 1266 1517 Steph.
1307 1459 1452 1503 δεινὸν
1486 1462 1718 1519 ποιοῦμεν,
1761 1461 1980 1502 nescimus

287 1574 406 1647 n‘tq'v.
439 1577 507 1616 καὶ
539 1573 620 1630 γὰρ
655 1572 702 1614 τὰ
722 1571 991 1627 παναρμόνια
1021 1575 1091 1615 καὶ

288 1632 313 1689 ἦ
334 1631 596 1706 πολυχορδιά
611 1629 821 1685 μιμήματα
847 1633 930 1673 ττῦι
949 1631 1092 1674 αὐλώι

285 1692 412 1736 ἐστιν
447 1692 626 1732 ἕκαστον
657 1690 737 1761 γὰρ
765 1688 961 1745 τρύπημα
993 1691 1090 1745 (fo-

284 1749 495 1804 ramen)
526 1752 610 1790 τῶν
640 1744 906 1804 αὕλῶντρεῐς
941 1747 1091 1804 φθόγ-

287 1821 408 1865 γους,
433 1806 491 1849 ωέ·
518 1821 665 1861 φασιν,
688 1805 1090 1879 τούλάχιστονιῖφί-

284 1881 396 1923 ησιν.
471 1865 516 1906 εἰ
563 1865 609 1906 δὲ
657 1881 724 1906 και
775 1863 822 1907 τὰ
873 1863 1090 1920 παρατρό-

285 1939 454 1979 πηματα
483 1919 726 1978 ἀνοιχθείη,
760 1926 947 1966 πλειᾝουε·
981 1923 1093 1966 conf.

286 1984 504 2026 Miiller.
568 1984 630 2024 De
669 1982 874 2024 Doriens.
918 1968 1019 2023 Vol.
1058 1980 1088 2022 l.

288 2057 329 2096 p.
364 2040 451 2084 344
483 2054 547 2092 sq.
587 2039 653 2082 ed
696 2041 737 2083 1.
770 2045 815 2081 et
845 2039 1091 2082 Boeckh.

287 2102 317 2142 1.
363 2114 401 2140 c.
462 2099 527 2139 De
573 2099 775 2139 cantione
814 2098 855 2138 in
897 2097 1090 2150 deligen-

288 2157 356 2199 dis
387 2156 616 2198 harmoniis
656 2162 699 2196 et
737 2156 865 2196 variis
914 2154 1092 2197 canendi

290 2216 408 2257 sonis
441 2215 557 2255 conf.
583 2214 709 2255 etiam
743 2212 848 2254 infra
882 2212 997 2256 Libr.
1020 2213 1092 2255 lV.

290 2287 331 2326 p.
353 2271 453 2316 424.
476 2272 526 2315 D.
553 2272 653 2312 coll.
673 2271 846 2313 Cicer.
867 2271 931 2312 De
957 2271 1090 2325 Legg.

288 2332 349 2375 II.
384 2330 450 2374 15.
485 2328 522 2381 ξ.
554 2329 624 2372 38.
658 2342 735 2382 sqq
816 2329 1019 2370 Ceterum
1055 2327 1093 2371 h.

290 2393 318 2434 1,
373 2387 542 2428 τοῦτο
597 2384 970 2439 πολυχορδότατον
1019 2399 1097 2440 per

291 2446 460 2501 synesin
510 2446 699 2496 dictum,
748 2445 1094 2515 quandoquidem

290 2518 345 2547 ex
375 2501 645 2545 αὐλοποιοὺς
690 2499 717 2556 ἢ
747 2498 933 2574 αὐλητὰς
962 2503 1095 2543 intell.

292 2561 501 2617 ὄργανον,
535 2576 598 2603 sc.
639 2562 719 2602 τοῦ
747 2556 900 2605 αὐλοῦ.
959 2560 1093 2601 Cuius

287 2621 456 2676 generis
487 2633 606 2662 usum
627 2619 827 2672 loquendi
848 2632 977 2672 supra
998 2631 1093 2658 ann.

289 2678 344 2721 ad
363 2679 482 2721 Libr.
506 2679 558 2721 ΙΙ.
594 2692 635 2732 p.
654 2677 753 2722 372.
776 2678 834 2720 C.
859 2677 1096 2730 attigimus.

348 2764 632 2819 κρίνοντες
663 2761 756 2804 τὸν
785 2760 886 2806 'Am
915 2787 969 2792 —
994 2759 1095 2815 πρὸ

291 2823 352 2863 Μ.
387 2827 476 2864 est:
519 2823 837 2875 Apollinem
881 2828 1096 2864 etraan-

290 2882 610 2983 &feli-entes.
669 2893 706 2920 v.
749 2879 802 2920 ad
840 2879 1006 2921 Phneb.
1054 2891 1094 2932 p.

348 3025 396 3065 E.
427 3023 483 3066 τὰ
511 3027 609 3066 τοῦ
639 3021 981 3069 ’Λπόλλωνος
1014 3021 1094 3076 ὄρ-

291 3096 387 3133 γαι
400 3097 426 3123 α
456 3085 538 3139 -]
593 3084 800 3137 Marsyae
829 3085 924 3124 cu'm
961 3081 1092 3134 Apolss

288 3139 375 3180 line
405 3146 622 3182 certamen
655 3148 803 3183 notum
829 3146 896 3182 est
918 3153 971 3181 ex
992 3135 1090 3180 He-

294 3195 475 3240 rodot.
520 3199 636 3251 VII,
666 3199 737 3243 26.
772 3203 842 3252 Ap
854 3195 1097 3243 ollodor.

289 3253 328 3305 1,
359 3253 402 3297 4.
444 3255 485 3297 2
523 3231 742 3298 Dio’.dor
784 3255 893 3297 sse
938 3254 1009 3297 ιιι
1051 3244 1101 3309 p?

290 3284 389 3355 1'92.
433 3312 626 3365 Hygin.
667 3302 1092 3358 fa1›.165.1>a'1ae-

289 3367 434 3423 phat.
487 3382 524 3410 c.
566 3369 638 3414 48.
681 3372 734 3412 al.
794 3372 900 3413 Vult
944 3373 1091 3411 autem

286 3424 565 3482 philosophus
585 3429 874 3471 narrationem
897 3429 1013 3470 illam
1039 3423 1091 3470 eo

1177 1577 1343 1625 referri,
1375 1583 1422 1617 ut
1452 1577 1582 1618 tibiae
1614 1575 1820 1616 vilitatem
1845 1573 1980 1615 citha-

1177 1648 1336 1688 raeque
1390 1633 1700 1688 praestantiam
1754 1632 1980 1684 significet.

1178 1693 1383 1735 Ceterum
1415 1692 1571 1734 nobilis
1604 1691 1671 1732 est
1699 1704 1752 1732 ac
1789 1689 1983 1745 celebra-

1178 1757 1222 1792 ta
1261 1750 1373 1792 Clar.
1423 1749 1696 1799 Bt'ittigeri
1749 1747 1982 1800 disputatio

1179 1810 1233 1850 de
1293 1808 1416 1855 huius
1477 1808 1652 1849 fabulae
1711 1811 1984 1859 argumento,

1177 1879 1290 1920 quae
1346 1866 1507 1910 inserta
1572 1864 1730 1917 legitur
1787 1861 1982 1903 Museo

1176 1925 1366 1965 Attico
1422 1937 1444 1963 a
1495 1921 1808 1963 Wielandio
1864 1921 1982 1961 edito

1176 1981 1231 2023 T.
1263 1981 1299 2022 Ι
1333 1981 1477 2023 P.11.
1511 1995 1550 2033 p.
1586 1978 1674 2023 353
1709 1992 1803 2031 sqq.

1238 2039 1286 2082 E.
1349 2036 1796 2092 Σωφρονοῦντέε
1840 2050 1893 2088 γε
1937 2031 1982 2089 ἦ·

1178 2098 1492 2153 μεῖς]1)ειιε
1524 2095 1740 2149 quidem
1765 2095 1983 2147 sapien-

1179 2163 1282 2197 tes.
1344 2154 1476 2209 Hipp.
1519 2153 1624 2194 Mai.
1688 2167 1727 2207 p.
1765 2151 1866 2196 304.
1927 2156 1983 2192 A:

1181 2212 1341 2254 παντός
1383 2227 1431 2266 γε
1466 2212 1624 2263 μᾶλλον
1676 2207 1896 2264 φήσομεν,
1950 2200 1985 2249 ὦ

1174 2270 1329 2320 Ἱππιᾊα
1359 2286 1412 2311 αν
1431 2269 1739 2324 σωφρονῶμεν.
1763 2269 1882 2310 libr.
1911 2268 1981 2308 vl.

1182 2344 1224 2384 p.
1244 2330 1343 2374 501
1375 2330 1434 2371 Dz
1468 2330 1535 2369 καὶ
1568 2325 1681 2368 πολύ
1711 2341 1771 2381 γε,
1812 2319 1836 2379 ἦ
1861 2321 1897 2365 δ’
1923 2322 1985 2374 ὅς,

1181 2403 1217 2429 ει
1266 2388 1590 2449 σωφρονοῦσιν.
1653 2386 1734 2429 lnt.
1778 2380 1986 2438 διεκαθή-

1182 2461 1325 2499 ραμεν.

1238 2505 1344 2572 Cap.
1358 2494 1441 2546 XI.
1472 2499 1538 2555 μὴ
1571 2485 1870 2542 ποικίλους
1898 2513 1983 2539 αυ-

1183 2558 1314 2604 τοὺς
1345 2559 1412 2616 δ,]
1473 2563 1625 2601 utne
1658 2559 1982 2614 varietatem

1182 2622 1411 2664 illorum
1459 2628 1713 2676 venemur
1758 2629 1818 2658 ac
1857 2617 1985 2656 mul-

1182 2677 1478 2720 titudinem
1521 2672 1605 2716 τῶν
1643 2668 1829 2727 βάσεων.
1892 2672 1981 2714 Re-

1180 2734 1329 2788 spexit
1369 2735 1468 2782 1)ἰο
1508 2733 1566 2775 Ο·
1555 2747 1698 2788 itys.
1741 2731 1796 2781 de
1827 2730 1984 2784 Regno

1181 2795 1303 2837 Orat.
1351 2793 1405 2837 ll.
1479 2791 1605 2837 ,3.Ο
1649 2795 1694 2831 Α.
1751 2775 1798 2832 Β.
1845 2787 1895 2829 C.
1941 2795 1985 2828 et

1185 2851 1476 2904 longinus
1506 2848 1718 2891 XXXIV.
1751 2849 1791 2899 ξ.
1824 2845 1880 2896 2,
1912 2845 1983 2886 ubi

1183 2909 1458 2951 Weiskius
1477 2903 1785 2959 βάσειςοειιεεῐ
1807 2901 1895 2955 rliy
1910 2902 1983 2942 tli-

1184 2967 1248 3010 mi
1315 2965 1607 3009 clausulas
1682 2961 1984 3012 intelligendas

1181 3038 1292 3068 esse.
1357 3022 1552 3072 Rectius,
1585 3021 1766 3073 opinor,
1799 3019 1984 3073 Morus

1179 3083 1489 3134 interpretatur
1548 3078 1756 3119 numeri
1799 3077 1982 3117 inces-

1179 3152 1319 3192 sum,
1353 3138 1458 3178 den
1492 3135 1642 3189 Gang
1675 3136 1769 3176 des
1788 3132 1982 3187 Rhyth

1179 3210 1298 3239 mus
1332 3195 1402 3238 od.
1435 3193 1664 3236 Taktes.
1699 3192 1891 3239 Astins
1923 3191 1983 3231 in-

1177 3255 1336 3323 telligit
1364 3251 1773 3293 fundamentum
1802 3245 1983 3300 rhyth-

1179 3313 1269 3365 mi.
1317 3311 1354 3361 Ιι.
1389 3324 1425 3352 e
1467 3309 1726 3363 principium
1773 3306 1984 3349 orationis

1178 3343 1452 3423 rhythmicae.
1514 3367 1656 3408 Mori
1721 3360 1982 3410 sententiam

1178 3428 1431 3474 confirmant
1447 3424 1769 3479 commentaria
1792 3423 1834 3472 in
1850 3420 1889 3463 H
1909 3434 1931 3462 e
1945 3433 1983 3462 r-
