2072 3730
247 199 350 248 432
915 189 1392 244 PLATONIS

248 361 380 403 στα,
440 342 564 412 ἔφη.
639 336 875 410 ”Εχομεν
930 330 1031 394 οὖν
1094 360 1148 391 τι
1211 339 1398 406 μεῖζον
1455 336 1628 390 κακὸν
1686 327 1847 388 4πόλει
1914 330 1948 399 ἢ

159 432 202 481 Β
252 432 458 487 ἐκεῖνο,
515 421 545 477 ὃ
602 420 677 478 ἂν
736 422 918 489 αὐτὴν
972 425 1184 493 διασπᾷ
1245 425 1337 476 και
1391 423 1520 496 ποιῇ
1567 419 1778 481 πολλάς
1819 418 1947 471 ἀντὶ

247 512 406 578 μιᾶςς
452 505 715 575 ἢμεῖζον
759 506 998 577 ἀγαθὸν
1042 510 1145 563 τοῦ
1193 503 1222 560 ὃ
1267 502 1341 560 ἄν
1385 506 1550 580 ξυνὸῇ
1595 525 1650 558 τε
1694 507 1786 558 καὶ
1817 504 1950 578 ποιῇ

243 599 410 663 μίαν;
452 531 617 647 ηθύκ
671 596 881 664 ἔχομεν.
971 591 1191 648 Οὐκοῦν
1246 588 1280 657 ἡ
1334 594 1437 658 μὲν
1487 589 1691 656 ἡδονῆς
1756 608 1815 641 τε
1857 609 1948 641 και

245 677 433 744 λύπης
463 682 720 731 κοινωνία
766 678 959 743 ξυνδεῖ,
1006 675 1148 731 ὅταν
1192 672 1221 728 ὅ
1270 695 1322 728 τι
1368 674 1608 744 μάλιστα
1648 671 1848 734 πάντες
1894 676 1949 726 οἱ

247 766 471 817 πολῖται
530 765 639 814 τῶν
682 761 872 816 αὐτῶν
935 766 1276 831 γιγνομένων
1318 780 1375 813 τε
1420 763 1510 812 καὶ
1555 758 1952 824 ἀπολλυμένων

248 850 647 918 παραπλησίως
685 850 919 917 χαίρωσι
963 848 1055 900 καὶ
1098 846 1417 912 λυπῶνται,·
1478 841 1820 896 Παντάπασι
1847 843 1952 911 μὲν

248 923 381 996 οὖν,
426 935 551 1006 ἔφη.
631 929 714 986 Ἡ
763 935 819 986 δέ
877 951 936 1000 γε
993 931 1104 986 τῶν
1160 927 1436 984 τοιούτων
1479 932 1683 990 ἰδίωσις
1725 924 1950 986 διαλύει,

246 1016 389 1072 ὅταν
434 1020 488 1070 οἱ
533 1019 636 1085 μὲν
679 1018 1014 1087 περιαλγεῖς,
1074 1018 1128 1070 οἱ
1189 1016 1246 1068 δὲ
1305 1023 1612 1082 περιχαρεῖς
1653 1014 1954 1079 γίγνωνται

149 1105 200 1158 C
248 1106 336 1158 ἐπι
380 1111 523 1164 τοῖς
534 1099 731 1164 αὐτοῖς
773 1099 1084 1170 παθήμασι
1130 1101 1229 1164 τῆς
1251 1095 1459 1160 πόλεως
1505 1118 1561 1150 τε
1599 1100 1690 1151 καὶ
1733 1097 1846 1148 τῶν
1889 1099 1952 1148 ὲν

250 1189 312 1263 τῆ
359 1184 544 1252 πόλεις
625 1188 692 1239 Τί
735 1183 786 1238 δ’
839 1181 937 1243 οὕς
988 1175 1112 1252 Ἆρ’
1166 1174 1269 1237 οὖν
1312 1188 1368 1236 ἐκ
1418 1183 1576 1236 τοῦδε
1622 1177 1684 1233 τὸ
1729 1176 1951 1233 τοιόνδε

246 1276 516 1340 finctae,
580 1266 723 1324 ὅταν
763 1266 840 1340 μὴ
886 1265 1006 1338 ἅμα
1051 1271 1419 1341 φθέγγωνται
1462 1272 1520 1319 ὲν
1567 1267 1645 1340 τῆ
1677 1262 1830 1317 πόλει
1874 1258 1946 1315 τα

247 1352 436 1410 τοιαδε
494 1351 749 1426 ῥήματα,
805 1352 867 1407 τό
931 1373 988 1406 τε
1042 1350 1176 1420 ἐμὸν
1234 1353 1326 1404 καὶ
1371 1349 1433 1404 τὸ
1480 1347 1581 1404 οὐκ
1624 1347 1793 1418 ἐμόν’,
1853 1368 1946 1400 και

368 1517 421 1560 Ρ.
455 1517 556 1561 462.
618 1518 704 1559 και
738 1517 865 1569 ποιῇ
895 1512 1093 1559 πολλὰς
1134 1510 1250 1554 ἀντι
1291 1513 1443 1566 μιᾶς]
1490 1512 1538 1552 V.
1570 1517 1707 1561 ποιοῖ,
1740 1513 1860 1566 quod
1891 1524 1945 1553 ex

250 1577 429 1629 optimis
447 1577 572 1617 hbns
604 1581 864 1617 correctum.
895 1576 1005 1615 Mox
1032 1574 1132 1615 Par.
1155 1576 1204 1613 A.
1227 1571 1322 1613 Vat.
1348 1569 1395 1614 Θ.
1418 1572 1533 1612 Ven.
1559 1570 1612 1612 ll.
1633 1572 1736 1612 Vat.
1768 1585 1824 1611 m.
1845 1570 1944 1621 ξυν-

252 1634 326 1683 δεῖ,
358 1636 475 1676 unde
505 1634 666 1687 aliquis
689 1632 846 1686 ξυνδὲῃ
866 1634 1063 1704 εΐίὶιι33ι.
1098 1627 1188 1672 Sed
1205 1631 1340 1671 iidem
1356 1630 1461 1670 libri
1489 1629 1648 1670 deinde
1670 1631 1799 1670 etiam
1822 1632 1947 1668 ποιεῖ.

365 1693 416 1736 (3.
478 1691 687 1763 Κομιδῇ
717 1691 810 1742 μὲν
842 1683 955 1732 οὖν.
977 1686 1058 1732 Ἐν
1087 1681 1225 1742 ᾗτινι
1260 1684 1320 1742 δὴ
1353 1684 1695 1727 πόλει-ἐπὶ
1726 1683 1781 1727 τὸ
1813 1681 1945 1726 αὐτὸ

253 1747 393 1791 κατὰ
419 1745 610 1822 ταύτά]
645 1752 768 1792 Haec
798 1751 933 1792 verba
961 1750 1009 1790 in
1038 1749 1240 1802 plurimis
1272 1746 1499 1788 codicibus
1529 1749 1574 1784 et
1602 1746 1647 1786 in
1678 1751 1784 1786 vett.
1820 1745 1946 1786 editt.

1903 1802 1938 1831 hv

250 1814 432 1862 propter
476 1804 801 1859 ὖμοιοτέλευτον
841 1807 1115 1850 exciderunt.
1174 1805 1422 1847 Servarunt
1449 1816 1502 1845 ea
1531 1802 1635 1847 Par.
1670 1809 1719 1845 A.
1751 1803 1864 1844 Ven.
1896 1816 1944 1846 ›-

251 1869 369 1920 Ang.
419 1867 513 1909 Vat.
548 1881 604 1911 m.
646 1867 766 1908 Flor.
817 1881 855 1909 a.
898 1880 936 1908 c.
974 1878 1002 1905 x
1061 1879 1100 1908 α.
1133 1863 1176 1916 β
1213 1879 1251 1917 γ.
1291 1869 1334 1904 et
1372 1861 1617 1912 Stobaens‚
1659 1863 1734 1915 qui
1767 1861 1947 1902 exhibet

301 2007 529 2061 Ἐχομεν
562 2002 664 2049 οὖν
699 2022 744 2048 τι
770 2009 957 2060 μεῖζον
977 2021 1055 2047 na-

251 2065 350 2108 κὰν
383 2067 453 2122 π.]
494 2068 721 2108 Summum
753 2066 916 2107 bonum
949 2066 1056 2107 civi-

252 2127 354 2167 tatis
385 2127 433 2166 in
465 2139 517 2166 eo
549 2126 691 2178 ponit,
713 2130 763 2164 ut
786 2126 843 2166 sit
872 2137 963 2164 una
992 2130 1055 2164 at-

256 2196 342 2236 que
373 2195 577 2234 concors,
595 2184 681 2224 hoc
711 2188 792 2234 est,
823 2188 873 2222 ut
903 2194 1055 2223 omnes

248 2244 368 2282 cives
397 2243 514 2282 idem
540 2242 730 2294 cupiant,
748 2241 953 2293 idemque
985 2240 1053 2279 fu-

246 2300 391 2351 giant3
410 2301 528 2340 idem
549 2300 728 2340 doleant
747 2305 791 2339 et
808 2300 1054 2351 gaudeant3

247 2359 439 2410 denique
470 2363 519 2397 ιιι
543 2369 694 2398 omnes
716 2358 925 2398 similiter
943 2357 1059 2396 inter

246 2429 293 2457 se
353 2417 632 2457 consentiant
687 2421 818 2467 atque
878 2415 1053 2468 singula

248 2475 377 2515 unius
403 2475 604 2527 corporis
623 2474 833 2514 membra.
880 2474 1055 2513 Adver-

246 2545 322 2574 sus
363 2533 597 2573 Platonem
647 2531 890 2630 dis'putavit
930 2531 1051 2572 Ari-

247 2592 488 2633 stoteles
533 2591 662 2631 Polit.
759 2590 850 2641 ,.,1
886 2589 959 2632 16.
991 2589 1055 2639 ΙΙ,

247 2650 299 2700 2,
330 2649 370 2692 9.
427 2650 552 2689 cuius
581 2591 795 2689 iudic'ium
825 2648 1052 2688 examina-

247 2713 351 2749 runt
380 2707 578 2749 Franc.
622 2707 920 2747 Patricius
945 2704 1054 2746 Dis-

247 2779 363 2806 cuss.
377 2765 618 2818 Peripatet.
628 2777 672 2816 p.
686 2764 848 2817 350sq.
870 2763 906 2804 1«
918 2762 1055 2804 fille-

248 2826 402 2865 born-
434 2825 599 2864 Annot.
639 2823 697 2863 ad
727 2821 884 2863 Garvii
917 2822 1056 2862 inter·

247 2888 360 2935 pret.
376 2882 570 2923 Aristot.
595 2880 725 2921 Polit.
746 2881 799 2920 T.
824 2880 875 2920 ΙΙ.
895 2893 939 2932 p.
952 2879 1054 2923 194.

250 2941 661 2992 Morgenstern.
712 2937 960 2979 Comment.
1010 2936 1053 2991 pl

250 2998 353 3041 235.
388 2997 640 3049 Pinzger.
673 2997 703 3037 l.
735 3010 772 3037 c.
804 3010 847 3049 p.
867 2995 923 3039 31
956 3009 1054 3049 sqq.

251 3056 456 3097 Ceterum
468 3056 526 3095 ιά
541 3056 805 3095 sententiam
822 3055 940 3129 conf.
953 3054 1053 3130 libr.

252 3113 530 3166 1V.p.422.
562 3114 616 3154 E.
885 3139 889 3144 ·
1043 3134 1046 3138 ’

310 3171 364 3212 Β.
429 3168 453 3211 ὃ
492 3185 553 3210 αν
593 3168 764 3222 ξυνδῇ
804 3184 855 3211 τε
895 3170 978 3209 καὶ
1013 3180 1056 3209 π.

249 3228 348 3280 μ.]
379 3227 599 3270 Observes
639 3229 827 3269 formam
873 3229 1055 3268 coniun-

249 3286 374 3337 ctivi,
392 3298 505 3338 quae
528 3287 649 3327 haud
677 3288 770 3327 scio
796 3299 853 3327 an
883 3299 973 3327 non
1008 3287 1056 3326 in

249 3342 411 3395 ξυνδέῃ
441 3345 655 3384 mutanda
683 3346 764 3394 sit,
797 3355 1057 3397 quum'ver-

252 3403 355 3443 bum
405 3399 513 3448 δεῖν,
560 3403 763 3453 ligare,
818 3404 951 3443 etiam
1009 3403 1055 3441 in

252 3462 354 3502 aliis
383 3459 537 3500 formis
569 3459 591 3499 ἓ
609 3472 687 3511 per
709 3461 1059 3501 contractionem

1142 2005 1354 2046 amiserit.
1388 2019 1428 2047 v,
1466 2002 1657 2047 Buttm.
1688 2001 1765 2044 Gr.
1807 2004 1949 2056 ›xmph

1112 2065 1114 2067 ’
1142 2063 1198 2104 Τ.
1221 2063 1257 2104 1.
1286 2077 1324 2116 p.
1347 2061 1447 2106 497.
1468 2061 1658 2102 Matth.
1691 2059 1766 2102 Gr.
1799 2062 1838 2115 ξ.
1871 2061 1943 2105 50.

1142 2123 1242 2164 coll.
1274 2122 1390 2161 infra
1421 2134 1463 2173 p.
1497 2120 1597 2163 465.
1634 2120 1690 2159 D.

1199 2179 1300 2219 τῶν
1361 2175 1633 2219 τοιούτων
1696 2174 1941 2225 ἰδίωσι41

1143 2236 1397 2290 Opponitur
1418 2233 1443 2290 ἦ
1465 2234 1632 2276 ἰδίωσις
1653 2235 1704 2288 τῇ
1725 2237 1944 2289 κοινωνίᾳ,

1139 2309 1269 2348 quam
1316 2301 1446 2336 antea
1468 2320 1472 2324 -
1492 2294 1778 2335 memorabat.
1842 2294 1943 2333 An-

1141 2353 1355 2395 tiattic.
1409 2353 1648 2393 Bekkeri
1699 2351 1868 2392 Anecd.
1908 2351 1942 2390 1.

1139 2425 1183 2464 p-
1245 2411 1355 2455 100·
1415 2406 1660 2458 Ἰδίωσις,

1140 2470 1319 2540 πεμπτῷ
1347 2467 1593 2509 Πολιιειοῖν.

1198 2528 1249 2569 Ο.
1306 2521 1405 2581 'Ap’
1449 2521 1550 2567 οὖν
1585 2523 1639 2566 ἐκ
1681 2522 1856 2565 τοῦδε
1887 2521 1946 2564 τὸ

1141 2583 1367 2627 τοιόνδε
1415 2584 1691 2638 γίγνεται]
1731 2583 1942 2624 Referen-

1139 2646 1244 2686 dum
1275 2650 1345 2685 est
1366 2641 1494 2684 τοῦδε
1507 2644 1564 2684 ad
1593 2643 1727 2684 verba
1756 2653 1943 2694 sequen-

1139 2704 1228 2753 tia,
1285 2699 1388 2743 ὅταν
1435 2698 1492 2755 μὴ
1533 2697 1617 2750 ἅμα
1663 2698 1944 2753 φθέγγωνται

1141 2775 1178 2804 κ.
1213 2776 1245 2804 τ.
1280 2761 1340 2810 λ.;
1383 2761 1461 2801 sed
1492 2758 1539 2799 τὸ
1573 2755 1742 2798 τοιόνδε
1775 2762 1943 2811 spectat

1139 2820 1197 2860 ad
1229 2828 1491 2872 praegressa
1520 2818 1624 2865 illa,
1658 2813 1763 2857 ὅταν
1793 2814 1840 2854 οἱ
1866 2814 1944 2865 μὲν

1142 2878 1380 2931 περιαλγεῖς
1420 2890 1458 2916 κ.
1499 2889 1531 2915 τ.
1575 2875 1608 2913 λ.
1669 2874 1941 2914 Sententiam

1139 2937 1292 2977 laudat
1321 2933 1656 2975 Plutarch.
1717 2932 1786 2971 De
1818 2931 1941 2972 Frat.

1140 2995 1298 3034 Amor.
1339 3006 1382 3044 p.
1419 2989 1520 3034 484.
1553 2990 1614 3030 Β.
1649 2985 1829 3058 Πλάτων
1860 3003 1938 3030 πα-

1141 3048 1260 3104 ρῄνει
1295 3054 1385 3090 τοῖς
1415 3049 1603 3088 πολίταις
1639 3045 1685 3087 τὸ
1706 3044 1812 3098 ἐμὸν
1828 3045 1940 3098 ἐξαι-

1142 3114 1235 3162 ρεῐν
1266 3107 1335 3148 καὶ
1367 3106 1414 3146 τὸ
1449 3121 1531 3146 ουκ
1562 3103 1678 3156 ἐμόν.
1739 3108 1939 3149 Amator.

1224 3167 1324 3211 767.
1363 3165 1429 3208 D:
1471 3162 1518 3204 ἐκ
1557 3165 1633 3234 τῆς
1666 3162 1942 3217 Πλατωνικῆς

1142 3221 1309 3265 πόλεως
1349 3220 1397 3262 τὸ
1428 3219 1534 3272 ἐμὸν
1564 3217 1644 3274 οὐχ
1676 3222 1760 3274 ἔξει
1791 3222 1859 3262 καὶ
1889 3220 1939 3261 τὸ

1142 3277 1226 3324 οὐκ
1254 3278 1372 3332 ἐμόν.
1434 3281 1664 3333 Praecept.
1689 3281 1875 3332 Coning.
1893 3292 1938 3332 p

1142 3340 1240 3384 140.
1261 3340 1318 3380 D.
1341 3339 1620 3380 lamblieh.
1657 3339 1738 3380 V.it
1773 3338 1937 3390 Pytha-

1141 3411 1237 3451 gor.
1252 3397 1296 3450 9.
1321 3398 1428 3441 1673
1449 3392 1554 3450 ἀρχὴ
1587 3398 1734 3436 τοίνυν
1758 3393 1844 3436 ἐστὶ
1875 3393 1937 3434 δι-

1141 3452 1379 3508 καιοσύνης
1395 3454 1473 3505 μὲν
1493 3452 1540 3495 τὸ
1562 3451 1714 3495 κοινὸν
1744 3454 1813 3493 καὶ
1842 3454 1937 3492 ι”σοι

1726 2407 1947 2450 Πλάτων
