2124 3744
321 177 426 227 34⁶2
943 177 1429 233 PLATONIS

324 317 621 389 δημοτικὸς
667 313 752 388 ἦν.
799 325 932 376 Ναί.
1009 320 1227 378 Οὐκοῦν
1271 328 1365 377 καὶ
1413 320 1618 389 ἡδονῆς
1662 329 1827 395 τρίτῳ
1879 327 2027 383 εἰδώ-

323 406 400 471 λῳ
449 401 589 473 πρὸς
636 403 923 472 ἀλήθειαν
976 406 1079 461 ἀπ’
1146 413 1354 465 ἐκείνου
1398 407 1641 473 ξυνοικοῖ
1695 407 1800 476 ἄν,
1857 419 1901 466 εὶ
1959 413 2026 466 τά

325 485 586 557 πρόσθεν
618 488 853 556 ἀληθῆς
903 487 1108 555 Οὕτως.
1192 490 1251 546 Ὁ
1291 494 1348 546 δέ
1402 512 1460 560 γε
1503 490 1855 563 ὀλιγαρχικὸς
1912 495 2026 550 ἀπὸ

327 574 427 625 τοῦ
471 574 760 641 βασιλικοῦ
813 567 884 628 αὖ
934 579 1137 645 τρίτος,
1180 573 1281 630 ἐὰν
1325 581 1399 638 εἰς
1445 573 1655 630 ταύτὸν
1693 579 2030 650 ἀριστοκρα-

328 654 482 710 τικὸν
520 660 619 711 ’καὶ
661 657 953 727 βασιλικὸν
998 662 1267 729 τιθῶμεν.
1327 663 1526 731 Τρίτος
1563 660 1691 733 γάρ.
1786 666 2030 732 Τριπλα-

325 744 447 794 σίου
490 736 632 809 ἄρα,
690 735 760 809 ἦν
806 743 854 797 δ’
907 744 1039 811 ἐγώ,
1103 741 1432 814 τριπλάσιον
1478 743 1715 815 ἀριθμῷ
1762 745 2030 814 ἀληθοῦς

323 821 530 890 ἡδονῆς
575 824 850 900 ἀφέστηκε
898 826 1192 896 τύραννος.
1240 831 1528 883 Φαίνεται.
1585 827 1872 885 Ἐπίπεδον
1918 832 2028 904 ἄρ’,

324 912 481 983 ἔφην,
527 907 599 973 ὡς
645 914 801 976 ἔοικε,
847 910 907 966 τὸ
958 911 1182 967 εἴδωλον
1227 911 1369 966 κατὰ
1407 911 1506 967 τὸν
1535 916 1632 969 τοῦ
1658 912 1868 983 μήκους
1906 916 2031 988 αρι-

336 1104 431 1146 Vat.
469 1118 524 1148 m.
570 1105 683 1149 Flor.
725 1119 763 1147 a.
808 1119 845 1147 c.
888 1121 929 1144 α.
972 1105 1317 1162 δημοκρατικός,
1349 1106 1463 1160 quod
1502 1107 1543 1147 in
1577 1108 1674 1152 Par.
1711 1113 1759 1151 Α.
1792 1112 2030 1162 superscri-

334 1169 629 1263 pmmesttuzl
667 1221 853 1275 τρίτην
892 1220 1089 1274 αὔξην]
1132 1219 1212 1272 τὴν
1250 1223 1379 1274 vulgo
1411 1225 1512 1261 ante
1544 1223 1696 1275 τρίτην
1726 1224 2031 1278 interpositum

329 1290 415 1319 om.
444 1277 544 1319 Par.
562 1281 617 1322 A.
638 1279 766 1322 Vind.
786 1283 838 1320 Φ.
862 1279 967 1323 Vat..
986 1292 1040 1321 m.
1064 1278 1183 1321 Flor.
1209 1292 1248 1320 a.
1268 1294 1308 1332 r.
1346 1277 1580 1319 Eiecerunt
1596 1281 1727 1323 etiam
1749 1282 1877 1324 Schn.
1901 1284 2029 1325 Turr.

331 1335 483 1376 Herm.

448 1393 496 1436 E.
529 1409 581 1435 τε
597 1395 862 1449 aewestan
906 1397 968 1445 τῇ
998 1394 1075 1449 π.]
1140 1394 1212 1436 Sic
1243 1395 1337 1438 Vat.
1376 1391 1428 1432 Θ.
1464 1393 1562 1436 Par.
1599 1394 1690 1438 ΒΚ.
1726 1396 1830 1438 Ven.
1869 1397 1920 1438 11.
1953 1411 2031 1452 pro

329 1597 375 1634 et
411 1593 438 1637 9
455 1599 513 1641 ><
536 1594 590 1638 81
609 1607 665 1636 =
689 1593 786 1638 729.
826 1593 896 1644 qui
937 1593 1032 1646 ipse
1055 1600 1138 1637 est

330 1663 537 1693 numerus
558 1654 628 1694 ille
650 1651 912 1704 tyrannicus,
939 1652 1008 1703 qui
1027 1653 1143 1694 indi-·

330 1714 423 1760 cat⁹
470 1716 675 1761 quantum
721 1708 976 1749 discriminis
1028 1710 1138 1751 inter

330 1768 539 1820 optimum
568 1770 760 1821 optimae
777 1766 963 1808 civitatis
981 1769 1138 1820 princi-

328 1837 427 1877 pem
491 1832 621 1879 atque
675 1832 900 1881 tyrannum
955 1823 1134 1866 felicita-

330 1883 388 1923 tis
401 1882 540 1925 habita
557 1885 726 1927 ratione
739 1882 992 1923 intercedat.
1018 1886 1143 1930 Quae

331 1941 475 1982 omnia
523 1954 610 1994 quo
662 1941 823 1982 clarius
868 1941 1138 1994 perspician-

332 2004 415 2049 tur,
444 2010 529 2041 non
556 1999 706 2041 inutile
725 1999 806 2040 erit
826 2009 916 2040 rem
937 1998 977 2040 in
993 1999 1138 2040 tabula

333 2055 599 2111 descriptam
641 2058 723 2099 sub
760 2056 990 2098 oculorum
1034 2069 1139 2098 con-

332 2118 488 2166 spectu
524 2115 743 2169 posuisse:

796 2218 798 2221 ·
834 2199 977 2252 longi·
1022 2199 1116 2240 lati-

843 2256 950 2298 tudo
1010 2256 1118 2299 tudo

380 2319 415 2359 1.
447 2318 747 2359 aristocra-

479 2375 604 2417 tias.
627 2387 752 2428 rega—

481 2434 530 2475 lis
595 2431 750 2486 princi-

485 2496 632 2546 patus=
1026 2487 1111 2530 129

366 2547 425 2592 11.
459 2551 721 2590 timocra-

480 2606 578 2649 tia:
844 2607 845 2610 ’
897 2604 925 2647 3
1056 2602 1115 2646 27

335 2665 422 2706 111.
453 2661 780 2716 oligarchia=
883 2667 941 2708 ><
1056 2660 1110 2705 81

335 2723 413 2763 IV.
438 2718 804 2765 democratia:
897 2719 925 2762 3
1026 2719 1114 2762 243

360 2779 416 2825 V.
449 2780 723 2836 tyrannisx
885 2783 944 2826 ><
1029 2778 1114 2821 729

902 2836 929 2879 9
1004 2879 1007 2882 .

336 2925 430 2966 Iam
461 2936 566 2968 vero
596 2923 668 2964 ubi
700 2920 999 2974 disquirimus,
1039 2920 1143 2974 quid

337 2982 505 3024 consilii
549 2982 675 3024 Plato
714 2979 755 3020 in
796 2980 860 3021 his
903 2980 963 3021 ita
1003 2980 1144 3033 expli-

336 3040 486 3081 candis
517 3043 732 3092 sequutus
772 3050 871 3078 esse
901 3037 1040 3090 putari
1066 3037 1143 3079 de·

339 3098 462 3153 beat,
501 3109 573 3138 res
616 3096 742 3137 nobis
785 3095 957 3148 quidem
1002 3096 1143 3136 neu'ti-

337 3167 465 3207 quam
503 3154 616 3195 adeo
649 3153 834 3195 obscura
866 3153 1053 3201 videtur,
1094 3157 1142 3195 ut

337 3213 541 3265 explicari
589 3215 789 3264 nequeat.
852 3210 963 3254 Nam
1005 3222 1138 3263 quum

337 3269 447 3312 libro
489 3273 646 3310 octavo
688 3273 819 3321 atque
856 3281 970 3309 nono
1009 3268 1138 3309 uber-

336 3327 444 3368 rima
483 3325 778 3380 disputatione
815 3325 865 3366 τὸ
900 3323 1029 3367 ποιόν
1075 3325 1137 3368 si-

336 3398 390 3427 ve
436 3385 769 3437 qualitatem
818 3382 1035 3426 felicitatis
1087 3389 1134 3424 et

333 3441 595 3485 infelicitatis
652 3440 864 3482 variorum
927 3440 1132 3495 imperio-

1223 1606 1316 1640 rum
1357 1592 1657 1644 illustraverit,
1711 1599 1801 1637 tum
1843 1595 1924 1638 hoc
1968 1598 2033 1640 lo-

1223 1665 1277 1693 co
1307 1652 1438 1693 etiam
1483 1645 1538 1706 τὸ
1569 1647 1706 1691 ποσόν
1740 1653 1832 1695 sive
1868 1667 2035 1707 quan-

1223 1711 1442 1751 titatem
1459 1707 1652 1749 eiusdem
1675 1709 1896 1763 indicavit,
1917 1713 2034 1765 quod

1222 1767 1423 1821 profecto
1440 1764 1493 1806 ad
1511 1774 1889 1819 tempraesentem
1903 1771 2034 1824 longe

1222 1826 1303 1866 fuit
1335 1823 1652 1878 gravissimum,
1684 1831 1731 1875 ut
1753 1826 2034 1880 deniquehac

1221 1895 1395 1936 quoque
1426 1893 1479 1922 ex
1511 1887 1891 1935 partemconptaret.
1919 1899 2027 1929 ,cer-

1223 1941 1326 1992 tius‚
1361 1942 1567 1991 quantum
1601 1938 1761 1985 iustitia
1791 1943 2033 1986 iniustitiae

1223 1997 1447 2039 felicitatis
1504 1997 1678 2044 nomine
1739 2002 2031 2043 antecelleret.

1226 2055 1329 2097 Hoc
1359 2059 1507 2095 autem
1539 2055 1724 2107 perfecit
1754 2058 1920 2105 ratione
1945 2060 2034 2115 Py-

1229 2112 1476 2166 thagorica,
1527 2113 1686 2167 quippe
1728 2127 1862 2167 *quam
1906 2129 2035 2159 unam

1231 2170 1285 2212 ad
1335 2169 1459 2211 huius
1502 2170 1581 2218 ,rei
1618 2171 2036 2225 demonstrationem

1232 2229 1503 2282 aptissimam
1548 2239 1671 2270 ,esse
1729 2230 2033 2275 intellexisset.

1235 2284 1454 2330 Quocirca
1499 2287 1635 2327 totam
1677 2298 1768 2328 rem
1803 2289 1920 2342 quod
1962 2304 2034 2333 re-

1237 2344 1408 2385 vocavit
1468 2342 1521 2383 ad
1576 2343 1794 2397 calculos,
1859 2349 2036 2391 minime

1231 2403 1382 2443 mirum
1444 2405 1539 2452 *aut
1609 2401 1844 2446 absurdum
1913 2406 2034 2448 vide-

1229 2461 1263 2502 ri
1305 2459 1466 2508 debet,
1515 2462 1770 2512 praesertim
1815 2475 1948 2515 quum
1991 2463 2032 2506 id

1229 2516 1464 2559 instituerit
1495 2516 1846 2568 prudentissime.
1900 2521 2035 2563 Calli-

1229 2575 1406 2616 dissimo
1439 2575 1553 2620 enim
1590 2577 1770 2617 consilio
1809 2577 1852 2619 in
1883 2580 2035 2631 exqui-

1227 2632 1359 2674 renda
1395 2631 1664 2684 voluptatum
1698 2634 1926 2678 latitudine
1951 2637 2032 2678 du·

1230 2691 1384 2744 plicem
1400 2689 1510 2731 fecit
1531 2692 1944 2744 rerumpublicarum
1960 2707 2032 2735 or-

1229 2749 1399 2798 dinem,
1439 2747 1645 2796 alterum,
1686 2749 1759 2801 qui
1800 2751 2031 2793 aristocra-

1229 2806 1350 2857 tiam‚
1375 2805 1663 2847 timocratiam
1687 2808 2031 2861 etoligarchiam

1227 2864 1597 2916 complecteretur
1645 2869 1778 2917 atque
1812 2867 2031 2909 ‘secundae

1227 2927 1394 2962 tantum
1428 2922 1651 2973 potentiae
1672 2923 1774 2974 (τῆς
1794 2922 2030 2977 δυνάμεως)

1229 2978 1406 3020 liaberet
1423 2983 1727 3030 augmentum3
1749 2982 1933 3022 alterum
1957 2984 2029 3035 qui

1227 3038 1281 3078 ab
1321 3037 1412 3090 ipsa
1459 3033 1695 3087 oligarchia
1735 3050 1918 3079 exorsus
1955 3053 2031 3080 us-

1226 3107 1308 3146 que
1349 3093 1403 3135 ad
1442 3091 1708 3146 txrannidem
1752 3096 2030 3148 pertenderet

1225 3158 1354 3205 atque
1384 3151 1536 3192 tertiae
1566 3152 1784 3202 potentiae
1817 3155 1910 3207 (τῆς
1937 3157 2027 3208 τρί-

1226 3225 1302 3261 της
1320 3207 1477 3260 αὔξης)
1503 3206 1588 3248 ‘vim
1621 3212 1903 3261 experiretur.
1930 3212 2029 3255 Qua

1221 3266 1391 3308 ratione
1443 3264 1788 3311 luculentissime
1848 3269 2030 3310 demon-

1221 3323 1395 3373 stravit,
1438 3320 1696 3364 infelicitatis
1735 3333 1867 3379 atque
1899 3329 2029 3369 mise-

1226 3383 1316 3422 riae
1367 3380 1632 3421 incrementa
1677 3382 1720 3424 in
1774 3385 2027 3426 civitatibus

1223 3438 1322 3491 ipsis
1334 3439 1496 3491 pariter
1515 3444 1645 3491 atque
1662 3439 1702 3481 in
1723 3455 1866 3484 earum
1879 3448 2027 3484 recto-
