2106 3594
1416 154 1419 155 ν
1515 116 1832 172 cmm

137 263 219 317 cis
269 260 508 317 Parisiui
553 263 634 317 A,
673 259 1058 315 auctoritatem
1106 276 1167 313 se
1209 265 1375 314 uutus
1423 267 1633 315 textum
1671 258 1835 313 talem

134 333 511 402 constitueret,
586 331 761 388 nalem
798 337 1150 387 monumenta
1223 329 1292 385 de
1329 328 1499 402 digna
1535 331 1835 402 genuinum

135 413 483 460 testarentur.
614 421 676 460 ec
717 422 844 458 vero
882 400 1229 457 diffitendum
1265 409 1350 457 est
1386 421 1508 455 eum
1546 401 1835 457 Platonem

133 476 447 531 exhibuisse
482 474 764 546 aliquanto
804 472 1223 545 probabiliorem
1250 493 1411 543 quam
1437 474 1618 527 fuerat
1649 481 1830 529 antea.

133 548 465 618 Quanquam
499 565 605 603 nec
638 546 707 601 ab
746 545 1024 601 erroribus
1059 544 1387 615 quibusdam
1423 545 1529 600 sibi
1568 545 1704 599 satis
1743 564 1835 599 ca·

136 620 243 680 nit..
311 617 457 678 Nam
498 618 738 689 ‚primum
785 615 1006 687 quidem
1043 635 1154 671 non
1204 615 1606 671 animadvertit·
1643 617 1699 672 in
1746 616 1832 671 his

130 689 285 746 libris
318 689 388 745 ab
440 689 552 745 Im.
591 688 921 745 Bekkero
970 695 1028 742 et
1063 706 1097 741 a
1133 688 1294 744 nobis
1329 687 1464 759 ipsis
1504 687 1695 757 multa,
1732 688 1833 742 im·

130 761 319 833 primis
354 760 816 835 orthographica,
844 757 1116 816 consulto
1165 759 1336 816 fuisse
1386 758 1610 814 silentio
1655 768 1834 814 trans·

132 834 329 900 inissa,
418 851 521 887 uae
569 833 640 888 ab
677 832 837 888 initio
873 830 1247 888 annotationis
1284 830 1503 887 criticae
1541 831 1685 886 satis:
1711 831 1832 887 iue-

133 913 261 958 rant
293 923 399 976 exp
421 903 586 974 icata,
621 912 687 959 ut
720 904 829 960 iam
867 901 1165 959 eorundem
1189 903 1520 975 repetitione
1556 921 1666 957 non
1694 920 1834 974 opus

133 974 423 1030 videretur.
495 975 585 1030 Ex
624 993 735 1046 quo
773 975 983 1044 evenit,
1016 982 1080 1028 ut
1115 975 1415 1047 scripturas
1440 974 1835 1030 vocabulorum

130 1055 298 1118 atque
349 1048 762 1111 terminationes
811 1047 1102 1102 verborum
1153 1065 1249 1106 eas
1303 1045 1486 1101 denuo
1526 1054 1831 1113 revocaret,

128 1138 267 1190 quas
305 1117 512 1179 dudum
548 1127 830 1175 constaret
864 1118 922 1172 in
960 1115 1274 1173 melioribus
1312 1114 1474 1173 codd.
1514 1137 1623 1186 non
1662 1125 1833 1186 testa·

128 1197 213 1245 tas
249 1189 491 1262 reperiri.
566 1189 635 1245 Id
673 1189 823 1262 quod
863 1209 1040 1262 nuper
1077 1189 1241 1244 etiam
1266 1189 1469 1244 certius
1495 1189 1832 1257 intellectum

129 1270 215 1316 est
264 1262 404 1333 libro
454 1262 707 1318 Parisino
764 1265 836 1318 A.
895 1263 1095 1317 iterum
1151 1261 1461 1332 iterumque
1522 1262 1834 1332 accuratius

132 1332 435 1408 explorato.
503 1332 651 1389 Nam
675 1347 854 1412 'quam
891 1332 1224 1389 Turicenses
1247 1341 1530 1405 postremo,
1564 1333 1837 1398 dederuut

130 1399 251 1461 eius
287 1405 636 1479 varietatem,
686 1425 754 1464 ea
801 1402 1118 1480 planissime
1167 1405 1457 1460 confirmat
1492 1424 1621 1461 vere
1657 1412 1832 1470 rejcte-

131 1470 262 1548 que:¹
308 1494 343 1530 a
402 1475 735 1534 Bekkero
805 1486 973 1549 atque
1021 1497 1055 1532 a
1117 1477 1280 1532 nobis
1357 1475 1609 1548 receptas
1665 1476 1834 1541 fuisse

129 1547 430 1619 scripturas
492 1549 785 1621 plurimas,
861 1569 1001 1621 quas
1058 1547 1490 1605 Schneideri
1548 1547 1834 1603 incredula

129 1619 323 1692 religio
374 1638 562 1676 rursus
609 1621 851 1677 abolevit
902 1628 999 1675 aut
1034 1621 1105 1675 in
1127 1620 1559 1676 controversiam
1595 1621 1832 1676 vocavit.

133 1690 426 1745 Praeterea
461 1710 590 1748 vero
623 1693 711 1747 vir
747 1691 1203 1766 diligentissimus
1239 1710 1630 1766 saepenumero
1670 1692 1834 1748 etiam

124 1763 615 1845 praestantioribus
651 1763 969 1834 codicibus,
1020 1764 1315 1837 praecipue
1367 1765 1489 1819 Par.
1540 1766 1640 1837 A.,
1702 1764 1831 1837 'plus

125 1832 271 1888 iusto
305 1834 530 1904 tribuit,
585 1835 1031 1908 quandoquidem
1069 1854 1166 1890 eos
1214 1834 1612 1918 propemodum
1658 1836 1834 1890 instar

124 1905 412 1990 archetypi
460 1907 548 1962 vel
597 1908 771 1980 ipsius
821 1907 1071 1963 Platonis
1118 1904 1326 1962 codicis
1380 1906 1572 1961 habuit
1607 1927 1672 1963 ac
1723 1907 1828 1963 sibi

122 1985 398 2049 persuasit
431 1979 724 2051 genuinam
762 1979 1055 2034 lectionem
1092 1995 1211 2035 esse
1248 1998 1362 2033 rem
1399 1979 1457 2033 in
1494 1980 1642 2034 facto
1682 1980 1832 2053 posi-

123 2058 255 2104 tarn⁴
338 2051 516 2126 Atqui
566 2051 790 2106 eosdem
835 2052 960 2106 illos
1011 2050 1196 2121 codd,
1246 2049 1379 2105 licet
1426 2058 1680 2106 ceterum·
1719 2051 1832 2107 sint

124 2122 598 2192 praestantissimi,
646 2131 829 2179 tamen
876 2131 1098 2179 constat
1132 2123 1439 2178 certissime
1479 2123 1667 2178 deberi
1687 2123 1832 2178 -item

123 2194 598 2260 grammaticorum
623 2196 931 2251 recensioni
980 2204 1148 2267 atque
1207 2184 1434 2250 'ravibus
1472 2192 1707 2250 subinde
1747 2197 1830 2251 vi-

119 2265 214 2326 iiis
256 2275 316 2321 et
359 2266 637 2323 erroribus
689 2285 814 2324 csse
860 2266 1106 2324 affectos.
1331 2286 1441 2337 quo
1481 2287 1829 2338 consequens

122 2344 227 2407 est,
264 2345 331 2392 ut
362 2338 530 2394 etiam
567 2339 766 2396 ceteris
805 2338 1088 2396 codicibus
1123 2338 1334 2410 aliquid
1367 2338 1726 2396 tribuendum
1758 2340 1832 2397 sit

123 2417 182 2463 et
213 2408 300 2464 sin
377 2409 448 2466 lis
493 2409 633 2467 locis
682 2410 1159 2484 perpendendum,
1208 2410 1344 2482 quid
1394 2431 1494 2483 per
1532 2430 1590 2468 se
1628 2412 1700 2468 sit
1736 2431 1830 2466 ve-

121 2479 310 2536 risimil
337 2481 501 2539 ‘mum
561 2501 672 2538 nec
732 2483 1172 2540 coniecturarum
1236 2483 1611 2567 probabilitati
1667 2483 1830 2539 laude

122 2570 229 2608 sua
260 2562 467 2626 erepta.
538 2553 621 2609 Ad
645 2554 783 2611 haec
802 2553 1043 2626 denique
1065 2554 1298 2624 accedit,
1338 2555 1487 2626 quod
1527 2555 1827 2624 Schnei-

121 2621 361 2694 (ἰοηιε,
408 2624 538 2682 dum
591 2626 776 2683 omnia
821 2626 992 2684 veluti
1040 2647 1165 2683 cum
1198 2627 1525 2700 ›pulvisculo
1563 2627 1828 2695 excussit,

122 2695 436 2757 anamodo
489 2698 797 2754 molestiam
843 2697 1064 2772 legendi
1107 2699 1246 2757 [talis
1281 2698 1658 2765 commentarii
1694 2699 1828 2754 insi·

121 2767 306 2838 gniter
337 2770 520 2839 auxit,
569 2769 668 2826 sed
704 2770 869 2826 etiam
905 2771 1075 2827 multa
1111 2770 1361 2843 argutius
1399 2778 1458 2825 et
1493 2789 1625 2826 varo
1661 2771 1827 2829 etiam

161 2838 388 2898 rolixius
431 2842 717 2912 tractavit,
758 2861 922 2913 quam
958 2843 1165 2899 rationi,
1191 2850 1341 2900 esset
1375 2851 1824 2900 consentaneum.

149 2909 429 2970 *utendum
478 2922 565 2970 est
598 2923 781 2970 tamen
819 2934 942 2970 eum
979 2914 1204 2970 omnino
1241 2913 1445 2987 insigni
1482 2933 1608 2971 cum
1645 2915 1827 2971 fructu

123 2981 179 3065 {a
241 2984 580 3043 emendando
628 3006 796 3059 opere
855 2986 1255 3056 elaboravisse,
1314 2985 1446 3043 licet
1503 2986 1825 3058 neutiquam

123 3050 600 3128 idaeos-squatus
648 3059 724 3114 sit
768 3057 919 3130 quod
973 3061 1245 3129 sequutus
1283 3066 1398 3128 est,
1435 3065 1499 3112 ut
1537 3058 1824 3114 Platonem

333 3130 693 3187 msibimet
733 3130 877 3204 ipsi
906 3131 1236 3188 restitueret.
1310 3128 1826 3204 Quamobrem‘ipse

126 3204 315 3266 pom
402 3200 916 3258 Additamenta
1005 3200 1086 3256 ad
1158 3198 1506 3258 Civitatis
1564 3203 1824 3275 {Plato-

126 3267 329 3326 nicae
387 3271 616 3332 libros
683 3273 920 3330 decem
985 3273 1178 3346 (Lips.
1226 3275 1375 3332 1854.
1423 3276 1516 3345 8.)
1563 3275 1823 3348 evulgare

125 3351 346 3398 coaeum
395 3353 495 3403 est-
568 3345 688 3402 -Ncc
742 3366 871 3403 vero
922 3347 1039 3404 cius
1087 3346 1471 3402 auc-toritatem
1510 3372 1606 3424 per
1644 3350 1822 3406 omnia
