2124 3744
366 157 432 206 <34
1000 150 1486 209 PLATONIS,

366 304 621 367 νομένου.

721 297 797 351 Οὐ
866 295 925 352 τὸ
985 296 1061 368 μὴ
1109 297 1452 368 βούλεσθαι,
1511 289 1673 363 ἦν“δ’

363 381 541 453 εἴπερ,
601 379 661 438 τὸ
718 380 793 452 μὴ
849 380 1138 437 δύνασθαι
1199 381 1549 436 διακωλύσει·

1742 297 1876 366 ἐγώ,
1933 296 2052 350 ἀλλ’

1608 379 1804 450 παρών
1859 382 1914 434 δὲ
1960 381 2064 446 τήν

366 465 415 535 γ’
470 463 606 535 ἐμὴν
649 469 982 537 προθυμίαν
1030 465 1174 521 ε’ίσει.
1217 466 1407 520 σκόπει
1450 469 1507 521 δὲ
1546 469 1638 526 καὶ
1666 469 1782 530 νῦν,
1829 462 1900 528 ὡς
1929 486 2064 534 προ-

367 548 568 621 θύμως
611 556 701 605 καὶ
746 553 1316 622 παρακινδυνευτικῶς
1354 554 1526 620 μέλλω
1571 554 1759 619 λέγειν,
1804 546 1892 603 ὅτι
1933 548 2061 603 τοὺ·

367 639 598 690 ναντίον
642 633 675 702 ἢ
723 638 825 690 νῦν
872 638 951 690 δεῖ
1010 637 1109 690 τοῦ
1174 635 1608 705 ἐπιτηδεύματος
1650 633 1856 690 τούτου
1900 631 2063 688 πόλιν

367 717 678 775 ἅπτεσθαι.

774 722 944 789 Πῶςό

1046 722 1362 790 Νῦνᾲμὲν,
1428 712 1498 786 ἦν
1553 718 1602 774 δ’
1667 718 1801 787 ἐγώ,

224 809 327 865 498
365 801 676 875 ἁπτόμενοι
717 803 975 876 μειράκια
1025 800 1165 859 ὅντα
1209 803 1338 874 ἄρτι
1383 810 1439 858 ὲκ
1482 807 1692 858 παίδων
1755 802 1816 856 τὸ
1861 802 2063 872 μεταξὺ

1858 721 1912 773 οἱ
1971 721 2064 771 καὶ

369 894 691 960 οἰκονομίας
733 892 825 944 καὶ
866 891 1252 959 χρηματισμοῦ
1313 887 1716 956 πλησιάσαντες
1761 886 1939 945 αὐτοῦ
1985 888 2063 955 τῷ

362 974 739 1045 χαλετωτοὲτῳ
786 971 1265 1037 ἀπαλλάττονται,
1312 978 1366 1029 οἱ
1392 974 1846 1049 φιλοσοφώτατοι
1874 970 2066 1027 ποιού-

484 1139 534 1180 Ε.
594 1136 756 1179 πόλιν
785 1135 1100 1190 ἅπτεσθαι]
1151 1137 1227 1178 Sic
1259 1137 1359 1178 Par.
1394 1138 1527 1180 ADK.
1560 1138 1665 1179 Ven.
1706 1137 1758 1179 ll.
1792 1135 1914 1178 Vind.
1943 1136 2064 1176 Mon.

370 1201 478 1250 Ang.
529 1197 624 1238 Vat.
668 1210 700 1237 r.
740 1209 821 1239 sex
861 1196 1100 1239 Florentini
1141 1201 1184 1238 et
1222 1195 1415 1238 fortasse
1452 1194 1553 1238 Vat.
1603 1194 1652 1237 Θ.

366 1253 663 1296 ἅπτεσθαι.

426 1395 536 1437 ἀλλ’
571 1397 760 1449 εἴπερ]
804 1407 865 1437 sc.
895 1408 939 1433 τι
968 1393 1179 1437 διακωλύ-

370 1469 449 1496 σει.
510 1453 735 1506 Frequens
767 1451 872 1493 haec
905 1456 974 1493 est
994 1459 1100 1506 post
1125 1454 1180 1506 εἰ,

371 1514 515 1566 εἴπερ,
547 1515 587 1552 εἴ
616 1527 723 1559 που,
763 1511 955 1562 εἴποτε,
997 1510 1033 1550 εἰ
1073 1509 1178 1564 ἄρα,

374 1571 493 1612 verbi
526 1571 631 1611 finiti
665 1568 864 1618 omissio,
898 1568 952 1609 de
972 1581 1054 1620 qua
1078 1574 1179 1623 post

303 1642 307 1646 ·
374 1627 802 1682 Hoogevenium
836 1627 985 1668 Doctr.
1021 1628 1178 1671 Partic.

373 1701 414 1741 p.
459 1685 547 1731 362
600 1699 664 1739 sq.
715 1690 897 1737 egerunt
942 1682 1180 1737 Wytten-

373 1744 523 1789 bach.
554 1744 607 1786 ad
641 1742 923 1785 Plutarch.

375 1802 432 1844 ad
465 1805 725 1915 Apopllon.p
730 1799 900 1845 ‚749-
909 1800 980 1845 51.
1005 1801 1073 1842 ed.
1100 1801 1183 1844 Ox,

373 1860 432 1902 Τ.
467 1862 519 1905 ll.
581 1860 742 1904 .-69
756 1859 825 1904 71.
861 1857 982 1912 Lipe.
1013 1858 1181 1900 Hein-

376 1918 518 1963 dorf.
548 1874 634 1960 pad
685 1915 937 1959 Parmenid.
988 1930 1030 1971 p.
1082 1916 1184 1962 255

374 1977 566 2019 Matth.
619 1976 698 2019 Gr.
743 1976 784 2026 ᾖ.
833 1974 932 2020 617.
991 1976 1182 2016 Antius

375 2035 429 2076 ad
453 2035 591 2089 Legg
610 2048 653 2088 p.
674 2033 773 2078 124.
799 2038 843 2075 et
861 2032 963 2076 492.
982 2057 1039 2064 —-
1070 2031 1182 2072 Πα-

376 2091 551 2149 ρόντα
584 2093 800 2134 εἰδέναι
831 2107 884 2131 τι
916 2095 985 2132 est
1021 2103 1180 2144 expe-

376 2149 577 2192 tiendo
609 2147 817 2202 aliquid
850 2149 1090 2190 novisse.

433 2206 770 2248 τούναντίον
803 2205 831 2258 ἢ
860 2206 1041 2258 wahe-J
1075 2219 1180 2248 mo-

378 2265 444 2308 do
493 2266 801 2307 contrario
828 2269 996 2316 atque
1045 2276 1179 2305 nuuc

378 2324 505 2366 fieri
537 2324 707 2365 solet.
741 2347 796 2352 --
861 2325 958 2363 τοῦ
999 2322 1181 2373 ἐπιτη-

378 2380 658 2436 δεύματος
710 2395 938 2431 τουτου,
988 2393 1051 2423 sc.
1101 2381 1180 2431 τῆς

379 2439 658 2495 φιλοσοφίας.
718 2439 783 2480 De
810 2450 887 2478 usu
904 2437 1022 2479 verbi
1053 2451 1182 2479 autt-

374 2502 489 2539 σθαι
537 2497 592 2541 cf.
642 2498 734 2538 libr.
783 2496 847 2540 ΙΙ.
894 2509 934 2550 p.
979 2495 1078 2539 377.
1122 2501 1181 2538 A:

372 2558 668 2610 γυμναστικῆς
709 2552 927 2609 πρότερον
965 2551 1125 2594 ἁπτέον
1157 2552 1182 2605 ἢ

372 2618 600 2685 μουσικῆς.
657 2612 775 2654 Infra
811 2613 883 2657 VI.
916 2625 957 2665 p.
985 2611 1105 2656 502.
1120 2611 1179 2652 D=

373 2669 482 2712 κατὰ
534 2672 665 2718 ποίας
712 2668 878 2721 ἡλικίας
925 2667 1183 2724 ἁπτόμενοι,

375 2743 439 2773 sc.
470 2733 555 2770 τῶν
583 2726 875 2782 μαθημάτων.
904 2727 1002 2770 Vll.
1021 2741 1063 2781 p.
1082 2727 1183 2771 535-

376 2788 429 2829 C.
471 2788 522 2831 D.
567 2800 611 2841 p.
656 2785 756 2830 539.
807 2787 857 2828 A.
906 2784 1185 2827 Plutarch.

378 2845 435 2886 de
476 2845 684 2887 Discrim.
728 2842 853 2885 Adul.
892 2848 936 2885 et
966 2845 1107 2886 Amic.
1143 2842 1184 2913 ξ...

379 2902 460 2947 24:
500 2902 610 2957 μετὰ
643 2904 791 2955 τέχνης
818 2899 1071 2955 ἁπτόμενον
1100 2904 1184 2942 τοῦ

377 2975 652 3072 3‘552‘3‘3‘332
662 2982 755 3059 ..Et
787 2959 959 3060 {33220
990 2972 1184 3059 Ἧὲιῖἷ.

379 3090 515 3130 aegre
564 3075 750 3117 subiecti
800 3075 1184 3117 commemoratio-

379 3147 480 3176 nem
521 3133 771 3184 desideres3
810 3132 927 3186 quod
960 3133 996 3175 si
1039 3134 1181 3184 abest,

377 3196 471 3233 tota
502 3191 609 3234 haec
648 3204 783 3233 causa
823 3203 908 3233 non
944 3190 997 3232 ad
1030 3190 1183 3232 civita-

378 3254 467 3291 tem
498 3251 716 3303 pertinere
746 3248 973 3299 videbitur.
1035 3249 1183 3290 Acce-

379 3306 465 3361 dit,
496 3306 642 3359 quod,
676 3307 840 3349 omisso
871 3304 1026 3357 πόλιν,
1059 3307 1182 3347 <scri-

379 3369 500 3418 ptum
536 3365 729 3416 oportuit
769 3362 1024 3406 τούναντίον
1054 3362 1183 3404 πάλιν

379 3420 406 3474 ἢ
437 3425 513 3463 νῦν
542 3423 608 3464 δεῖ
636 3438 672 3462 κ.
706 3439 743 3465 τ.
762 3423 796 3461 λ.
844 3421 949 3475 ΥΝοο
982 3420 1180 3474 profecto

961 1741 1186 1786 consolat.

1727 1195 1867 1248 Vulgo
1909 1191 1976 1235 ποί
1989 1193 2066 1233 λιν

1264 1396 1422 1438 frustra
1461 1406 1576 1436 nunc
1613 1394 1771 1436 iterum
1807 1391 1971 1443 πόλεως
2000 1394 2063 1435 in-

1261 1454 1375 1497 iecta
1406 1453 1570 1494 mentio
1602 1459 1683 1494 est.
1726 1451 1834 1495 Nam
1855 1464 2068 1504 quaerere

1264 1510 1449 1553 instituit
1478 1509 1787 1564 philosophus,
1833 1511 1930 1550 τίνα
1960 1508 2066 1563 τρό-

1264 1584 1345 1611 πον
1374 1568 1758 1623 μεταχειριζομένη
1798 1566 1963 1614 πόλις
1994 1584 2065 1621 φι-

1264 1626 1476 1682 λοσοφίαν
1508 1624 1559 1667 οὗ
1589 1626 1818 1678 διολεῖται,
1850 1638 2066 1679 quomo-

1266 1685 1332 1727 do
1409 1684 1732 1738 respublica
1813 1685 2068 1726 tractare

1268 1741 1693 1798 philosophiam
1733 1741 1960 1793 debeat,
2010 1745 2068 1783 ut

1267 1815 1334 1843 ne
1365 1801 1484 1855 ipsa
1515 1801 1774 1844 intereat.
1820 1800 2069 1842 Probarunt

1267 1859 1398 1900 πόλιν
1421 1860 1553 1900 etiam
1591 1858 1890 1911 Bekkerus,
1924 1858 2068 1898 Asti-

1269 1930 1353 1968 us,
1399 1919 1448 1960 Α.
1481 1915 1754 1958 Matthiae
1798 1915 1980 1959 praefat.
2012 1914 2067 1956 ad

1267 1976 1480 2016 Alcaeum
1511 1988 1551 2028 p.
1587 1973 1661 2015 Vll
1699 1986 1792 2027 sqq.

1325 2031 1494 2076 P-498.
1527 2030 1585 2073 τὸ
1620 2030 1817 2086 μεταξὺ
1855 2033 2066 2072 οἰκονο-

1264 2092 1400 2146 μίας
1439 2106 1493 2131 τε
1538 2088 1625 2130 καὶ
1667 2093 2069 2145 χρηματισμοῦ

1265 2148 1376 2202 πλ.]
1417 2149 1681 2190 Germanice
1711 2147 1848 2189 dicas:
1889 2147 2067 2190 indem

1267 2207 1346 2248 sie
1407 2205 1522 2247 sich
1585 2218 1640 2246 so
1703 2204 2070 2248 mittenduroh

1266 2263 1537 2306 zwischen
1569 2263 2069 2306 derHausverwal-

1265 2328 1398 2376 tung
1427 2321 1529 2363 und
1562 2321 1676 2364 dem
1699 2322 1919 2364 Erwerb
1951 2321 2068 2364 dem

1266 2376 1855 2422 schwersten‘Theile
1894 2379 2069 2421 davon

1267 2437 1502 2492 genahet
1567 2436 1767 2488 haben,
1846 2436 2067 2480 macheu

1269 2496 1346 2537 sie
1394 2494 1510 2537 sich
1557 2494 1760 2546 davon,
1809 2496 1914 2547 aie,
1958 2495 2070 2537 ‚die

1270 2553 1403 2596 noch
1437 2567 1509 2595 am
1544 2555 1787 2595 meisten
1819 2552 2068 2607 philoso-

1270 2610 1457 2666 phiach
1488 2609 1716 2654 werden.
1776 2612 1936 2665 Itaque
1964 2610 2068 2653 illud

1270 2668 1320 2710 τὸ
1355 2684 1489 2725 μετα
1471 2666 1516 2712 ξι)
1549 2670 1801 2723 οἰκονομίας
1819 2684 1866 2710 τε
1881 2669 2069 2721 καὶχρη-

1268 2730 1495 2782 ματισμοῢ
1567 2728 1842 2780 interpretari
1903 2727 2068 2769 licebit.

1269 2787 1493 2828 interea
1520 2783 1653 2827 dum
1684 2784 1766 2835 rei
1798 2785 2067 2827 familiari

1269 2848 1324 2886 et
1373 2845 1634 2897 quaestui
1675 2839 1913 2886 student.
1964 2842 2066 2884 He-

1268 2901 1510 2955 sychiust
1573 2898 1801 2954 μεταξύ·
1854 2901 2067 2955 ἐξαίφνης,

1267 2958 1366 3014 μετ’
1407 2957 1579 3014 σ’λίγον,
1619 2955 1719 2998 ἆνά
1766 2960 1946 3012 μέσον.
2005 2959 2067 2999 ΙΙ·-

1267 3017 1342 3059 lud
1388 3016 1496 3057 ὄντα
1543 3027 1620 3069 per
1659 3017 1965 3058 attractionem
2013 3015 2065 3057 ad

1267 3072 1469 3131 μειράκια
1498 3085 1658 3127 genere
1689 3075 2067 3118 accommodatum

1267 3137 1360 3182 est,
1397 3145 1482 3173 usu
1514 3131 1716 3183 loquendi
1750 3145 1834 3173 non
1865 3133 1924 3174 ita
1955 3146 2070 3175 raro.

1269 3190 1431 3239 Verba:
1463 3190 1508 3229 οἱ
1535 3189 1889 3243 φιλοσοφώτατοι
1917 3189 2068 3231 notor)-

1264 3263 1388 3304 μενοι
1421 3259 1518 3288 cum
1546 3247 1745 3290 irrisione
1766 3247 1957 3302 quadam
1991 3261 2070 3302 per
2123 3266 2124 3286 ;

1266 3305 1585 3359 appositionem
1638 3305 1783 3347 addita
1831 3310 1956 3354 sunt,
2014 3306 2069 3346 de
2122 3309 2124 3317 ’

1266 3375 1352 3416 quo
1385 3375 1546 3416 genere
1578 3361 1778 3405 dictionis
1808 3377 1847 3407 v.
1883 3376 1978 3405 ann.
2013 3363 2065 3404 ad

1267 3421 1431 3464 Criton.
1466 3435 1507 3474 p.
1537 3420 1606 3464 51.
1630 3422 1685 3462 A.
1750 3421 1954 3464 Ceterum
1986 3421 2064 3463 fal-
