2098 3658
338 159 404 210 54
946 154 1419 212 P·LATOleS

337 306 736 373 διαλεγομένων
807 301 964 373 ὴμῶν
1018 302 1222 374 μεταξὺ
1280 302 1438 377 ὥρμα
1504 303 2035 377 ἀντιλαμβάνεσθαι

250 427 256 433 -
335 392 436 442 τοῦ
484 385 682 456 λόγου,
743 389 931 441 ἔπειτα
989 386 1096 443 ὑπὸ
1160 392 1269 443 τῶν
1313 394 1810 462 παρακαθημένων
1853 393 2036 446 διεκω·

335 470 498 525 λύετο
544 473 899 541 βουλομένων
938 475 1231 528 διακοῦσαι
1280 473 1383 530 ’τὸν
1426 475 1628 543 λόγον·
1684 474 1758 539 ὠς
1815 477 1872 530 δὲ
1931 479 2034 530 διε-

334 553 683 626 παυσάμεθα
752 558 845 610 καὶ
917 554 1017 626 ἐγώ
1078 557 1238 612 ταῦτ’
1309 556 1496 624 εἷπον,
1567 557 1748 615 οὐκέτι
1801 557 2036 631 ἡσυχίαν

333 631 491 708 ἦγεν,
559 638 708 694 ἀλλὰ
770 646 1090 718 συστρέψας
1151 639 1354 698 ἑαυτὸν
1409 641 1587 718 ὥςπερ
1640 647 1852 716 θηρίον
1905 637 2037 711 ἧκεν

332 725 425 794 ἐφ’
479 721 629 795 ἡμᾶς
665 722 740 788 ὡς
785 725 1249 798 ὁιαρπασόμενος.
1310 731 1402 783 καὶ
1447 727 1548 798 ἐγώ
1597 750 1654 783 τε
1701 731 1792 782 καὶ
1837 727 1866 784 ὁ
1912 732 2034 785 Πο-

333 810 601 879 λέμαρχος
645 812 922 874 δείσαντες
964 811 1399 883 διεπτοήθημεν.
1459 810 1488 868 ὁ
1537 812 1588 867 δ’
1642 819 1716 876 εἰς
1760 809 1825 870 τὸ
1869 818 2038 882 μέσον

332 893 728 966 φθεγξάμενος
777 897 887 958 Τίς,
931 898 1066 972 ἔφη,
1098 883 1261 966 ὑμεῖς
1305 896 1483 951 πάλαι
1529 901 1778 970 φλυαρία
1822 900 1944 969 ἔχει,
1990 891 2031 952 ὦ

332 977 663 1050 Σώκρατες,
725 982 818 1033 καὶ
876 981 931 1033 τί
975 979 1315 1048 εὐηθίζεσθε
1367 981 1506 1052 πρὸς
1547 980 1842 1049 ἀλλήλους
1894 981 2032 1039 ὑπο-

330 1062 790 1132 κατακλινόμενοι
835 1062 969 1135 ὑμῖν
1009 1063 1232 1133 αὐτοῒςς
1292 1062 1422 1120 ἀλλ’
1483 1066 1631 1134 εἴπερ
1678 1064 1749 1130 ὡς
1793 1067 2033 1134 άληθῶς

328 1145 513 1215 βούλει
559 1151 757 1204 εἰδέναι
801 1146 865 1203 τὸ
912 1151 1128 1205 δίκαιον
1172 1146 1202 1205 ὅ
1249 1171 1301 1204 τι
1346 1140 1473 1215 ἐστί,
1525 1148 1601 1221 μὴ
1645 1148 1823 1221 μόνον
1851 1150 2030 1222 ἐρώτα

444 1313 550 1366 Cap.
580 1314 637 1354 X.
696 1312 750 1353 P.
780 1313 881 1359 336.
943 1314 997 1355 D.
1061 1312 1142 1355 ὅτι
1181 1313 1238 1356 τὸ
1281 1314 1407 1358 δέον,
1445 1315 1590 1369 ἐστὶ]
1636 1313 1686 1356 τὸ
1716 1314 1884 1357 δίκαιον
1914 1318 2028 1358 ven.

330 1366 384 1413 Π.
420 1369 519 1413 Par.
553 1370 655 1412 DK.
691 1370 809 1413 Mon.
843 1372 960 1413 Flor.
990 1372 1036 1424 β.
1107 1376 1218 1416 Ante
1247 1371 1307 1428 μὴ
1340 1371 1451 1428 ἐρεῖς
1492 1373 1622 1416 deest
1653 1388 1727 1424 μοι
1761 1375 1806 1416 in
1837 1374 1940 1417 Par.
1977 1375 2029 1416 Κ.

326 1427 483 1469 Ambr.
516 1427 632 1470 Mon.
668 1428 785 1471 Flor.
818 1443 860 1471 x.
891 1429 937 1481 ῥ’.

326 1567 523 1610 rodicnm
556 1571 730 1612 solitum
767 1570 912 1614 dicere
940 1571 1132 1630 Thrasy-

325 1625 504 1679 macho,
538 1641 634 1672 eum
668 1641 840 1681 semper
869 1629 1133 1684 Thrasyma-

324 1680 450 1727 chuin
491 1701 617 1737 esse,
662 1687 719 1741 jut
765 1686 918 1729 Conon
958 1687 1133 1731 dicebat

321 1742 634 1798 Thrasybulum
703 1756 805 1787 vere
860 1758 911 1787 ac
974 1749 1132 1789 merito

320 1800 635 1854 Thrasybulum
663 1803 821 1846 vocari.
863 1806 895 1845 A
910 1802 961 1844 tl·
975 1818 1033 1846 en
1046 1819 1070 1847 a
1082 1818 1130 1846 e-

321 1870 382 1900 us
413 1859 485 1902 lib.
515 1861 567 1903 ll.
611 1857 825 1912 διαβάλλει
867 1859 914 1902 δὲ
959 1857 984 1902 ό
1018 1859 1129 1904 Πλά-

322 1930 406 1957 των
453 1919 522 1959 καὶ
566 1915 852 1972 Θρασύμαχον
899 1918 1127 1974 Χαλκηδό·

322 1988 419 2016 νιον
452 1974 686 2030 σοφιστήν,
730 1974 884 2028 ὅμοιον
927 1973 1036 2020 εἶναι
1066 1978 1128 2019 λέ-

321 2046 412 2087 γων
457 2035 518 2090 τῷ
567 2031 788 2086 ὁνόματι.“
849 2034 1122 2079 Muretus.

321 2115 379 2122 —
440 2092 573 2134 Plura
621 2093 677 2136 de
715 2092 1125 2146 Thrasymacho

319 2149 403 2191 iam
442 2163 570 2204 supra
599 2152 653 2192 acl
685 2165 729 2205 p.
758 2150 858 2195 328.
889 2151 942 2193 B.
988 2166 1125 2207 expo-

319 2207 498 2252 suimus.
566 2209 670 2250 Vid.
721 2211 846 2251 etiam
897 2210 1120 2264 Prosopo-

319 2267 468 2325 graph.
502 2265 674 2308 Platon.
714 2280 754 2319 ρ.
785 2266 872 2312 407
902 2281 1022 2321 seqq.

409 2323 813 2377 διαλεγομένων
879 2321 1024 2379 ἡμῶν
1079 2341 1120 2376 μ.

319 2381 467 2439 ὥρμα
499 2380 1032 2438 α’ντιλζαμβάνεσθαι]
1056 2384 1121 2425 En

317 2445 521 2486 rusticam
566 2439 749 2483 hominis
791 2440 1121 2493 vehementiam,

315 2502 387 2555 qui
427 2515 478 2543 se
514 2501 758 2554 importune
808 2502 995 2541 sermoni
1043 2502 1121 2542 im-

318 2561 502 2601 miscere
533 2556 758 2599 studuerit.
801 2552 1120 2611 Ἀντιλαμβάνε-

316 2617 424 2658 σθαι
455 2616 535 2658 τοῦ
565 2611 701 2668 λόγου
746 2616 856 2657 enim
903 2629 1022 2658 nunc
1054 2622 1122 2659 est

314 2686 621 2717 sermonem
668 2674 1119 2728 intercipere,

313 2733 388 2775 ita
429 2737 489 2773 ut
519 2744 656 2785 quae
696 2731 760 2773 ab
806 2732 928 2773 aliis
962 2733 1121 2774 dicta

314 2789 445 2847 sulnt
484 2788 883 2846 refprehenndas3
937 2790 1119 2832 dicen-

313 2854 422 2890 tem
470 2848 878 2900 interpellare,
937 2849 1010 2890 ita
1064 2854 1118 2890 ut

315 2906 416 2947 tibi
465 2905 568 2959 ipsi
624 2904 978 2948 audientiam
1043 2906 1117 2947 fa-

316 2964 448 3005 cias.
527 2963 696 3015 Neque.
729 2963 839 3004 enim
888 2963 970 3005 hoc
1018 2965 1116 3005 loco

313 3021 551 3074 simplicem
617 3019 745 3061 habet
776 3034 800 3061 c
822 3034 847 3061 o
869 3034 892 3062 n
915 3027 933 3062 t
948 3035 968 3063 r
986 3035 1012 3063 a
1030 3021 1057 3062 ‹l
1076 3022 1112 3061 i-

314 3077 479 3119 cendi
543 3083 594 3119 et
658 3078 1115 3130 reprehendendi

309 3136 688 3188 significationem,
738 3148 822 3188 qua
872 3137 972 3178 alibi
1025 3135 1117 3178 fere

315 3197 561 3246 usurpatur.
602 3214 655 3223 —·
725 3190 855 3234 διαλ.
909 3190 985 3247 ἦμ.
1033 3207 1111 3244 με·

315 3247 471 3303 ταξό,
519 3250 677 3291 nobis
719 3250 897 3292 adhuc
938 3251 1113 3292 disse—

314 3309 581 3350 rentibus.
633 3309 814 3361 Apolog.
862 3307 1032 3350 Socrat,
1072 3322 1114 3362 p.

313 3366 383 3410 40.
430 3365 488 3407 B:
538 3363 686 3417 ἐπέσχε
735 3364 909 3418 λέγοντα
945 3365 1114 3420 μεταξύ,

313 3424 384 3465 ubi
417 3437 455 3466 v.
481 3428 624 3465 annot.
689 3424 941 3466 Proximum
976 3425 1115 3466 ἔπειτα

1218 1587 1301 1616 non
1332 1581 1419 1618 tam
1461 1588 1520 1618 ac
1551 1571 1782 1619 deinde.
1816 1580 2028 1627 postea.

1218 1632 1451 1686 significat,
1514 1647 1640 1688 quam
1691 1639 1871 1685 atque*
1905 1638 2028 1679 tum,

1217 1695 1264 1730 ut
1295 1703 1399 1733 vere
1439 1693 1608 1734 monuit
1647 1690 1939 1734 Heindorf.
1973 1692 2026 1731 ad

1218 1746 1382 1802 Cratyl.
1430 1763 1471 1803 p.
1509 1750 1610 1794 411.
1650 1749 1702 1790 Β.
1780 1747 1855 1789 Sic
1906 1749 2028 1802 posi—

1221 1812 1311 1847 tum
1359 1813 1427 1848 est
1457 1810 1592 1851 etiam
1624 1808 1813 1862 Apolog.
1847 1805 2024 1847 Socrat.

1219 1876 1259 1916 p.
1292 1863 1363 1908 23.
1395 1864 1447 1906 C.

1274 1921 1588 1976 συστρέψας
1615 1918 1822 1962 ἑαυτὸν
1850 1921 1937 1974 -]
1969 1934 2028 1961 se

1214 1980 1393 2034 ipsum
1434 1982 1714 2033 colligens
1753 1980 1911 2032 quasi
1956 1979 2024 2018 fo-

1213 2049 1271 2078 ra
1302 2052 1402 2080 nos
1433 2039 1659 2080 invasit.
1689 2037 1811 2080 -Nam
1847 2036 2023 2090 συστρέ-

1212 2108 1313 2147 φειν
1341 2093 1502 2137 ἑαυτόν
1532 2101 1686 2138 estse
1724 2094 2021 2137 contrahe-

1210 2167 1269 2195 re
1300 2159 1353 2195 et
1384 2153 1676 2208 colligere,
1708 2163 1822 2206 'quo
1854 2153 2022 2206 impe-

1209 2217 1294 2254 tus
1328 2212 1430 2253 siat
1459 2211 1865 2254 vehementior.
1911 2211 2023 2253 Mu—

1209 2275 1361 2311 retus
1395 2271 1554 2323 aliique
1588 2270 1850 2321 interpretes
1867 2269 2021 2322 imagi-

1208 2340 1303 2369 uem
1349 2342 1371 2368 a
1414 2327 1848 2381 serpente‘petitam
1895 2332 2020 2368 autn-

1208 2389 1347 2427 mant:
1379 2386 1419 2427 in
1450 2397 1534 2438 qua
1555 2398 1603 2427 re
1636 2396 1793 2426 vereor
1821 2389 1870 2425 ut
1902 2390 2021 2426 recte

1205 2443 1516 2486 iudicaverint.
1574 2441 1786 2494 Sequitur
1817 2442 1928 2483 enim
1961 2439 2022 2482 ὥς

1208 2498 1572 2555 διαρπασόμενοε.
1635 2501 1726 2542 lmo
1759 2500 1926 2553 θηρίον
1954 2501 2020 2542 ia·

1206 2560 1318 2601 tiore
1353 2572 1484 2601 sensu
1503 2557 1800 2611 accipiendum
1837 2564 1904 2600 est
1923 2571 2017 2600 om—

1207 2618 1309 2659 nino
1338 2617 1394 2659 de
1430 2617 1562 2659 feroci
1592 2616 1749 2667 bestia,
1787 2627 1900 2669 quae
1928 2616 2016 2657 ictu

1207 2687 1411 2716 morsuve
1422 2675 1654 2728 perniciem
1672 2674 1813 2714 affert.
1847 2674 2016 2717 Quem—

1206 2732 1439 2774 admodum
1486 2732 1599 2773 enim
1639 2727 1788 2783 ἀλῆναι
1840 2738 1885 2772 et
1934 2733 2015 2772 alia

1206 2790 1338 2831 verba
1355 2793 1566 2843 cognatae
1580 2786 1910 2841 significationis
1931 2801 2015 2830 non
2096 2812 2098 2832 2

1204 2850 1347 2890 solum
1379 2846 1434 2888 de
1455 2847 1746 2899 serpentibus,
1778 2847 1856 2888 sed
1889 2847 2013 2888 etiam
2089 2851 2091 2854 ⁴

1203 2905 1259 2947 de
1286 2906 1418 2958 apris,
1449 2905 1662 2954 leonibus,
1696 2904 1896 2956 adeoque
1921 2905 2012 2945 bel-

1203 2963 1409 3005 latoribus
1448 2962 1534 3002 dici
1567 2967 1913 3014 consueverunt,
1953 2962 2012 3003 ita

1203 3021 1327 3063 etiam
1360 3018 1619 3073 συστρέφειν
1650 3017 1809 3059 ἑαυτόν
1838 3020 2013 3062 omnino
2083 3039 2085 3059 ι

1203 3077 1258 3119 de
1295 3078 1436 3119 bellua
1481 3076 1562 3118 ‹iici
1595 3081 1714 3118 recte
1745 3079 1911 3130 potuit..
1953 3077 2012 3118 si-

1201 3137 1287 3176 cuti
1319 3142 1388 3176 est
1409 3134 1525 3188 apud
1560 3134 1852 3176 Homerum
1886 3135 2009 3177 Iliad.
2080 3167 2081 3171 ,

1200 3191 1242 3234 ύ.
1266 3207 1303 3237 v.
1324 3193 1409 3237 164
1429 3206 1539 3245 ὅσῳ,
1572 3193 1644 3232 ubi
1677 3203 1731 3231 v.'
1754 3192 2008 3234 Eustath.
2078 3223 2079 3239 ³

1202 3265 1239 3292 v.
1277 3251 1464 3293 Astius
1498 3249 1551 3291 ad
1584 3247 1623 3290 h.
1659 3252 1682 3293 l.

1256 3307 1334 3349 εἰς
1374 3305 1431 3348 τὸ
1478 3307 1645 3359 μέσον
1692 3305 2025 3361 φθεγξάμε-’

1201 3367 1320 3420 vos]
1353 3366 1410 3410 H.
1445 3379 1482 3407 e.
1516 3378 1700 3407 omnes
1733 3367 1894 3408 simul
1927 3368 2003 3407 in·

1202 3435 1450 3479 crepans,
