2098 3658
713 179 928 235 LIBRI
968 179 1284 248 QUARTI.
1394 202 1399 208 ·
1756 180 1859 231 313

153 326 382 399 piditate
455 326 780 380 continetur.
862 321 1087 376 Accidit
1160 326 1299 378 enim
1374 323 1688 396 saepissime
1708 364 1722 390 ,
1801 332 1860 375 ut

154 400 308 469 quis,
368 397 499 451 licet
553 404 719 469 potus
780 402 875 447 aut
929 394 1038 448 cibi
1087 396 1392 466 cupiditate
1442 397 1702 449 incensus
1766 395 1858 460 sit,

152 482 331 523 tamen
390 477 615 541 propter
672 475 852 521 certas
913 466 1178 536 quasdam
1244 487 1440 522 causas
1510 466 1700 521 bibere
1765 477 1861 520 aut

154 542 315 596 edere
383 541 536 594 nolit.
641 537 917 608 Quocirca
999 539 1140 592 inest
1209 540 1469 609 quiddam
1527 539 1584 591 in
1651 538 1860 601 anime,

154 613 303 684 quod
362 613 635 668 sitientem
672 618 784 664 'aut
835 610 1164 664 esurientem
1218 618 1261 663 a‘
1302 610 1623 684 cupiditatis
1677 610 1860 682 exple·

154 687 301 739 tione
364 683 683 756 prohibeat,
753 681 991 751 ideoque
1056 702 1089 735 a
1150 683 1457 755 cupiditate
1504 688 1702 735 natura
1762 700 1862 735 sua

154 757 450 827 discrepet.
533 753 622 807 Ea
667 772 798 806 vero
861 754 1040 806 ratio
1079 763 1193 823 est,
1262 775 1402 826 quae
1463 772 1858 823 saepenumero

154 826 549 899 cupiditatibus
587 824 927 878 adversatur.
999 825 1155 879 Haec
1193 827 1363 898 igitur
1400 826 1447 882 si
1495 843 1622 878 vere
1674 823 1861 896 dispu-

155 909 274 955 tata
321 906 478 967 sunt,
529 895 672 951 duae
721 897 831 950 iam
879 895 1272 953 discernendae
1323 905 1454 953 sunt
1490 897 1656 950 animi
1676 895 1858 963 sires,

155 972 327 1026 altera
363 970 427 1023 τὸ
465 967 812 1037 λογιστικόν,
851 969 1025 1022 altera
1060 968 1092 1035 ἡ
1132 975 1413 1024 ἐπιθυμία
1450 989 1494 1024 s.
1532 967 1597 1022 τὸ
1637 961 1862 1031 ἄλογον.

153 1037 235 1097 Αἱ
288 1042 430 1096 enim
480 1059 610 1094 vero
659 1040 717 1093 in
766 1039 870 1094 hac
929 1040 1151 1110 quidem
1211 1042 1409 1097 virium
1472 1040 1862 1094 distributione

153 1114 314 1168 nobis
361 1111 607 1167 nondum
656 1111 1135 1182 acquiescendum.
1202 1114 1365 1167 rNam
1415 1112 1740 1185 cupiditatis
1778 1112 1863 1166 vis

155 1204 344 1240 rursus
392 1185 449 1238 in
494 1184 632 1238 duas
688 1191 873 1256 partes
912 1183 1154 1256 dispesci
1191 1193 1412 1258 potest,
1460 1204 1691 1256 quarum
1713 1185 1865 1238 *alte-

156 1277 271 1312 ram
320 1254 384 1311 τὸ
424 1257 761 1325 θυμοειδὲς,
814 1256 1043 1310 alteram
1091 1256 1155 1311 τὸ
1207 1257 1627 1327 ἐπιθυμητικόν
1665 1275 1866 1310 vocare

155 1331 302 1384 licet.
373 1328 595 1382 Etenim
631 1325 662 1382 ὁ
702 1325 928 1398 θυμός,
977 1327 1244 1383 iracunda
1288 1330 1456 1384 animi
1493 1347 1649 1401 pars,
1702 1347 1868 1400 saepe

155 1422 280 1456 cum
318 1400 568 1473 appetitu
603 1407 792 1454 nostro
831 1408 888 1453 et
925 1400 1235 1472 cupiditate
1270 1410 1486 1476 pugnat
1512 1401 1672 1472 eique
1709 1401 1867 1470 quasi

155 1473 436 1538 irascitur3
484 1472 660 1540 idem,
711 1471 891 1526 sicubi
937 1473 1079 1526 ratio
1127 1492 1251 1527 cum
1300 1473 1699 1546 cupiditatibus
1732 1491 1864 1527 con-

159 1544 418 1613 flictatur,
454 1544 603 1598 illius
640 1543 1004 1598 imbecillitati
1041 1562 1369 1601 succurrens
1405 1546 1596 1616 efficit,
1621 1552 1684 1599 ut
1700 1550 1777 1598 'ne
1805 1563 1869 1599 ea

159 1618 514 1691 opprimatur.
598 1615 689 1669 Ex
738 1635 848 1687 quo
897 1625 1127 1689 apparet
1174 1616 1275 1672 τὸν
1331 1617 1527 1687 θυμόν
1564 1636 1608 1672 S.
1650 1615 1715 1671 τὸ
1757 1620 1869 1671 θυ-

157 1692 379 1758 μοειδές
438 1706 472 1742 a
528 1687 924 1760 cupiditatibus
979 1689 1141 1762 plane
1192 1689 1468 1745 diversum
1516 1709 1655 1745 esse.
1741 1689 1866 1743 Nec

159 1761 339 1815 minus
376 1780 410 1814 a
445 1761 722 1814 ratione
760 1758 968 1814 differt:
1019 1760 1077 1814 id
1115 1762 1265 1831 quod
1302 1782 1470 1833 quum
1507 1782 1535 1816 e
1574 1761 1869 1833 superiori-

159 1834 263 1888 bus
300 1832 670 1906 cognoscitur,
707 1839 825 1885 tum
861 1831 990 1887 inde
1027 1834 1259 1888 maxime
1295 1834 1657 1907 perspicitur,
1720 1832 1870 1904 quod

167 1906 345 1959 ‘ueris
392 1905 501 1958 iam
548 1904 697 1957 inest
731 1903 844 1968 ira3
891 1906 1035 1958 ratio
1073 1913 1256 1960 autem
1295 1926 1417 1961 sero
1457 1905 1674 1960 demum
1714 1923 1870 1959 acce-

197 1976 242 2030 it
300 1975 550 2046 adeoque
609 1974 887 2030 interdum
950 1975 1219 2050 perpetuo
1280 1977 1578 2034 desiderari
1634 1976 1868 2032 videtur.

163 2049 226 2104 P.
262 2050 388 2104 435.
425 2050 496 2103 A.
534 2079 604 2088 ——
641 2049 764 2103 441.
804 2045 870 2100 B.
1814 2066 1817 2067 ⁷

303 2192 355 2245 A
396 2199 555 2264 paret
589 2191 762 2266 igitur
795 2197 910 2247 tres
948 2190 1342 2248 discernendas
1381 2210 1503 2248 esse
1541 2192 1709 2248 animi
1743 2190 1870 2267 par·

164 2272 262 2318 tes.
347 2210 507 2332 &uae
556 2282 782 2337 prorsus
836 2264 1172 2336 respondent
1221 2265 1396 2320 tribus
1446 2265 1552 2322 illis
1589 2266 1872 2321 hominum

161 2334 447 2391 ordinibus
484 2335 541 2389 in
593 2335 815 2390 civitate
863 2337 1195 2410 conspicuis.
1279 2337 1429 2392 Nam
1475 2337 1538 2392 τὸ
1591 2336 1871 2414 ἐπιθυμή-

163 2407 321 2460 τικόν
367 2406 666 2480 respondet
717 2410 796 2478 τῷ
840 2411 1287 2480 χρηματιστικῷς
1337 2411 1401 2465 τὸ
1444 2412 1752 2483 θυμοειδές
1799 2411 1872 2466 si-

165 2478 291 2533 mile
329 2488 418 2533 est
453 2481 532 2539 τῶ
569 2483 933 2550 ἐπικουρικῷ;
987 2480 1224 2553 denique
1264 2481 1326 2536 τὸ
1368 2482 1689 2547 λογιστικόν
1727 2482 1871 2538 idem

166 2559 253 2604 est
297 2549 447 2621 quod
499 2551 554 2605 in
603 2551 826 2606 civitate
870 2553 935 2605 τὸ
986 2553 1319 2628 φυλακικῶν.
1394 2554 1553 2623 Quae
1592 2554 1760 2626 quum
1797 2555 1876 2608 ita

166 2623 312 2692 sint,
353 2622 651 2694 sapientia,
691 2622 981 2695 fortitudO,
1017 2627 1379 2698 temperantia
1419 2633 1474 2680 et
1511 2627 1724 2683 iustitia
1762 2647 1873 2681 non

167 2693 331 2749 modo
379 2695 589 2750 civitati
641 2693 742 2749 sed
795 2696 961 2751 etiam
1008 2697 1240 2770 singulis
1288 2698 1601 2754 hominibus
1648 2707 1875 2772 prorsus

168 2766 362 2822 iisdem
414 2767 719 2822 rationibus
765 2768 1058 2823 tribuenda
1106 2778 1206 2824 est.
1281 2769 1358 2823 Et
1408 2770 1707 2825 iustitia
1754 2770 1875 2842 qui-

168 2836 320 2904 dem,
370 2840 626 2910 quoniam
674 2839 730 2893 in
781 2839 1003 2894 civitate
1054 2859 1117 2894 ea
1172 2842 1348 2896 virtus
1404 2861 1526 2897 esse
1563 2841 1874 2911 videbatur,

171 2926 280 2983 qua
324 2911 529 2984 singuli
580 2911 782 2966 civium
833 2910 1055 2967 ordines
1101 2933 1202 2968 suo
1255 2921 1421 2984 atque
1467 2915 1693 2988 proprio
1754 2914 1874 2977 fun—

177 2987 379 3053 guntur
426 3002 671 3052 munere,
711 3002 780 3037 ne
820 2984 872 3037 in
912 2985 1093 3039 animo
1135 2984 1355 3056 quidem
1397 2985 1546 3041 aliud
1585 2986 1717 3057 quid
1755 3006 1875 3042 esse

176 3060 387 3123 potest,
441 3056 547 3110 uisi
598 3077 663 3109 ea
715 3054 1054 3111 diversarum
1101 3057 1298 3112 virium
1348 3060 1519 3128 ratio,
1584 3078 1694 3131 qua
1743 3079 1875 3113 una-

177 3143 425 3196 quaeque
474 3146 575 3183 sua
612 3128 831 3202 peragit
865 3128 1091 3201 negotia
1126 3149 1228 3183 nec
1268 3130 1501 3203 suscipit
1534 3131 1733 3201 aliena,
1775 3131 1876 3186 hoc

175 3204 289 3261 est,
348 3216 458 3267 qua
492 3198 557 3253 τὸ
598 3199 920 3270 λογιστικόν
958 3201 1207 3274 imperat,
1244 3200 1310 3256 τὸ
1353 3206 1661 3272 θυμοειδές
1699 3211 1877 3257 autem

178 3268 306 3321 huic
337 3268 564 3340 imperio
601 3278 758 3344 paret
794 3281 957 3343 atque
995 3273 1328 3344 opitulatur,
1369 3295 1479 3347 quo
1517 3276 1878 3348 cupiditatum

182 3338 486 3422 petulantia
538 3344 862 3427 reprimatur
918 3353 974 3399 et
1048 3354 1384 3401 coerceatur.
1440 3347 1591 3418 *Qui
1661 3346 1879 3420 quidem

180 3412 512 3483 singularum
548 3417 744 3472 virium
785 3425 1088 3472 concentus
1130 3426 1189 3472 ut
1219 3418 1510 3489 efficiatur,
1554 3421 1613 3475 τὸ
1644 3424 1877 3489 'loyran-
