2124 3744
338 170 432 218 172

982 162 1471 216 PLATONIS

333 313 394 368 τὸ
446 316 564 387 φῶς
611 318 700 366 και
747 319 801 366 ἐκ
852 314 948 365 τοῦ
997 316 1289 377 καταγείου
1351 316 1424 371 εὶς
1487 307 1583 363 τὸν
1631 308 1786 375 ἥλιον
1831 304 2033 363 ἐπάνο-

333 403 442 461 δος,
486 401 576 451 καὶ
623 403 730 450 ἐκεῖ
772 394 911 466 πρὸς
954 399 1054 462 μὲν
1100 395 1167 448 τα
1217 393 1325 460 ζῶσί

1393 416 1445 447 τε
1492 397 1584 446 καὶ
1628 392 1777 467 quw}
1827 393 1918 445 καὶ
1966 391 2028 447 τὸ

445 592 549 644 Cap.
585 590 703 631 Xlll.
738 586 817 631 ἐπ’
849 586 1127 643 ἀδυναμίᾳ
1158 587 1415 641 βλέπειν]
1460 583 1533 626 ἐστ’
1579 602 1662 629 om.
1702 596 1804 640 ³«ng.
1841 590 1958 634 Flor.
1987 604 2028 631 x.

337 658 380 692 et
412 646 623 698 α’δυνᾶμιά
655 651 862 690 scribunt.
901 650 950 689 In
988 650 1087 689 Ven.
1125 648 1172 690 Ξ.
1204 648 1319 687 ἔστιν
1350 646 1517 695 legitur.
1541 648 1645 686 Ven.
1670 648 1715 691 Ξ.
1749 662 1810 700 pr.
1834 648 2029 697 δυναμιά.

447 709 496 748 C.
530 705 892 760 φαντάσματα
924 706 1100 761 [θεῖα]
1138 707 1219 746 καὶ
1258 700 1455 755 σκιὰς]
1499 705 1548 744 In
1583 712 1686 746 vett.
1718 706 1837 747 editt.
1875 713 1919 747 et
1948 720 2031 746 uno

333 866 454 919 quasi
478 865 630 906 intueri
651 863 835 905 discant.
869 863 970 912 Qua
995 864 1142 916 dispu-

334 927 501 966 tatione
530 922 734 963 absoluta
765 920 851 963 iain
884 934 1141 962 accessurus

334 990 402 1023 est
433 983 486 1024 ad
519 979 814 1021 illustrandam
851 981 1141 1029 dialecticam,

334 1042 522 1082 omnium
541 1039 859 1091 disciplinarum
888 1038 1140 1091 principem,

334 1111 446 1152 quae
484 1097 657 1139 tandem
699 1103 886 1138 mentem
926 1096 1135 1136 animum-

333 1170 416 1210 que
447 1155 500 1197 ad
534 1166 701 1195 summa
747 1165 943 1206 quaeque
975 1152 1140 1194 evehat.

337 1217 436 1257 Hoc
467 1216 608 1267 ipsum
642 1217 779 1252 autem
805 1214 1048 1266 priusquam
1081 1212 1139 1252 ita

333 1273 543 1323 instituit,
588 1270 674 1310 hoc
707 1271 806 1310 loco
840 1269 1028 1311 breviter
1048 1269 1139 1310 ad-

333 1331 416 1373 linc
446 1329 638 1370 ostendit
672 1326 778 1367 hano
811 1327 1032 1368 doctrinae
1074 1329 1135 1368 in-

333 1388 622 1435 stitutionem,
657 1398 742 1438 qua
776 1397 896 1426 mens
921 1386 1138 1438 paullatim

334 1459 388 1488 ex
418 1444 686 1499 ignorantiae
717 1444 910 1484 tenebris
931 1442 984 1482 ad
1016 1441 1139 1484 ideae

333 1504 434 1545 boni
507 1501 797 1554 cognitionem
874 1500 1140 1553 traducatur.

333 1573 510 1616 prorsus
543 1559 807 1611 respondere
853 1558 1026 1611 imagini
1066 1548 1140 1609 illi,

333 1632 416 1673 qua
449 1618 568 1660 initio
615 1617 705 1658 libri
739 1591 1142 1658 l10nm2es⁰finxerat

335 1677 616 1719 subterraneo
657 1686 831 1716 carcere
869 1675 1073 1716 inclusos
1091 1687 1142 1716 ae

334 1736 516 1789 primum
540 1731 716 1786 quidem
741 1733 852 1774 inani
881 1744 1021 1775 rerum
1044 1745 1141 1784 spe-

337 1795 403 1834 vie
434 1798 478 1833 et
511 1791 661 1832 umbra
693 1790 894 1839 dolusoen
930 1803 1031 1831 mox
1064 1802 1139 1830 au-

335 1859 422 1893 tem
454 1851 494 1890 in
529 1852 666 1890 lucem
709 1850 814 1889 solis
848 1849 1052 1899 eductos,
1097 1852 1143 1889 ut

337 1913 520 1963 possent
561 1909 696 1959 ipsam
733 1919 875 1948 rerum
914 1907 1140 1947 veritatem

335 1966 502 2010 intueri.
516 1965 670 2017 Itaque
682 1965 760 2005 loci
775 1965 988 2006 sententia
1002 1965 1142 2005 omni-

337 2040 393 2067 uo
423 2023 595 2076 quidem
633 2021 738 2063 haec
769 2027 856 2064 est:
893 2023 1036 2066 Quam
1069 2023 1145 2063 illa,

337 2084 552 2124 liom'num
601 2079 793 2121 liberatio
856 2093 909 2121 ex
971 2091 1143 2120 carcere

338 2141 620 2181 subterraneo
654 2143 698 2178 et
731 2137 771 2177 in
805 2139 940 2179 lucem
970 2136 1144 2178 eductio

338 2202 379 2240 iu
421 2198 548 2238 oculo
592 2197 788 2249 corporis
829 2196 912 2237 vim
957 2194 1146 2236 habebat

338 2256 393 2298 ad
426 2269 495 2297 res
527 2253 845 2308 adspectabiles
876 2254 980 2295 solis
1015 2254 1146 2294 bene-

339 2314 435 2356 ficio
452 2311 795 2365 cognoscendas,
829 2311 1013 2352 eandem
1044 2310 1147 2352 haec

340 2372 629 2415 doctrinarum
650 2369 861 2410 institutio
887 2375 929 2410 et
950 2370 1004 2409 ab
1024 2369 1146 2422 igno·

339 2429 476 2472 tantia
507 2428 809 2469 ad·scientiam
832 2427 1048 2468 traductio
1075 2425 1146 2466 ha-

338 2488 465 2530 betin
481 2487 852 2540 praestantissima
866 2485 994 2526 animi
1008 2489 1146 2539 parte,

339 2559 450 2600 quae
481 2545 576 2586 eius
604 2551 692 2598 'ope
711 2543 865 2584 summi
893 2543 993 2584 boni
1021 2543 1147 2584 ideae

340 2607 440 2647 luce
471 2605 723 2644 collustrata
756 2600 896 2642 hausit
920 2601 1146 2642 absolutae

342 2661 534 2704 veritatis
549 2673 599 2701 ac
613 2659 821 2701 bonitatis
835 2658 1145 2712 cognitionem.

342 2717 722 2763 Quemadmodum
747 2718 876 2769 igitur
908 2716 1147 2764 dialectica,

344 2777 559 2818 utsmodo
599 2775 810 2824 vidimus,
861 2779 1047 2816 mentem
1091 2772 1146 2814 ad

345 2848 562 2876 summum
598 2835 676 2874 τοῦ
708 2833 872 2887 νοητοῦ
890 2833 1014 2873 finem
1041 2830 1147 2873 edu-

347 2895 430 2944 cit,
473 2893 546 2945 qni
589 2893 737 2933 similis
770 2898 864 2933 erat
907 2890 976 2932 fini
1019 2890 1061 2930 in
1095 2889 1148 2944 τῷ

348 2947 490 3005 ὁρατῷ
529 2952 784 3003 perspicuo,
828 2951 886 2990 ita
921 2949 1049 2989 etiam
1081 2960 1149 2988 re-

347 3011 556 3061 liquarum
589 3009 743 3049 artium
774 3020 825 3047 ac
844 3005 1150 3056 doctrinarum,

346 3079 452 3119 quas
491 3065 622 3107 modo
669 3066 984 3119 percurrimus,
1027 3063 1149 3104 insti-

347 3124 470 3171 tutio,
486 3168 489 3169 7
504 3137 617 3177 quae
639 3129 706 3164 est
733 3123 857 3175 quasi
879 3122 1146 3175 prooemium

347 3181 563 3234 quoddam
591 3185 752 3234 operis,
781 3194 872 3222 eam
893 3180 973 3221 vim
992 3178 1150 3220 habere

350 3239 629 3281 existimanda
649 3245 732 3291 est,
754 3245 801 3279 ut
818 3243 1006 3280 mentem
1028 3238 1150 3291 paul-

351 3297 466 3338 latim
508 3296 561 3336 ab
602 3297 852 3337 inscientiae
884 3295 1072 3336 tenebris
1105 3293 1150 3334 li-

351 3355 544 3396 hei-atam
578 3354 629 3393 ad
651 3355 841 3395 veritatis
863 3353 1150 3406 cognitionem

353 3411 526 3466 propius
550 3410 702 3454 evellat
722 3423 858 3463 eoque
891 3410 1062 3452 nomine
1085 3422 1151 3450 re-

1227 859 1443 913 spondeat
1475 859 1524 910 τῇ
1554 857 1672 899 λύσει
1708 858 1794 901 ἀπὸ
1842 864 1927 902 τῶν
1964 862 2030 903 δε-

1230 917 1394 967 σμτῦψ-
1409 917 1476 956 ναι
1493 931 1782 971 ιμεταστροφη
1818 915 1907 961 ἀπὸ
1952 923 2033 962 τῶν

1234 976 1366 1016 σκιῶν
1403 976 1470 1014 καὶ
1495 974 1690 1026 §naniam
1718 977 1780 1018 εἰς
1802 974 1924 1030 ἥλιον
1948 982 2032 1020 κτλ.

1227 1034 1444 1078 Quocirca
1498 1018 1725 1086 periodus,
1774 1037 1897 1077 cuius
1944 1039 2031 1077 sin

1217 1093 1420 1144 gularem
1476 1098 1735 1133 structuram
1790 1095 1858 1134 alii
1909 1096 2033 1136 aliter

1225 1150 1461 1202 explanare
1493 1149 1634 1189 conati
1659 1155 1757 1190 sunt
1788 1151 1906 1192 irrito
1938 1153 2031 1204 qui-

1227 1207 1325 1249 dem
1374 1212 1558 1256 conatu,
1610 1207 1746 1258 ipsum
1800 1208 2030 1250 Platonem

1227 1265 1379 1305 ducem
1403 1266 1435 1303 si
1460 1264 1690 1317 sequimur,
1723 1266 1894 1318 proprie
1925 1268 2034 1307 nuni:

1226 1323 1264 1362 in
1299 1322 1472 1362 modum
1506 1321 1815 1363 conformanda
1860 1325 1963 1367 fuit:
2006 1341 2030 1377 η

1226 1379 1274 1419 δέ
1305 1394 1352 1433 γε
1377 1377 1496 1419 λύσις
1517 1402 1566 1408 w
1598 1380 1666 1420 καὶ
1678 1381 1957 1449 μεταστροφὴ
2024 1408 2027 1409 ⁷

1227 1438 1295 1477 καὶ
1327 1434 1544 1477 ἐπάνοδος
1576 1461 1628 1467 —-
1661 1434 2033 1509 οἷποσκιαζομειας

1226 1492 1365 1547 ὥςπερ
1406 1493 1499 1535 τότε
1538 1509 1694 1548 ταυτηι
1725 1510 1807 1548 ειχε
1839 1494 1915 1551 τὴν
1959 1494 2031 1537 δυ’-

1228 1567 1353 1604 ναμτν
1392 1554 1460 1593 καὶ
1498 1550 1795 1624 ἑπαταγωγῆι
1836 1556 1914 1595 τοῦ
1959 1568 2031 1595 σα-

1230 1609 1444 1663 φεστᾰτου
1471 1610 1517 1651 ἐν
1538 1609 1725 1662 σώματι
1715 1608 1826 1665 πρὸς
1851 1611 1925 1667 τὴν
1957 1614 2035 1653 τοῦ

1229 1665 1507 1722 φανοτάτουΙ
1503 1667 1560 1710 ἐν
1590 1670 1648 1724 τῷ
1684 1670 1986 1741 σωματοειδεῖ
1995 1686 2036 1711 τε

1226 1744 1296 1767 και
1329 1723 1468 1782 ὁρατῷ
1500 1724 1632 1783 τόπῳ,
1652 1724 1767 1769 οὕτω
1794 1731 1909 1770 πᾶσα
1927 1726 2034 1800 αὕτη

1230 1781 1255 1838 ἦ
1306 1799 1570 1840 πραγματεια
1619 1787 1702 1826 τῶν
1757 1789 1930 1838 τεχνῶν,
1984 1784 2035 1828 ἃς

1229 1841 1479 1913 διιίλθομείν
1525 1843 1606 1896 ἔχει
1639 1841 1713 1895 tuh
1747 1841 1929 1896 δωαμιν
1967 1846 2033 1886 καὶ

1229 1900 1512 1956 ἐπαναγωγὴν
1545 1903 1623 1942 τοῦ
1652 1902 1877 1955 βελτιστου
1909 1901 1955 1943 ἐν
1986 1904 2035 1955 τῇ

1229 1961 1344 2012 ψυχῇ
1386 1958 1495 2029 πρὸς
1538 1957 1613 2013 τὴν
1646 1959 1724 2001 τοῦ
1765 1958 1944 2015 ἀρίστου
1989 1959 2035 2001 ἐν

1229 2023 1320 2059 τοῖς
1351 2011 1451 2058 οὖσι
1481 2017 1606 2062 θέαν.
1642 2023 1696 2059 At
1719 2021 1912 2060 nimirum
1941 2032 2038 2061 ora-

1229 2082 1299 2117 tor
1339 2077 1503 2117 relictis
1546 2078 1584 2116 in
1632 2089 1842 2128 suspenso
1897 2078 2030 2118 nomi

1229 2134 1384 2175 nativis
1427 2135 1510 2173 illis
1556 2135 1854 2187 superioribus
1908 2136 2035 2176 etiam

1231 2192 1271 2233 in
1307 2193 1548 2245 posteriore
1589 2193 1795 2233 orationis
1842 2194 2037 2235 membro

1233 2251 1437 2291 continuo
1487 2251 1794 2291 nominativum
1854 2251 2036 2292 subiecti

1232 2308 1451 2348 subiunxit
1490 2314 1622 2361 atque
1669 2309 1837 2349 inverso
1887 2308 2039 2349 ordine

1233 2365 1602 2434 comparationem
1638 2367 1908 2435 postposuit,
1949 2379 2037 2406 ser·

1233 2425 1373 2465 monis
1406 2436 1531 2463 cursu
1554 2431 1652 2478 post
1671 2418 1986 2476 ἀποσκιαζομέι
1989 2435 2040 2464 ας

1233 2488 1432 2534 tanquam
1466 2482 1662 2525 inhibito.
1689 2481 1751 2522 Ex
1777 2494 1861 2534 quo
1885 2487 2040 2533 sponte

1232 2539 1506 2592 intelligitur,
1551 2552 1625 2582 cur
1657 2552 1734 2579 nos
1767 2553 1861 2580 enm
1894 2540 2038 2580 Mor-

1232 2597 1560 2651 gensternio
1595 2603 1695 2639 ante
1728 2597 1843 2637 πᾶσα
1874 2594 2038 2650 αὕτηὴ

1234 2657 1493 2710 πραγματεία
1531 2655 1702 2710 signum
1745 2656 1914 2708 abrupti
1945 2668 2036 2697 ser-

1233 2715 1675 2768 monisposuerimus,
1691 2712 2037 2765 quodSchnei-

1234 2771 1364 2813 dero
1406 2771 1506 2812 ideo
1539 2771 1775 2841 displicuit,
1815 2770 1912 2838 qnia
1945 2770 2038 2823 ipse

1234 2831 1350 2870 nullo
1394 2829 1485 2870 iure
1520 2830 1658 2870 verba
1698 2824 1723 2881 ἦ
1755 2824 1802 2868 δέ
1832 2824 1952 2867 λύσις
1982 2851 2036 2858 -

1232 2884 1506 2940 μεταστροφὴ
1564 2910 1581 2914 -
1646 2886 1714 2926 και
1745 2881 1963 2925 ἐπάνοδος
1994 2890 2037 2925 et

1239 2946 1354 2986 πᾶσα
1385 2941 1491 2997 αὕτη
1524 2939 1549 2998 ἦ
1582 2944 1842 2998 πραγματεία
1873 2941 2036 2984 arctiu's

1236 3004 1448 3057 iungenda
1479 3003 1641 3044 statuit.
1689 3003 1777 3043 Sed
1810 3001 1912 3043 haec
1943 3002 2034 3053 qui—

1235 3061 1334 3103 dem
1369 3060 1423 3102 de
1453 3061 1674 3101 universae
1709 3059 1876 3112 periodi
1918 3071 2034 3099 com-

1235 3119 1448 3172 positione
1501 3130 1733 3169 sanequam
1798 3118 2033 3158 licentiore.

1235 3177 1440 3229 Sequitur
1488 3181 1534 3217 ut
1580 3176 1705 3217 etiam
1748 3175 1803 3218 de
1858 3173 2037 3228 singulis

1235 3235 1327 3274 eins
1375 3234 1567 3288 partibus
1616 3233 1914 3286 explicandum
1963 3234 2032 3270 sit.

1237 3291 1422 3333 Videtur
1459 3299 1602 3332 auitem
1646 3293 1708 3332 liic
1752 3298 1849 3332 ante
1893 3289 2032 3331 onmia

1237 3351 1411 3402 dignum
1454 3363 1550 3391 esse
1591 3351 1895 3391 observatione
1946 3346 2034 3386 dili-

1237 3406 1502 3460 genttssima‚
1533 3407 1648 3460 qnod
1673 3408 1930 3461 interpretes
1947 3405 2035 3445 fere

2120 3393 2123 3401 s

2120 3408 2122 3423 l

2120 3469 2121 3481 l

2119 3493 2121 3501 ⁴
