2098 3658
259 108 329 158 40
867 103 1346 158 PLATONIS

267 251 635 322 κληρονόμος,
696 256 746 305 τί
806 250 916 326 φῂς
958 249 1055 306 τὸν
1100 254 1425 323 Σιμωνίδην
1481 255 1710 320 λέγοντα
1769 250 1965 320 ὀρθῶς

267 340 439 405 λέγειν
462 339 580 405 περὶ
607 335 994 403 δικαιοσύνηςς
1022 332 1177 408 ”Οτι,
1203 329 1236 402 ἦ
1268 333 1307 391 δ’
1338 334 1415 400 ὅς,
1442 333 1503 390 τὸ
1534 332 1602 390 τὰ
1628 334 1962 407 ὀφειλόμενα

267 418 481 488 ἑκάστῳ
535 417 869 474 ἀποδιδόναι
930 419 1144 475 δίκαιόν
1187 429 1326 476 ἐστι·
1385 422 1553 475 τοῦτο
1607 422 1776 487 λέγων
1819 423 1966 475 δοκεῖ

269 509 449 572 ἔμοιγε
494 507 673 568 καλῶς
716 507 907 572 λέγειν.
947 503 1110 558 Ἀλλὰ
1156 512 1358 576 μέντοι,
1401 496 1471 571 ἧν
1517 503 1556 558 δ’
1609 502 1733 573 ἐγώ,
1773 506 1966 574 Σιμω-

269 591 389 664 νίδῃ
438 609 495 654 γε
541 587 608 642 οὐ
655 586 853 660 ῥᾴδιον
905 588 1185 644 ἀπιστεῖν·
1249 586 1424 663 σοφὸς
1483 586 1591 658 γάρ
1650 591 1743 643 καὶ
1806 592 1969 652 θεῖος

269 670 441 741 ἀνήρ·
488 675 656 729 τοῦτο
701 678 889 742 μέντοι
932 670 961 727 ὅ
1009 677 1061 727 τί
1105 695 1236 728 ποτε
1281 678 1446 743 λέγει,
1494 669 1559 727 σὺ
1603 678 1716 743 μέν,
1759 663 1798 725 ὦ
1849 677 1971 727 Πο-

269 759 529 827 λέμαρχε,
585 756 713 820 ἰ’σως
757 754 1097 825 γιγνώσκεις,
1141 756 1240 827 ἐγώ
1289 762 1344 812 δὲ
1389 757 1596 826 ἀγνοῶ.
1640 760 1808 823 δῆλον
1847 755 1970 828 γάρ,

271 837 358 895 ὅτι
405 841 471 895 οὐ
515 844 682 896 τοῦτο
727 844 881 909 λέγει,
931 838 1068 912 ὅπερ
1111 840 1240 913 ἄρτι
1262 847 1528 912 ἐλέγομεν,
1573 838 1636 896 τό
1671 863 1824 903 τινος
1864 863 1971 894 πα-

274 929 740 997 ρακαταθεμένου
795 947 850 980 τι
908 923 1126 994 ὁτῳοῦν
1169 925 1246 997 μὴ
1289 924 1587 1001 σωφρόνως
1632 924 1972 981 ἀπαιτοῦντι

132 1019 234 1071 332
272 1007 636 1065 ἀποδιδόναι·
681 1013 861 1066 καίτοι
918 1031 976 1079 γε
1011 1009 1376 1086 ὀφειλόμενόν
1406 1008 1513 1065 πού
1554 1017 1667 1064 ἐστι
1703 1013 1892 1080 τοῦτο,
1938 1009 1970 1064 ὃ

274 1099 728 1163 παρακατέθετο.
777 1087 809 1161 ἦ
858 1094 1002 1164 γάρ,·
1047 1098 1182 1151 Ναί.
1259 1095 1594 1150 Ἀποδοτέον
1637 1096 1693 1148 δέ
1746 1116 1804 1162 γε
1849 1093 1964 1149 οὐδ’

271 1175 580 1242 ὁπωςτιοῦν
648 1177 806 1241 τότε,
869 1177 1036 1233 ὁπότε
1093 1202 1176 1244 τις
1227 1178 1303 1249 μὴ
1364 1178 1665 1253 σωφρόνως
1707 1177 1971 1236 ἀπαιτοῖ,

268 1261 518 1330 Ἀληθῆ,
584 1255 615 1330 ἦ
660 1261 709 1317 δ’
761 1259 841 1327 ὅς.
913 1259 1080 1319 ’Ἄλλο
1142 1263 1208 1330 δή
1270 1285 1324 1318 τι
1365 1260 1399 1330 ἢ
1457 1260 1519 1318 τὸ
1565 1266 1857 1323 τοιοῦτον,
1900 1261 1973 1327 ὡς

273 1353 440 1410 ἔοικε,
513 1352 649 1416 λέγει
710 1348 1029 1416 Σιμωνίδης
1085 1347 1147 1402 τὸ
1207 1346 1276 1401 ro}
1344 1344 1677 1423 ὀφειλόμενα
1759 1350 1972 1402 δίκαιον

1542 1449 1563 1464 0

389 1511 496 1564 Cap.
531 1511 600 1552 Vi.
631 1512 684 1554 Ε.
719 1508 872 1551 δοκεῖ
900 1510 1106 1565 ἔμοιγε]
1141 1510 1215 1552 Sic
1243 1511 1339 1552 Par.
1374 1514 1430 1551 A.
1479 1511 1574 1554 vat.
1611 1509 1645 1550 Θ
1684 1525 1715 1554 r.
1758 1510 1885 1553 Vind.
1922 1510 1974 1554 Φ.

275 1566 392 1610 Flor.
427 1525 480 1611 bp
505 1569 619 1609 Vett.
653 1567 778 1608 editt.
811 1566 920 1619 ἐμοί.

389 1627 473 1666 καὶ
503 1626 666 1667 θεῖος
699 1621 860 1681 ἁνήρ]
902 1627 956 1668 V.
991 1622 1014 1666 ὁ
1045 1621 1153 1694 ἀνήρ
1200 1626 1300 1669 Par.
1334 1631 1382 1669 A.
1424 1626 1517 1670 vat.
1557 1623 1604 1670 Θ.
1644 1639 1675 1669 r.
1705 1626 1807 1669 Ven.
1837 1626 1886 1671 Ξ,
1917 1626 1972 1669 U.

275 1685 425 1725 Ambr.

467 1683 583 1725 Flor.
627 1698 664 1727 a.
707 1685 746 1724 b.
788 1698 824 1727 c.
867 1701 909 1725 n.
954 1683 1082 1726 θεῖος
1125 1680 1234 1738 ἀνήρ
1274 1686 1440 1727 omisso
1474 1685 1678 1725 articulo:
1723 1684 1834 1726 unde
1865 1680 1975 1738 ἁνήρ

273 1742 549 1783 scribendum
582 1741 783 1783 restituta
815 1743 942 1792 crasi,
974 1755 1085 1795 quae
1121 1756 1254 1795 saepe
1288 1743 1534 1784 oblitterata
1568 1747 1646 1782 est.
1704 1742 1809 1783 Dein
1842 1756 1974 1796 prave

273 1801 403 1853 vulgo
438 1796 465 1840 ὅ
504 1801 546 1840 τί
571 1813 674 1840 ποτε
706 1799 843 1853 λέγοι,
885 1800 1003 1853 quod
1048 1813 1100 1841 ex
1132 1800 1232 1842 Par.
1274 1805 1324 1844 Α.
1372 1801 1466 1844 Vat.
1512 1797 1560 1842 Θ.
1596 1800 1699 1841 Ven.
1731 1799 1783 1843 11.
1850 1799 1972 1841 Vind.

279 1855 328 1898 Φ.
350 1859 452 1900 Par.
472 1858 585 1899 D.K.
601 1858 718 1901 Mon.
739 1859 894 1901 Ambr.
914 1858 1072 1906 Augen.
1094 1857 1456 1900 Ftor.a.1›.c.x.a
1485 1857 1529 1909 β.
1547 1871 1585 1910 γ.
1607 1858 1660 1900 al.
1678 1856 1973 1902 emendatum.

347 1957 351 1962 ,
387 1916 439 1956 P.
469 1915 570 1962 332.
603 1913 714 1956 ἐστι
755 1916 942 1964 τοῦτο,
983 1912 1105 1968 ὂ-]
1156 1914 1230 1958 Sic
1259 1916 1359 1959 Par.
1392 1918 1449 1956 A.
1487 1915 1579 1957 Vat.
1616 1913 1661 1955 Θ.
1697 1927 1732 1956 r.
1766 1915 1878 1970 Venb.
1923 1917 1974 1959 ΙΙ.

335 2031 446 2084 Cap.
484 2031 560 2074 Vl.
615 2028 897 2082 Σιμωνίδῃ
929 2044 986 2084 γε
1018 2025 1081 2071 οὐ

279 2085 336 2144 ῥ.]
399 2089 510 2130 Cum
555 2090 720 2130 urbana
753 2089 948 2130 irrisione
980 2087 1083 2130 haec

278 2147 488 2189 dicuntur.
550 2145 761 2188 Solebant
791 2146 900 2187 enim
935 2146 1081 2199 sophi-

279 2211 374 2246 stae
413 2205 661 2246 auctoritati
711 2204 949 2244 Simonidis
987 2205 1080 2257 pln-

278 2264 432 2305 timum
493 2262 713 2310 tribuere3
765 2274 803 2301 v.
855 2261 1080 2311 Protagor.

276 2336 318 2374 p.
358 2320 443 2364 339
486 2333 607 2372 seqq.
651 2318 762 2360 cic.
801 2317 855 2360 de
886 2318 938 2360 N.
970 2320 1018 2362 D.
1056 2321 1085 2360 Ι.

277 2379 366 2422 22ε.
422 2376 740 2419 Simonides
777 2389 881 2417 non
915 2379 1083 2418 solum

277 2443 442 2490 poeta
503 2435 726 2485 suavis,
784 2434 875 2475 sed
924 2436 1083 2475 etiam

278 2493 592 2546 ceteroquin
616 2491 1086 2546 doetussapiens-

281 2566 383 2605 que
414 2551 669 2592 traditur.
708 2551 908 2590 Proxima
930 2552 993 2590 sic
1024 2551 1084 2590 in-

280 2611 478 2662 telligas:
523 2610 566 2648 τί
604 2621 707 2647 ποτε
750 2602 874 2647 τοῦτ’
920 2605 1082 2648 ε”στινδ

279 2667 399 2722 λέγει,
431 2663 484 2707 σὺ
516 2665 592 2716 μὲν
624 2667 729 2706 ἴσως
760 2662 1024 2734 γιγνώσκεις.

336 2722 516 2778 σοφὸς
547 2738 644 2777 γαρ
678 2747 731 2752 —-
763 2718 949 2791 ἁνήρ.]
990 2724 1081 2765 Ma-

277 2785 320 2825 le
351 2784 445 2825 libri
481 2781 669 2822 nonnum
692 2776 816 2834 ἁνήρ,
849 2782 963 2824 unde
991 2795 1086 2823 cra-

277 2842 311 2880 si
327 2840 560 2882 effinximns
579 2835 701 2892 ἁνήρ
737 2841 957 2881 Articulns
973 2840 1082 2880 enim

278 2899 423 2950 utique
456 2899 748 2939 necessarius.
795 2898 866 2938 ubi
912 2893 936 2938 ὁ
975 2893 1085 2951 ἀνήρ

278 2957 343 2997 vel
375 2952 484 3010 ἁνήρ
525 2954 706 2995 subiecti
748 2954 882 2996 instar
923 2961 990 2996 est
1022 2962 1085 2996 at-

279 3026 362 3064 que
404 3026 499 3055 cum
550 3013 589 3052 vi
640 3010 823 3064 quadam
872 3013 983 3054 idem
1028 3015 1092 3065 si<

277 3070 451 3122 gnificat
481 3071 596 3121 qnod
632 3067 808 3109 ἐκεῖνος.
842 3069 1021 3125 Protag.
1043 3083 1084 3123 p.

277 3128 374 3173 315.
407 3129 460 3197 Ε.
503 3124 739 3178 πάσσοφος
783 3124 864 3180 γάρ
903 3105 1081 3179 4101030-

277 3191 347 3227 κεῖ
362 3182 472 3239 ἀνὴρ
493 3179 601 3226 εἶναι
627 3187 695 3225 καὶ
714 3183 854 3227 θεῖος
896 3186 1083 3228 Phaedr.

275 3257 317 3296 p
349 3244 448 3287 267.
486 3245 544 3286 A.
587 3237 731 3293 σοφὸς
763 3239 843 3293 γὰρ
876 3238 994 3297 ἇνηρ
1024 3244 1077 3296 (i.

276 3316 312 3345 κ
362 3299 549 3347 ἐκεῖνος,
595 3297 777 3367 Ev'qvoc
814 3295 841 3340 ό
873 3299 1079 3370 Πάριος).

274 3359 384 3401 Ibid
429 3375 469 3414 p.
510 3353 608 3402 267
649 3358 698 3398 C.
735 3351 903 3411 ὀργισαι
952 3375 990 3400 τε
1020 3353 1079 3400 αὖ

1168 2028 1357 2072 πολλοὺς
1387 2026 1471 2081 ἅμα
1502 2028 1645 2073 δεινὸς
1675 2025 1784 2085 ἀνὴρ
1804 2029 1970 2085 γέγονε.

1165 2089 1277 2132 Ibid.
1321 2103 1361 2141 p.
1391 2089 1490 2133 279.
1530 2089 1579 2131 Β.
1625 2089 1766 2131 ἔνεστί
1802 2101 1863 2131 τις
1902 2103 1971 2142 φι-

1168 2148 1357 2200 λοσοφία
1388 2149 1437 2199 τῇ
1469 2149 1570 2188 τοῦ
1604 2143 1975 2203 ἆνδᾳόθριανοίᾳ,

1167 2207 1191 2248 ἰ,
1228 2220 1264 2246 e.
1297 2203 1479 2246 ἐκείνου.
1504 2205 1722 2250 Phaedon.
1754 2218 1797 2257 ρ.
1824 2205 1896 2249 58.
1921 2206 1972 2249 Ε.

1170 2257 1385 2315 εὐδαίμων
1416 2261 1497 2317 γάρ
1527 2278 1599 2314 μοι
1626 2259 1737 2318 ἀνὴρ
1758 2260 1973 2314 ἐφαίνετο.

1173 2323 1242 2362 nbi
1276 2335 1377 2364 mox
1409 2324 1526 2375 plura
1554 2322 1763 2364 dabimus.
1799 2322 1903 2365 ibid.
1935 2337 1976 2375 p.

1170 2379 1240 2424 57·
1275 2385 1324 2420 Α.
1357 2379 1412 2420 al.

1227 2438 1279 2481 P.
1305 2437 1407 2482 332.
1450 2439 1627 2478 καίτοι
1658 2450 1718 2489 γε
1748 2431 1972 2488 'cimelio'-

1171 2493 1336 2546 μενόν
1379 2492 1486 2536 πού
1536 2494 1674 2548 ἐστι]
1744 2495 1883 2535 Recte
1930 2499 1976 2536 et

1169 2555 1306 2594 καίτοι
1335 2568 1383 2608 γε
1413 2558 1457 2596 et
1500 2555 1745 2607 καίτοι-γε
1782 2553 1974 2606 interpo-

1170 2614 1255 2652 sito
1288 2614 1433 2665 aliquo
1466 2613 1679 2653 vocabulo
1720 2610 1804 2650 dici
1848 2609 1975 2653 hodie

1168 2668 1341 2722 quidem
1386 2683 1513 2711 nemo
1552 2669 1748 2717 <subitan
1793 2681 1831 2708 v,
1874 2667 1973 2709 Lo-

1169 2729 1320 2770 beck.
1351 2728 1406 2768 ad
1442 2726 1667 2780 Phrynich.
1715 2739 1756 2779 p.
1787 2724 1886 2769 342.
1930 2731 1975 2767 et

1170 2785 1398 2838 Kri‘nger.
1412 2799 1415 2806 ·
1440 2785 1747 2826 commentatt.
1789 2785 1843 2825 ad
1885 2785 1974 2823 ea}-

1173 2819 1974 2899 ‹212111¹’1)i<»nya.Halicarn.p.267.⁹

1170 2901 1241 2952 qui
1283 2906 1402 2942 reete
1440 2901 1612 2942 videtur
1639 2906 1831 2942 statuere
1880 2901 1972 2939 καί-

1173 2971 1237 2997 τοι
1278 2972 1326 3010 γε
1366 2959 1437 2998 ubi
1477 2958 1662 3008 dicitur,
1713 2970 1761 3010 γε
1802 2957 1858 2996 ad
1902 2961 1974 2997 to-

1171 3020 1258 3056 tam
1293 3017 1664 3063 enuntiationem,
1695 3015 1734 3054 in
1766 3014 1842 3052 καί
1879 3029 1972 3054 τοι-

1170 3087 1218 3125 ys
1264 3077 1406 3113 autem
1455 3072 1561 3114 hanc
1608 3069 1863 3126 particulam
1915 3071 1971 3112 ad

1169 3130 1423 3171 vocabulum
1471 3130 1774 3182 interpositum
1822 3128 1970 3170 referri

1168 3185 1387 3239 oportere.
1457 3186 1679 3241 Videlicet
1736 3187 1776 3228 in
1835 3187 1972 3226 καίτοι

1169 3258 1215 3298 γε
1256 3246 1407 3286 vocula
1457 3245 1631 3299 proprie
1680 3243 1732 3284 ad
1777 3259 1842 3285 τοι
1874 3257 1970 3297 per-

1165 3304 1298 3354 tinet,
1340 3302 1454 3355 quod
1494 3315 1624 3355 quum
1686 3306 1822 3344 totam
1872 3315 1970 3343 sen—-

1169 3361 1347 3403 tentiam
1379 3359 1555 3411 afficiat,
1588 3374 1634 3413 γε
1656 3360 1712 3402 ini
1732 3360 1972 3402 adhaerens
