2106 3594
1629 133 1828 188 CXIII

135 281 556 352 chronologicos
619 276 988 349 expediendos
1048 276 1211 331 nullis
1272 275 1504 346 amplius
1562 276 1829 331 machinis

133 373 272 424 opus
301 353 393 420 sit,
432 348 726 404 dummodo
751 348 933 402 omnia
968 348 1149 402 sobrie
1188 368 1254 402 ac
1283 347 1400 402 sine
1439 346 1827 418 praeiudicatis

130 424 481 496 opinionibus
513 419 895 474 diiudicentur.
983 419 1327 477 Deducimur
1359 430 1540 473 autem
1578 419 1648 472 ad
1684 419 1830 474 illam

131 498 393 550 rationem
415 505 704 562 ‘tamquam
740 499 938 564 sponte
975 510 1061 558 eo,
1100 491 1251 562 quod
1278 491 1383 545 scri
1426 500 1574 545 tores
1610 500 1833 547 narrant

38 611 39 615 ,
130 569 354 642 Lysiam
401 572 531 637 post
579 563 979 617 diuturniorem
1024 559 1332 623 'absentiam
1443 563 1610 634 lymp.
1666 561 1831 617 XCII.

134 647 180 695 1.
221 658 322 688 =
358 638 484 690 412.
530 644 659 690 ante
698 634 830 691 Chr.
868 655 919 688 n.
961 634 1212 689 Athenas
1248 634 1557 689 revertisse.
1634 635 1830 704 Itaque

126 727 403 766 sermones
453 716 580 761 ante
629 706 776 762 hunc
825 726 1029 762 annum
1068 715 1215 761 certe
1254 725 1366 760 non
1442 713 1702 760 otuerunt
1737 706 1833 761 ha·

129 783 228 837 biti
276 782 353 835 fin
397 781 446 848 i,
502 779 608 834 nisi
646 781 859 847 omnia,
899 797 1040 847 quae
1078 778 1147 832 de
1183 726 1592 850 rebusffiysiae
1631 797 1832 833 memo·

125 856 238 908 riae
272 862 360 907 tra
402 853 476 906 'ta
513 858 660 920 sunt,
698 871 798 923 pro
834 850 988 905 falsis
1024 869 1088 904 ac
1112 856 1317 904 temere
1343 849 1594 903 confictis
1632 849 1832 904 habere

124 926 372 980 malimus
413 923 662 994 adeoque
706 923 814 995 ipsi
862 921 1211 994 confingere,
1256 920 1413 991 quod·
1444 940 1718 991 nusquam
1753 929 1832 974 te-

125 1005 326 1052 statum
374 996 608 1068 legitur,
657 994 887 1068 Lysiam
922 994 1086 1049 etiam
1124 995 1277 1066 prius
1313 991 1546 1048 subinde
1582 992 1833 1046 Athenas

126 1070 398 1124 revisisse.
485 1068 601 1136 lam
638 1086 768 1121 vero
806 1066 1140 1139 investigato
1179 1085 1324 1119 anno
1375 1084 1463 1134 e0,
1505 1066 1633 1118 ante
1672 1083 1834 1135 quem

126 1140 462 1212 colloquium
509 1138 661 1193 nullo
709 1148 874 1211 pacto
930 1138 1116 1209 potuit
1163 1137 1413 1205 institui,
1467 1136 1728 1206 *sequitur
1773 1146 1836 1189 ut

126 1214 291 1267 etiam
342 1211 411 1266 de
456 1219 704 1283 tempore
751 1209 1124 1282 quaerendum
1173 1210 1277 1278 sit,
1329 1217 1453 1262 ante
1499 1207 1650 1279 quod
1693 1207 1836 1262 illud

127 1286 377 1339 habitum
425 1301 548 1337 esse
583 1302 808 1338 necesse
828 1281 1098 1336 videatur.
1173 1282 1263 1336 De
1303 1301 1412 1353 quo
1449 1280 1684 1334 termino
1721 1299 1833 1335 non

126 1357 266 1412 adeo
302 1355 548 1410 difficilis
571 1354 848 1425 ‘quaestio
886 1363 988 1410 est.
1074 1353 1456 1408 Memorantur
1503 1352 1644 1406 enim
1695 1352 1836 1407 libro

127 1428 340 1484 decimo
386 1448 439 1500 p.
480 1429 602 1482 600.
642 1426 708 1481 C.
758 1428 1205 1498 Protagoras
1259 1433 1316 1479 et
1362 1423 1726 1479 Prodicus
1776 1432 1839 1478 ut

127 1501 238 1555 vivi
265 1512 323 1554 et
357 1499 592 1554 maxima
628 1498 812 1553 adhuc
847 1498 1109 1553 florentes
1141 1497 1446 1569 sapientiae
1479 1495 1658 1550 laude.
1699 1496 1837 1550 Pro*

35 1570 37 1582 ’
128 1582 374 1646 tagoram
421 1579 604 1625 autem
651 1587 837 1625 omnes
885 1589 1058 1642 prope
1105 1569 1461 1624 consentiunt
1507 1568 1707 1623 obiisse
1743 1575 1841 1623 aut

127 1644 321 1698 eodem
359 1662 503 1697 anno
540 1662 651 1713 quo
691 1642 1028 1714 Respublica
1050 1650 1358 1712 peroratur,
1397 1647 1494 1694 aut
1527 1659 1671 1694 anno
1712 1659 1839 1711 pro*-

128 1716 276 1770 ximo
327 1714 550 1787 Olymp.
600 1713 769 1768 XCll.
821 1715 871 1767 3.
912 1715 983 1783 *).
1060 1712 1296 1767 Constat
1347 1713 1492 1766 enim
1531 1729 1653 1766 eum
1692 1731 1838 1766 anno

126 1791 255 1841 411.
301 1805 351 1840 a.
414 1784 547 1840 Chr.
608 1806 660 1839 n.
711 1785 1228 1857 septuagenarium,
1292 1803 1459 1854 quum
1507 1784 1840 1838 sententiam

33 1845 36 1926 J
128 1877 283 1914 suam
330 1856 401 1912 de
437 1857 544 1911 diis
583 1857 815 1912 dixisset
849 1857 1073 1911 liberius
1114 1857 1200 1910 vel
1238 1855 1426 1926 potius
1464 1853 1732 1910 iudicium
1767 1854 1838 1908 de

33 1931 36 1980 ἶ
128 1931 196 1986 iis
230 1928 600 1985 cohibendum
638 1949 759 1984 esse
797 1929 1178 1997 docuisset,=a
1213 1925 1571 2000 PythodorO,
1623 1947 1734 1983 uno
1773 1946 1840 1982 ex

33 2000 35 2067 f
129 2001 570 2075 quadringentis,
609 2009 706 2056 aut
741 2002 809 2056 ab
844 2000 1084 2055 Euathlo
1122 2007 1443 2054 accusatum
1463 2039 1479 2067 ,
1533 1999 1698 2054 exilio
1747 1999 1839 2053 vel

32 2114 35 2123 ,
127 2075 312 2146 capite
350 2092 470 2128 esse
507 2073 847 2139 damnatum3
897 2092 1007 2143 quo
1043 2073 1191 2127 facto
1229 2090 1396 2126 senex
1432 2091 1604 2143 parva
1642 2071 1840 2144 cymba

127 2147 323 2201 iterum
382 2144 627 2201 Siciliam
678 2145 951 2217 petiturus
1001 2143 1263 2199 fluctibus
1320 2144 1486 2198 maris
1520 2144 1840 2198 submersus

32 2236 34 2247 '
127 2226 215 2273 est
249 2219 351 2287 ¹⁸²⁸).
424 2217 515 2271 Ex
552 2238 662 2289 quo
701 2225 898 2289 sponte
936 2216 1326 2287 consequitur,
1366 2223 1430 2269 ut
1467 2233 1745 2270 sermones
1783 2216 1840 2270 in

31 2339 33 2344 ,
127 2289 435 2363 Republica
470 2290 643 2345 habiti
677 2309 790 2344 non
827 2289 1114 2362 potuerint.
1144 2294 1275 2359 post
1319 2286 1543 2361 Olymp.
1580 2286 1750 2342 XCII.
1789 2289 1839 2342 3.

128 2363 215 2416 vel
250 2365 303 2418 4.
344 2381 443 2412 ===
473 2364 606 2416 410.
652 2382 701 2418 a.
752 2360 884 2416 Chr.
931 2381 984 2415 n.
1031 2360 1264 2415 institui.
1338 2359 1534 2430 Itaque
1572 2359 1654 2414 illi
1676 2411 1680 2415 ,
1703 2359 1840 2414 inci*

131 2433 268 2488 dant
303 2452 529 2499 necesse
566 2442 652 2488 est
684 2434 741 2488 in
778 2431 1003 2506 Olymp.
1040 2431 1209 2488 XCIl.
1248 2433 1297 2487 2.
1336 2432 1424 2486 vel
1462 2434 1512 2487 3.
1552 2449 1662 2502 quo
1697 2448 1841 2485 anno

132 2506 391 2563 universa
426 2506 727 2576 disputatio
765 2513 890 2559 acta
910 2514 998 2560 est
1025 2525 1135 2559 uno
1171 2503 1260 2559 die
1304 2506 1387 2558 19.
1424 2504 1627 2559 mensis
1667 2503 1842 2558 Thar-

134 2578 399 2650 gelionis,
522 2575 931 2648 nandoquidem
974 2578 1147 2631 ‹Pro
1163 2576 1270 2631 clo
1355 2584 1495 2630 teste
1569 2575 1627 2629 in
1700 2575 1840 2630 Tim.

131 2667 187 2723 p.
238 2651 289 2704 9.
356 2650 442 2709 ed.
545 2667 623 2703 as,
683 2656 741 2703 et
797 2668 852 2721 p.
907 2650 1012 2703 27.Δ
1057 2647 1348 2706 Bendidea
1403 2666 1572 2702 verna
1635 2654 1843 2719 tempe-

132 2729 277 2777 etate
327 2722 531 2778 mensis
581 2720 709 2775 anni
757 2720 935 2775 Attici
991 2719 1265 2775 undecimi
1315 2718 1704 2792 Thargelionis
1751 2717 1842 2772 die

134 2792 399 2850 vicesimo
473 2792 751 2849 celebrata
819 2798 981 2860 sunt,
1046 2810 1224 2847 sermo
1283 2798 1465 2845 autem
1528 2809 1563 2844 a
1610 2788 1843 2846 Socrate

136 2866 434 2937 postridie,
515 2882 679 2936 quam
746 2863 965 2918 habitus
1024 2862 1280 2936 fingitur,
1349 2862 1576 2917 Timaeo
1637 2861 1842 2932 Loci-0,

133 2934 344 2994 Critiae
405 2935 748 2994 Callaeschri
797 2935 946 3005 filio,
1003 2934 1353 2991 Hermocrati
1399 2941 1456 2989 et
1499 2934 1692 3008 ignoto
1745 2934 1844 2989 ali·-

134 3008 226 3064 cui
286 3010 539 3066 familiari
591 3014 877 3076 narratur,
930 3006 1096 3063 sicuti
1132 3026 1200 3061 ex
1261 3006 1472 3063 Timaei
1529 3017 1586 3061 et
1626 3005 1842 3062 Critiae

223 3196 271 3248 ⁶)
310 3184 636 3240 Boeekhius
679 3205 825 3241 umen
867 3196 1110 3240 Commeat.
1154 3195 1183 3240 I.
1224 3186 1266 3252 ρ’.
1311 3184 1368 3240 10
1399 3176 1513 3239 eum.
1555 3185 1727 3250 olymp.
1769 3195 1840 3241 93.

310 3255 377 3297 vel
406 3255 479 3300 94.
511 3257 697 3310 periitne
729 3257 993 3311 suspicatur.
1208 3261 1210 3266 ’
1276 3281 1281 3290 ,

203 3341 265 3390 ··)
307 3338 355 3381 V.
391 3325 667 3398 ‘Viti-iuga
707 3341 776 3383 De
821 3341 1096 3396 Protagorae
1137 3324 1242 3385 Vita
1266 3323 1328 3380 'iet
1371 3338 1697 3393 Philosophia,
1730 3338 1841 3381 Gro-

311 3397 434 3450 nlnss.
468 3399 597 3444 1852.
629 3399 670 3443 Β.
702 3415 744 3454 p.
776 3400 842 3445 52.
881 3413 976 3453 «qq.
1790 3406 1793 3411 '

1473 3477 1503 3519 ὅ
