2124 3744
298 192 361 238 44
954 184 1064 250 PL
1083 186 1133 237 A
1148 185 1194 236 T
1215 184 1333 246 QN
1355 183 1380 234 1
1395 183 1434 237 S

310 354 436 396 νους
483 337 634 397 τινας
677 328 816 385 εἶναι
855 329 963 385 ὑπο
995 334 1292 405 σοφιστῶν
1340 339 1513 398 νέους,
1558 336 1999 406 διαφθείροντας

299 421 353 471 δέ
413 438 566 481 τινας
609 417 879 489 σοφιστάς
921 415 1259 482 ἰδιωτικούς,
1305 415 1335 472 ὅ
1383 439 1434 471 τι
1479 422 1569 471 καὶ
1613 415 1772 483 ἄξιον
1816 417 1999 488 λόγου,

214 508 255 558 ss
293 500 407 555 ἀλλ’
463 501 563 556 οὐκ
620 499 829 563 αὐτους
870 498 998 564 τοὺς
1042 501 1220 553 ταῦτα
1275 505 1536 569 λέγοντας
1569 508 1857 570 μεγίστους
1898 506 1999 572 μὲν

298 583 439 640 εἶναι
480 582 773 660 σοφιστάς,
819 582 1101 639 παιδεύειν
1158 587 1214 638 δὲ
1263 586 1569 640 τελεώτατα
1613 589 1706 639 καὶ
1752 585 1999 657 άπεργοὲ·

298 673 513 735 ζεσθαι
541 675 694 734 οἴους
735 669 1041 738 βούλονται
1086 666 1226 723 εἶναι
1280 676 1372 726 καὶ
1422 676 1575 733 νέους
1625 674 1716 724 καὶ
1762 673 2000 741 πρεσβυ-

298 761 486 825 τέρους
533 758 623 808 scal
669 750 882 821 ἄνδρας
926 758 1016 807 καὶ
1060 765 1357 821 γυναῖκας;
1409 753 1559 809 Πότε
1609 755 1706 820 δή;
1755 746 1783 820 ἦ
1830 753 1869 807 δ’
1916 752 1998 817 ὅς.

282 837 480 904 Ὅταν,
540 838 720 900 εἶπον,
783 837 1251 906 ξυγκαθεζόμενοι
1293 837 1515 909 ἀθρόοι
1556 841 1756 894 πολλοὶ
1798 845 1872 901 εὶς
1916 846 2000 892 ὲκ-

300 927 522 989 κλησίας
567 920 620 989 ἣ
649 930 722 985 εἰς
767 923 1093 992 δικαστήρια
1140 918 1172 987 ἢ
1220 927 1442 997 θέατρα
1489 921 1522 989 ἢ
1568 920 1920 994 στρατόπεδα
1967 920 1995 988 ἢ

301 1029 421 1062 τινα
461 1005 637 1063 ἄλλον
682 1028 867 1078 κοινον
912 1008 1178 1072 πλήθους
1219 1006 1483 1077 ξύλλογον
1526 1009 1621 1074 ξυν
1670 1009 1853 1076 πολλῷ
1893 1011 2001 1062 θο-

414 1204 939 1258 διαφθειρομίνους
979 1202 1137 1250 τινὰς
1176 1200 1350 1258 εἶναι]
1410 1204 1611 1245 Inserunt
1640 1207 1720 1257 μέν
1770 1210 1870 1258 post
1908 1205 1993 1244 διε-

298 1265 588 1318 φθαρμένους
619 1261 746 1304 codd.
782 1261 901 1303 Mon.
932 1267 975 1304 et
1004 1264 1123 1305 Flor.
1156 1262 1210 1314 β’.

415 1320 443 1360 δ’
482 1337 538 1366 τι
575 1319 661 1359 καὶ
705 1318 859 1363 ἄξιον
895 1319 965 1373 L]
1008 1322 1082 1360 καί
1120 1334 1206 1361 om.
1250 1319 1342 1362 Vat.
1383 1325 1523 1367 m.‚et
1573 1319 1675 1361 Ven.
1710 1318 1755 1358 Ξ.

300 1376 420 1419 Flor.
452 1391 490 1420 a.
523 1375 559 1417 c.
591 1393 631 1421 α.
665 1393 704 1430 y.
737 1377 825 1416 Sed
859 1388 897 1417 v.
930 1390 1026 1421 aim.

1789 1331 1812 1358 a
1844 1332 1907 1372 pr.
1941 1333 1995 1363 m.

418 1436 466 1476 B.
499 1433 689 1475 κοινὸν
721 1433 983 1486 πλήθους
1014 1433 1316 1488 ξύλλογον]
1384 1432 1529 1474 κοινὸν
1559 1434 1641 1474 -ιοιῖ
1671 1431 1870 1486 πλήθους
1900 1434 1995 1480 ξύλ-

298 1492 426 1548 λογον
456 1493 576 1535 Mon.

301 1615 359 1650 ut
400 1609 474 1650 sit
514 1608 739 1662 dignum
778 1609 923 1661 quod
971 1622 1106 1650 com-

301 1672 667 1716 memoretur;
705 1667 822 1719 quod
867 1679 970 1708 sane
1003 1681 1104 1720 pro-

300 1725 395 1779 pius
426 1726 478 1766 ad
509 1738 658 1767 verum
696 1725 874 1767 accedit.
898 1724 1106 1766 Schiei-

299 1782 645 1825 ermacherns
693 1796 796 1825 vero
860 1781 888 1822 δ’
946 1799 991 1823 τι
1036 1783 1106 1823 καὶ

298 1840 418 1883 ἄξιον
455 1840 591 1894 λόγου
632 1842 770 1884 iunxit
811 1853 906 1882 cum
939 1840 1103 1882 ἰδιωτι-

295 1896 428 1949 κούς,
461 1899 576 1952 quod
610 1900 908 1953 imperitos
940 1899 1105 1951 signifi-

295 1962 429 2005 caret,
463 1962 508 1999 et
539 1959 671 2000 verba
705 1959 767 1999 sic
795 1958 1105 2009 interpretatus

296 2019 386 2057 est:
419 2015 532 2057 Und
567 2015 690 2057 dass
723 2015 843 2058 ihre
874 2015 1105 2056 Verder-

294 2075 390 2114 ber
441 2073 759 2126 Sophisten
811 2071 962 2123 sind,
1016 2085 1105 2113 un·

295 2128 650 2181 bYedeut'ende
701 2129 1002 2174 Menscheu
1053 2132 1106 2170 in

294 2190 458 2230 aliem
507 2202 610 2229 was
662 2202 756 2231 nur
814 2189 909 2230 der
955 2180 1107 2230 Rede

296 2246 469 2287 werth
519 2247 606 2291 ist.
673 2247 806 2291 Quod
846 2246 972 2287 uobis
1012 2247 1109 2299 qui-

297 2305 598 2346 dem'minime
629 2307 853 2358 probatur.
887 2304 996 2346 Nam
1018 2304 1107 2358 pri—

297 2375 413 2404 mum
444 2358 666 2404 *mammet
693 2363 924 2405 manifesto
969 2369 1108 2415 oppo—

297 2426 456 2461 nuntur
487 2422 673 2474 publicis
703 2421 1002 2470 conventibus,
1036 2419 1107 2472 qui

298 2478 504 2528 deinceps
531 2484 940 2522 commemorantur.
964 2478 1106 2518 vDein-

297 2536 354 2578 de
398 2548 482 2578 non
524 2542 729 2592 apparet,
770 2542 846 2578 cur
885 2535 1103 2588 sophista-

294 2607 390 2635 rum
444 2597 607 2637 mentio
665 2609 776 2636 nunc
829 2600 951 2635 tauto
1006 2605 1103 2635 cum

296 2658 518 2695 contemtu
571 2652 813 2705 inficiatur,
859 2664 985 2704 quum
1028 2665 1105 2705 po-

297 2712 424 2764 pulus
455 2711 782 2754 Atheniensium
825 2711 864 2751 in
898 2710 1106 2763 proximis

297 2769 435 2811 multo
467 2771 632 2812 maiore
669 2781 766 2810 cum
805 2766 1107 2821 reprehensio-

298 2840 352 2868 ne
385 2833 765 2870 commemoretur.
806 2827 1009 2878 Suppetit
1040 2831 1106 2866 ta—

297 2884 391 2927 men
434 2885 588 2927 idonea
629 2886 735 2927 satis
767 2885 997 2926 verborum
1031 2883 1102 2923 in-

297 2944 568 2996 terpretatio.
610 2943 719 2986 Nam
753 2940 782 2983 δ’
810 2951 856 2982 τι
886 2939 957 2980 καὶ
986 2939 1106 2983 ἄξιον

297 2999 432 3054 λόγου
473 3003 712 3055 significat:
769 3004 1003 3048 tautum,
1051 3003 1107 3039 ut

298 3059 388 3098 vel
425 3058 704 3115 menitione
749 3057 1104 3110 dignumsit,

299 3115 595 3170 cohaeretque
655 3119 759 3158 cum'
813 3115 1103 3168 antegressis:

300 3172 699 3228 διαφθειρομένους
733 3170 855 3217 τινὰς
884 3172 995 3212 εἶναι
1013 3169 1098 3212 ὑπὸ

298 3235 513 3284 σοφιστῶν
540 3236 671 3284 νέους,
699 3230 1042 3287 διαφθείροντας
1062 3230 1112 3270 δέ

299 3288 755 3340 τινας-ἷδιωτικούς,“
776 3292 823 3329 ut
853 3294 971 3330 recte
999 3287 1106 3328 utri-

298 3346 381 3397 q'ue
435 3348 630 3389 membro
695 3346 985 3400 postpositum
1039 3345 1109 3385 sit.

299 3403 514 3446 Quocirca
566 3406 776 3445 sententia
861 3402 966 3444 haec
1018 3404 1108 3443 est‘t

298 3464 376 3503 An
425 3469 478 3505 tu
532 3474 746 3516 quoque
812 3469 978 3515 putas
1022 3466 1108 3502 aut

1193 1610 1602 1650 adolescentes
1652 1604 1912 1660 quosdam
1974 1622 1997 1648 a

1193 1665 1463 1720 sophistis
1522 1671 1823 1717 tantopere
1887 1678 1996 1706 eor-

1193 1724 1368 1778 rumpi
1400 1728 1491 1766 aut
1521 1722 1806 1777 sophistas
1836 1736 1997 1775 quos-

1193 1782 1309 1824 dam
1351 1787 1408 1823 ut
1446 1783 1701 1824 homines
1749 1778 1997 1834 privatos

1192 1840 1325 1897 {llos
1395 1841 1532 1882 adeo
1614 1851 1995 1893 corrumpere,

1189 1904 1244 1941 ut
1273 1900 1356 1940 vei
1390 1910 1598 1953 operae
1641 1897 1892 1950 pretium
1925 1899 1996 1937 sit

1192 1970 1252 1999 ea
1288 1957 1352 1998 de
1380 1968 1437 1997 re
1468 1955 1679 2005 dicere,
1713 1955 1924 2006 siquidem
1947 1968 1997 1995 ea

1192 2014 1445 2067 depravatio
1505 2013 1559 2056 ad
1630 2012 1826 2066 publicae
1883 2012 1999 2054 vitae

1191 2072 1514 2126 corruptionem
1559 2074 1851 2124 comparetur,
1889 2082 1999 2121 quae

1192 2135 1312 2171 certe
1353 2131 1488 2172 multo
1531 2129 1667 2170 maior
1706 2127 1806 2169 est?
1867 2127 1995 2176 Quod

1194 2188 1340 2229 demta
1372 2186 1723 2240 interrogationis
1760 2184 1899 2226 forma
1934 2187 1996 2227 ni—

1192 2246 1251 2287 hil
1270 2244 1383 2286 aliud
1403 2246 1612 2298 significat
1637 2244 1717 2286 nisi
1747 2241 1854 2284 hoc:
1880 2242 1995 2285 Non

1194 2304 1368 2345 debes
1439 2308 1654 2356 putare,
1725 2301 1995 2352 damnum,

1193 2360 1339 2414 quod
1387 2366 1479 2402 aut
1521 2359 1926 2402 adolescentes
1971 2372 1996 2399 a

1193 2418 1470 2472 sophistis
1493 2419 1888 2472 accipiantaut
1913 2429 1995 2458 so-

1191 2474 1414 2532 phistae
1453 2478 1574 2518 illis
1614 2475 1898 2524 inferant,
1943 2475 1995 2516 id

1192 2546 1341 2587 esse,
1395 2534 1543 2587 quod¹
1583 2535 1675 2576 vel
1715 2533 1996 2574 mentione

1191 2593 1409 2646 dignum
1465 2593 1567 2643 sit,
1632 2596 1798 2644 atque
1859 2592 1995 2640 tale,

1192 2650 1336 2704 quod
1369 2650 1857 2704 compa-rariqueat
1881 2660 1995 2688 cum

1192 2708 1576 2761 magnitudine
1614 2707 1793 2749 damni
1835 2706 1996 2747 mori-

1192 2767 1286 2808 bus
1331 2777 1653 2819 e‘orum‘per
1698 2764 1995 2805 communis

1193 2826 1338 2866 vitae
1394 2822 1864 2866 consuetudinem
1894 2820 1992 2860 ⁴in-

1190 2881 1352 2923 flicti.
1383 2881 1598 2923 Concedit
1628 2880 1759 2933 igitur
1785 2879 1993 2919 Socrates

1191 2940 1354 2992 utique·
1371 2940 1494 2980 bonis
1527 2939 1718 2979 moribus
1738 2936 1994 2977 adolescen-

1190 2998 1294 3038 tium
1325 2997 1452 3038 etiam
1478 3009 1554 3050 per
1575 2995 1796 3049 sophistas
1825 2995 1994 3044 noceri3

1190 3055 1266 3096 sed
1300 3057 1435 3095 muito
1465 3054 1643 3107 <gravius¹
1667 3052 1897 3102 damnum5
1939 3052 1992 3095 ad

1190 3114 1311 3154 cuius
1341 3110 1673 3164 magnitudinem
1709 3115 1838 3162 negat
1876 3111 1992 3151 iilam

1189 3171 1493 3227 corruptelam
1515 3167 1854 3222 comparandam
1868 3180 1993 3218 esse,

1193 3241 1246 3270 ex
1288 3227 1435 3281 popuii
1477 3225 1755 3268 Atheniensis
1801 3225 1994 3267 moribus

1193 3286 1292 3328 oriri
1323 3284 1567 3327 arbitratur.
1629 3284 1859 3325 Formula:
1893 3280 1923 3322 δ’
1950 3299 1993 3323 τι

1192 3341 1412 3388 καὶὸἕιον
1431 3340 1579 3397 λόγου,
1610 3355 1713 3383 was
1744 3340 1873 3382 auch
1896 3353 1991 3381 nrir

1195 3401 1288 3443 der
1334 3400 1484 3442 R'ede
1533 3400 1699 3441 werth
1747 3401 1849 3449 ist,
1908 3411 1989 3439 non

1195 3459 1306 3502 adeo
1327 3459 1410 3500 rari
1436 3466 1502 3502 est
1519 3471 1645 3502 usus.¹
1672 3458 1774 3500 Eut
1788 3457 1811 3498 h
1824 3455 1920 3510 yde
1935 3469 1989 3499 m-
