2072 3730
237 132 341 187 426
846 135 1316 193 PLATONIS

239 302 294 334 τε
351 284 442 335 καὶ
499 280 900 353 ἀφθονεστέρα
962 281 992 349 ἡ
1047 285 1264 351 ἐξουσία
1323 287 1421 351 τῆς
1497 287 1608 339 τῶν
1659 289 1933 356 γυναικῶν

237 364 652 434 ξυγκοιμήσεως,
694 369 787 418 ἵνα
833 370 924 421 καὶ
967 364 1087 437 ἅμα
1131 368 1268 438 μετὰ
1295 366 1627 443 προφάσεως
1669 369 1743 434 ὡς
1786 374 1934 425 πλεῖ-

237 468 360 503 στοι
404 452 514 503 τῶν
559 452 772 505 παίδων
818 457 884 504 ἐκ)
925 455 1031 507 τῶν
1077 454 1341 508 τοιούτων
1383 459 1730 524 σπείρωνται.
1814 453 1934 523 'Op-

236 535 379 596 θῶς.
460 531 682 588 Οὐκοῦν
711 532 900 589 καὶτὰ
935 536 1022 592 ἀεὶ
1052 537 1350 608 γιγνόμενα
1396 543 1591 607 ἔκγονα
1637 542 1935 608 παραλαμ-

169 647 171 649 -
235 616 516 687 βάνουσαι
554 622 616 672 αἱ
651 621 738 672 ἐπὶ
767 617 984 674 τούτωνΙ
1001 628 1353 695 ἐφεστηκυῖαι
1378 620 1545 692 ἀρχαὶ
1573 623 1678 677 εἴτε
1710 623 1934 694 ἀνδρῶν

236 701 340 756 εἴτε
372 704 648 773 γυναικῶν
690 702 799 756 εἴτε
825 704 1134 779 ’ἀμφότερα
1161 740 1259 769 —,
1301 710 1484 762 κοιναὶ
1531 711 1632 777 μὲν
1673 708 1799 779 γάρ
1826 728 1935 761 που

241 790 333 839 καὶ
377 786 545 857 ἀρχαὶ
592 787 806 852 γυναιξί
854 810 906 843 τε
950 793 1040 843 καὶ
1085 789 1342 860 ἀνδράσι.
1402 794 1538 861 Ναί.
1573 823 1640 831 --
1684 789 1795 846 *Tv‘c
1835 795 1936 857 μὲν

233 866 308 935 δὴ
381 873 491 924 τῶν
561 870 838 938 ἀγαθῶν,
914 876 1084 938 δοκῶ,
1142 878 1428 946 λαβοῦσαι·
1470 881 1544 940 εἰς
1606 873 1705 929 τὸν
1765 875 1936 941 σηκὸν

241 955 652 1026 οἴσουσι,παρά
699 978 873 1020 τιναςΧ
899 959 1173 1031 τροφούς,
1211 964 1378 1031 χωρὶς
1421 959 1682 1023 οἰκούσας
1725 965 1780 1015 ἕν
1826 981 1937 1014 τινι

239 1047 389 1109 μέρει
437 1043 536 1106 τῆς
562 1038 788 1105 πόλεως
803 1060 815 1072 ·

869 1041 938 1096 τὰ
986 1046 1042 1097 δὲ
1088 1046 1197 1098 τῶν
1236 1043 1532 1118 χειρόνων,
1588 1049 1679 1099 καὶ
1738 1044 1838 1099 ἐάν
1881 1065 1935 1098 τι

239 1127 350 1178 τῶν
391 1131 587 1195 ἑτέρων
622 1125 928 1196 ’ἀνάπηρον
971 1132 1342 1195 γίγνηται,υὲν
1389 1126 1698 1202 ἀπορρήτῳ
1741 1150 1798 1182 τε
1843 1133 1936 1181 καὶ

237 1207 446 1277 ἀδήλῳ,
498 1212 990 1283 κατακρύψουσιν,
1065 1211 1139 1276 ὡς
1199 1224 1404 1282 πρέπει.

238 1298 372 1368 ἔφη,
417 1292 707 1364 καθαρὸν
730 1293 792 1349 τὸ
832 1305 991 1363 γένος
1031 1299 1142 1350 τῶν
1181 1297 1448 1371 φυλάκων
1490 1301 1739 1354 ἔσεσθαι.

357 1431 463 1484 Cap.
486 1431 565 1472 lX.
611 1432 663 1472 B.

1509 1215 1679 1281 Εἴπερ
1741 1215 1935 1282 μέλλει,

1830 1295 1937 1351 Οὐ-

709 1433 794 1472 καὶ
828 1427 1225 1503 ἀφθονεστέρα
1258 1431 1282 1488 ἦ
1313 1434 1574 1489 ἐξουσία]
1607 1435 1935 1487 Μοιι.1·Ἲοι·.β.

176 1496 178 1498 ’
241 1484 549 1542 ἅφθοιωτέρα.
607 1489 677 1531 De
708 1491 853 1531 forma
884 1487 1193 1562 ἀφθονεστέρα
1222 1507 1264 1533 v,
1296 1493 1457 1535 Matth.
1491 1492 1570 1535 Gr.
1603 1493 1656 1534 T.
1690 1493 1732 1533 Ι.
1759 1506 1802 1545 p.
1834 1493 1933 1536 251.

355 1549 464 1588 εἴτε
492 1561 776 1601 γυναικων
808 1551 919 1590 εἴτε
948 1545 1266 1604 ἀμφότερα]
1298 1552 1373 1594 Sic
1403 1553 1506 1594 Par.
1527 1554 1588 1598 A.
1622 1551 1717 1591 Vat.
1745 1549 1793 1591 Θ.
1829 1551 1936 1593 Ven-

245 1604 352 1649 ΞΙΙ.
390 1606 516 1649 vind.
551 1607 653 1647 vat.
686 1622 741 1647 m.
772 1621 807 1647 r.
842 1613 885 1647 et
915 1609 1104 1650 fortasse
1135 1609 1401 1711 Flo-rentini.

360 1662 460 1717 γάρ
498 1678 603 1704 που
641 1666 729 1705 καὶ
760 1661 916 1718 α’ρχαὶ
949 1667 1015 1722 γ.]
1054 1667 1168 1710 Ven-

244 1727 363 1763 serto
396 1724 582 1764 articulo
616 1725 684 1763 καὶ
718 1739 760 1764 αι
793 1719 931 1777 α’ρχιιί.

1462 1611 1612 1663 Vulgo
1646 1603 1897 1663 ἀμφότεραι.

1239 1669 1379 1712 ..Vat
1410 1684 1465 1710 m.
1499 1669 1623 1710 Flor.
1655 1681 1695 1708 a.
1728 1682 1765 1708 c.
1799 1681 1839 1721 γ.
1869 1668 1937 1708 in-

361 1780 411 1821 C.
474 1779 646 1835 Εἴπερ
676 1781 856 1832 μέλλει
886 1807 942 1813 -
975 1781 1256 1838 καθαρόν]
1298 1784 1399 1825 Par.
1426 1786 1473 1838 A.
1510 1783 1616 1826 Ven.
1648 1783 1708 1847 ΙΙ.
1740 1782 1843 1823 Par.
1874 1783 1935 1847 D.

243 1837 368 1881 Mon.
407 1839 501 1880 Vat.
535 1854 590 1883 ιιι
622 1837 777 1890 μέλλοι,
839 1842 974 1883 Male.

360 1898 418 1938 D.
483 1895 540 1938 ἐὰ
554 1913 578 1938 ν
606 1895 672 1953 μὴ
704 1891 861 1940 αὗται
895 1899 955 1940 ἱκ.
967 1899 986 1952 ]
1023 1899 1112 1940 Par
1125 1899 1182 1939 A.
1208 1899 1498 1952 probantibus
1515 1897 1647 1939 Tui-r.
1667 1902 1711 1938 et
1730 1895 1938 1942 Schneid.

243 1949 382 1996 αυῖαί.

243 2093 298 2100 -
347 2070 415 2110 καὶ
458 2064 575 2112 ἆθλα
620 2073 895 2113 nominativo
942 2076 1047 2113 cas‘u

243 2130 564 2181 accipiendum,
589 2131 674 2170 nisi
703 2132 1048 2172 constructionis

244 2188 495 2287 enaBllagen
521 2195 715 2240 statuere
760 2191 1046 2232 voluerimus.

423 2241 643 2287 Ουκοῦν
709 2248 792 2287 καὶ
856 2245 914 2290 τὰ
965 2242 1048 2288 ἀεὶ

248 2318 285 2357 γ.
301 2245 432 2356 Βέκγ,
483 2304 1046 2358 παραλαμβάνουσαι]

247 2364 322 2403 As
338 2367 368 2401 t.
391 2369 483 2403 aut
511 2361 927 2416 παραλαμβάνουσιν
945 2365 1049 2404 scri-

246 2421 439 2461 bendum
498 2428 573 2462 aut
636 2421 745 2462 εἰσίν
801 2423 1052 2474 intelligen-

248 2479 351 2519 dum
371 2479 567 2531 putabat.
601 2479 704 2519 Non
724 2475 873 2524 credo.
894 2479 1050 2522 Oratio

247 2538 500 2588 parenthesi
571 2538 817 2591 interrupta
878 2539 1053 2581 deinde

249 2598 534 2636 continuatur
574 2597 744 2638 verbis·
793 2593 888 2641 Τὰ
892 2595 968 2650 μὲν
999 2593 1051 2650 δὴ

251 2655 335 2693 τιῦν
367 2648 550 2707 ἀγαθῶν
591 2668 629 2694 κ.
663 2670 695 2695 τ.
731 2656 788 2702 λ,
821 2668 933 2707 qnae
964 2657 1052 2698 iam

248 2713 295 2751 in
365 2719 513 2753 mente
574 2713 766 2754 habebat
830 2709 1051 2766 Socrates,

249 2771 481 2812 additurus
521 2772 638 2812 haud
679 2773 811 2812 dubie
850 2773 896 2811 in
936 2772 1054 2817 hunc

251 2829 450 2869 modum:
484 2826 627 2878 τὰμὲν
663 2829 746 2870 τῶν
779 2824 963 2882 ἀγαθῶν
992 2828 1054 2870 εἰς

253 2883 327 2926 τὸν
360 2883 497 2956 σηκὸν
527 2888 701 2928 οἴσουσι
728 2903 765 2928 κ.
791 2903 822 2928 τ.
845 2888 878 2930 λ.
913 2888 1054 2929 Dein-

253 2946 306 2984 de
335 2945 416 2986 εἴτε
449 2937 671 2999 ἀμφότερα
695 2947 895 2987 absolute
927 2948 1052 2987 addi-

253 3009 367 3052 tum,
410 3017 493 3045 usu
532 3005 648 3046 haud
687 3006 980 3057 infrequenti,
1011 3020 1051 3045 v..

252 3062 310 3100 ad
356 3063 548 3116 Apolog.
597 3062 767 3105 Socrat.
808 3077 850 3115 p.
896 3063 966 3106 22⁴·
1001 3063 1052 3102 Ε-

255 3118 366 3160 Voc.
390 3118 524 3172 σηκός
550 3121 824 3166 Timaeus
843 3118 1052 3173 GlossMp

253 3175 357 3219 230.
375 3178 708 3231 interpretatur.
742 3179 917 3221 ἔπαυλις
941 3193 1053 3232 τριγ-

256 3235 317 3288 χώ
349 3236 637 3304 περιεχομένη
669 3239 742 3279 ubi
777 3252 818 3278 v.
839 3237 1054 3281 Ruhnk.

316 3293 368 3339 C.
428 3288 711 3348 ἀνάπηρον
770 3297 1052 3365 γίγνηταιΙ

264 3350 467 3392 Pollux
501 3351 658 3394 Οιιοιιι.
677 3355 740 3404 ΙΙ,
780 3355 859 3397 61:
893 3349 1054 3406 ἀνάπη-

260 3407 339 3460 ρός
369 3409 484 3452 ἐστιν
516 3405 540 3449 ὁ
576 3412 661 3452 πᾶν
683 3409 730 3452 τὸ
765 3412 884 3462 σῶμα
915 3425 1048 3465 πεπη-

1136 2070 1340 2124 ρωμέιωος
1359 2069 1549 2110 Schol.
1582 2070 1639 2110 ad
1659 2068 1790 2110 Iliad.
1816 2070 1860 2122 β.
1893 2083 1935 2113 v.

1133 2131 1249 2174 599·
1292 2125 1434 2182 πηρὸε
1472 2128 1654 2168 καλεῖται
1696 2126 1720 2168 ὁ
1763 2125 1867 2168 κατά
1901 2143 1936 2168 τι

1133 2187 1266 2241 μέρος
1297 2187 1377 2228 τοῦ
1411 2183 1606 2237 σώματος
1625 2185 1937 2239 βεβλαμμένος.

1134 2247 1333 2288 Verbum
1366 2248 1576 2299 σπαργᾶν,
1591 2244 1751 2304 quod
1758 2246 1939 2293 omnino

1135 2306 1190 2346 dc
1251 2297 1593 2361 luxuriante
1629 2296 1939 2354 humorum,

1135 2365 1199 2403 ad
1251 2362 1643 2416 cxci-ctionem
1686 2362 1941 2411 prurien-

1136 2423 1301 2471 tium,
1322 2421 1532 2473 impetu
1559 2410 1737 2471 dicitur,
1761 2418 1847 2460 hoc
1874 2420 1941 2459 lo-

1137 2493 1189 2520 co
1232 2480 1298 2519 de
1348 2478 1521 2527 lacte,
1571 2477 1720 2529 quod
1764 2478 1942 2518 ubera

1138 2524 1443 2583 distendit,
1490 2535 1814 2602 accipiendum,
1865 2535 1942 2576 do-

1138 2602 1265 2643 cente
1312 2586 1661 2635 Ruhnkenio
1715 2593 1771 2634 ad
1825 2593 1940 2636 Tim.

1139 2653 1288 2700 Gloss.
1306 2666 1349 2705 p
1359 2650 1475 2698 234.
1511 2655 1554 2695 et
1584 2648 1721 2692 schol.
1755 2653 1812 2692 ad
1846 2652 1887 2698 h.
1911 2652 1939 2698 l.

1196 2710 1252 2755 ἐν
1278 2704 1575 2767 α’πορρήτῳ
1609 2705 1674 2748 τε
1705 2709 1790 2752 καὶ
1822 2700 1940 2760 ἀδή-

1140 2773 1206 2827 λῳ
1241 2764 1726 2827 κατακρύψουσιν]
1760 2767 1875 2808 Tim.
1898 2781 1940 2819 p.

1141 2815 1212 2885 19.
1241 2833 1312 2869 ..A
1329 2859 1342 2879 ‚
1382 2826 1459 2868 ubi
1509 2825 1620 2865 haec
1669 2826 1940 2866 referuntur:

1143 2889 1212 2930 καὶ
1252 2883 1336 2938 μήν
1371 2881 1435 2925 ὅτι
1467 2896 1544 2936 γε
1547 2879 1594 2922 τὰ
1616 2881 1692 2932 μὲν
1724 2883 1807 2923 τῶν
1837 2878 1942 2936 α’γα-

1140 2947 1241 2989 {mv
1282 2940 1509 3011 θρεπτέοι)
1539 2939 1701 2991 ἔφαμεν
1734 2955 1798 2981 ειι
1800 2956 1860 2990 αι
1888 2937 1944 2983 τὰ

1142 3003 1189 3046 δὲ
1217 3002 1300 3043 τῶν
1329 2997 1509 3054 φαύλων
1540 2995 1621 3038 εἰς
1652 2997 1743 3052 τὴν
1774 2997 1943 3052 ἄλλην

1142 3056 1345 3114 λάθραἸ
1392 3054 1689 3098 διαδοτέον
1761 3055 1942 3101 πόλιν,

1141 3119 1306 3173 ἐπαυξο
1340 3116 1450 3156 ε’νων
1489 3112 1535 3153 δὲ
1568 3117 1847 3158 σκοποῦντας
1877 3110 1942 3155 αἐι

1143 3175 1248 3220 τοὺς
1293 3175 1445 3226 αξιουε·
1478 3169 1601 3212 πάλιν
1635 3169 1809 3245 ἀνάγειν
1839 3172 1941 3220 δεῖν,

1143 3234 1247 3278 τοὺς
1286 3231 1332 3274 δὲ
1374 3229 1490 3284 παρὰ
1529 3235 1679 3282 σφίσιν
1731 3227 1942 3283 ἀναξίους

1141 3294 1186 3342 ἐς
1232 3289 1309 3344 τὴν
1361 3305 1444 3330 των
1496 3286 1763 3332 ἐπανιόντων
1801 3287 1955 3342 χώραν

1141 3346 1440 3404 μεταλλάττειν.
1501 3347 1586 3386 Ex
1604 3343 1763 3402 quibus
1796 3348 1943 3389 verbis

1143 3402 1423 3462 Gottling
1441 3406 1633 3448 praefat
1645 3409 1701 3450 ad
1713 3407 1940 3450 Aristotel.
