2106 3594
291 163 406 217 XX

287 306 421 360 haec
458 305 673 358 tertium
714 321 930 375 quoque
971 311 1073 369 est,
1113 302 1259 375 quod
1295 304 1348 356 in
1386 303 1755 376 superioribus
1791 304 1977 376 posui,-

287 396 424 443 mus,
464 374 631 444 quod,
659 393 788 428 sane
842 372 1213 444 dignissimum
1253 375 1468 428 videtur
1505 374 1753 447 diligenti
1791 374 1978 429 obser-—

287 448 516 500 vatione.
610 444 805 498 Voluit
864 444 1005 497 enim
1065 444 1223 498 Plato
1286 446 1561 516 perfectae
1626 445 1977 515 eiusdemque

287 518 476 571 beatae
549 515 692 569 vitae
765 514 1086 568 adumbrare
1158 534 1223 570 ac
1289 517 1595 570 describere
1668 517 1976 589 imaginem.

288 587 508 658 Quippe
549 597 637 640 est
682 606 811 640 sane
863 586 1109 640 Platonis
1157 587 1360 642 iudicio
1409 588 1523 639 vita
1579 587 1724 641 iusta
1788 587 1979 641 eadem

286 659 467 726 beata,
507 656 947 728 quandoquidem
971 657 1224 713 virtutem
1254 659 1519 712 iudicavit
1553 678 1682 711 vera
1715 659 1977 712 felicitate

288 738 343 782 et
367 729 637 783 'beatitate
676 749 743 782 ex
780 729 1077 798 sapientiae
1116 740 1168 783 et
1215 730 1518 785 honestatis
1556 730 1741 783 fructu
1776 729 1978 783 redun-

287 800 450 853 dante
487 819 763 870 nunquam
799 800 1036 855 destitui.
1111 799 1479 870 Quamobrem
1516 801 1574 853 in
1611 801 1812 854 Politia
1849 801 1979 854 dum

285 871 450 924 vitam
496 872 693 924 iustam
748 871 1066 943 descripsit,
1129 872 1317 926 eadem
1366 891 1532 943 opera
1592 873 1754 925 etiam
1812 873 1979 925 vitam

285 941 502 997 beatam
562 943 889 996 informavit.
966 942 1131 1011 Quod
1180 944 1399 1014 quidem
1447 943 1650 1015 pariter
1698 943 1755 996 in
1803 943 1976 996 homi-

285 1032 408 1073 nem
456 1021 619 1084 atqne
667 1015 724 1067 in
772 1015 1046 1073 civitatem
1080 1016 1361 1084 convenit,
1402 1013 1840 1085 quandoquidem
1877 1013 1979 1067 ho—

285 1085 446 1139 minis
492 1086 750 1139 virtutem
803 1086 964 1140 etiam
1012 1088 1068 1139 in
1115 1087 1260 1140 civili
1298 1087 1558 1140 societate
1595 1097 1854 1155 tanquam
1893 1104 1978 1138 re-

285 1156 494 1228 fulgere
533 1157 732 1226 voluit,
785 1165 848 1210 ut
896 1157 1038 1211 hanc
1076 1178 1294 1228 quoque
1334 1165 1595 1229 appareat
1628 1157 1846 1210 virtutis
1883 1157 1979 1211 be-

286 1231 476 1281 atitate
523 1229 688 1299 potiri
738 1248 914 1300 posse.
1003 1229 1120 1283 Iam
1157 1249 1287 1284 vero
1325 1248 1425 1283 nec
1464 1229 1600 1285 illud
1641 1227 1979 1281 animadver-

286 1309 402 1352 tere
452 1298 521 1352 ad
569 1301 874 1369 praesentis
931 1300 1009 1353 rei
1071 1300 1331 1355 iudicium
1393 1300 1495 1354 erit
1541 1300 1764 1368 inutile,
1828 1297 1979 1368 quod

285 1370 672 1441 philosophum
727 1369 960 1426 diximus
1009 1373 1117 1426 vim
1171 1381 1224 1426 et
1274 1371 1779 1444 praestantiam
1833 1371 1979 1423 vitae

284 1442 492 1495 iustitia
538 1443 814 1512 perfectae
861 1442 1151 1498 ostendere
1202 1463 1265 1497 ac
1316 1443 1684 1496 demonstrare
1721 1442 1975 1496 voluisse.

287 1511 451 1580 Quod
501 1512 720 1582 quidem
770 1532 834 1566 ea
879 1515 1087 1568 ratione
1135 1515 1380 1568 effecisse
1429 1513 1822 1567 existimandus
1877 1521 1977 1577 est,

284 1593 347 1636 ut
382 1604 494 1636 non
518 1584 682 1637 modo
718 1585 1018 1638 ostenderit
1054 1605 1318 1639 summum
1344 1585 1559 1638 virtutis
1596 1603 1660 1638 ac
1688 1584 1978 1656 perfectio-

285 1655 371 1708 nis
419 1656 546 1709 fasti
576 1656 730 1723 ium,
780 1655 850 1709 ad
899 1656 1046 1727 quod
1082 1658 1196 1710 vita
1232 1657 1468 1710 humana
1506 1657 1679 1710 omnis
1717 1656 1845 1709 eniti
1884 1654 1978 1709 de-

285 1727 443 1796 beat,
481 1745 538 1780 se
616 1731 773 1780 etiam
811 1728 1169 1783 consideratis
1229 1728 1388 1782 simul
1425 1728 1571 1781 vitae
1610 1727 1886 1780 dissimilis
1925 1734 1979 1779 et

285 1798 598 1852 contrariae·
649 1799 952 1859 rationibus
1006 1800 1281 1869 luculente
1322 1797 1771 1852 demonstraverit
1811 1798 1977 1852 vitam

283 1869 561 1922 hominum
612 1876 724 1922 tam
772 1869 1111 1924 sincrulorum
1165 1890 1325 1941 quam
1363 1870 1626 1924 societate
1663 1869 1810 1922 civili
1848 1887 1978 1922 con-

282 1940 592 1994 iunctorum
638 1949 793 1994 tanto
845 1914 1166 1995 d³eteriorem
1213 1961 1276 1995 ac
1325 1941 1656 1995 miseriorem
1720 1940 1975 2008 existere,

280 2019 491 2083 quanto
528 2012 700 2084 magis
748 2033 780 2066 a
814 2013 1023 2067 iustitia
1059 2031 1234 2082 eoque
1272 2013 1433 2065 etiam
1472 2013 1539 2066 ab
1577 2031 1815 2066 summae
1851 2031 1976 2082 per-

283 2083 539 2137 fectionis
589 2083 770 2155 specie
821 2092 875 2137 et
922 2083 1046 2138 idea
1097 2085 1227 2138 boni
1275 2083 1563 2138 desciscat.
1651 2082 1810 2151 Quae
1856 2083 1976 2165 ipsa

285 2170 480 2209 caussa
515 2169 625 2224 est,
666 2174 763 2208 cur
798 2155 958 2208 etiam
995 2156 1294 2209 iniustitiae
1347 2163 1401 2208 et
1450 2173 1740 2226 pravarum
1785 2154 1974 2207 civita-

284 2227 357 2281 tis
405 2227 694 2280 formarum
753 2227 1017 2280 rationem
1081 2226 1387 2280 habendam
1452 2245 1574 2280 esse
1632 2225 1972 2278 iudicaverit.

284 2297 558 2352 Nimirum
603 2298 711 2351 fuit
735 2298 1112 2370 ⁴philosophus
1149 2317 1250 2352 nec
1288 2317 1511 2351 suorum
1558 2305 1862 2368 temporum
1909 2315 1974 2350 ac

283 2369 628 2440 popularium
665 2370 970 2438 immemor,
1008 2369 1241 2440 ideoque
1283 2368 1705 2441 prudentissimo
1745 2367 1971 2421 consilio

287 2441 440 2510 operi
489 2460 590 2494 suo
641 2441 768 2510 talia
818 2459 1035 2512 quoque
1083 2441 1427 2509 intertexuit,
1492 2458 1629 2509 quae
1699 2438 1769 2492 ad
1826 2439 1972 2492 vitae

284 2512 588 2582 praesentis
637 2513 910 2574 fortunam
961 2519 1016 2566 et
1061 2511 1427 2567 conditionem
1475 2511 1702 2582 propius
1758 2521 1972 2581 specta-

285 2593 422 2637 rent.
509 2582 636 2651 Quo
683 2584 803 2655 ipso
850 2583 908 2636 id
970 2592 1056 2638 est
1101 2590 1468 2653 consequutus
1523 2581 1673 2651 quod
1732 2582 1971 2652 pictores

286 2655 401 2708 fere
449 2655 504 2708 in
567 2656 762 2709 tabulis
809 2655 921 2709 suis
970 2664 1382 2723 consectantur,
1432 2661 1494 2707 ut
1541 2653 1785 2724 picturae
1838 2671 1969 2706 suae

286 2726 478 2796 figuris
525 2733 784 2797 tanquam
837 2726 1218 2799 grandioribus
1262 2727 1423 2779 etiam
1473 2723 1806 2793 aliquantum
1853 2742 1971 2776 um-

287 2796 420 2848 brae
477 2797 842 2867 admiscuerit,
882 2817 989 2867 quo
1047 2799 1173 2852 illae
1222 2798 1377 2868 ipsae
1441 2794 1732 2848 lucidiores
1803 2802 1969 2864 atque

290 2866 652 2923 evidentiores
689 2869 996 2924 videantur.
1070 2868 1183 2924 Sed
1220 2888 1341 2922 cum
1379 2867 1481 2919 hac
1519 2866 1639 2936 ipsa
1674 2884 1732 2918 re
1768 2884 1971 2937 cogna-

288 2945 404 2990 tum
451 2947 536 2992 est
584 2940 982 3007 quodammodo
1021 2941 1181 2995 etiam
1217 2938 1370 3006 illud,
1396 2937 1543 3007 quod
1581 2955 1746 3007 supra
1779 2937 1836 2989 in
1874 2937 1970 2990 de·-

290 3011 591 3080 signatione
663 3012 905 3081 consilii,
966 3011 1113 3081 quod
1159 3010 1516 3082 philosophus
1567 3016 1829 3077 sequutus
1875 3009 1966 3077 sit,

290 3080 744 3152 significavimuS,
795 3101 917 3135 eum
964 3083 1067 3136 hac
1105 3081 1399 3152 scriptione
1436 3100 1535 3133 sua
1570 3078 1968 3150 philosophiam

290 3153 358 3206 ab
384 3168 387 3193 ῑ
411 3172 520 3205 uno
578 3151 795 3207 homine
852 3153 909 3205 in
966 3154 1329 3225 patentiorem
1377 3171 1627 3223 campum
1689 3150 1965 3204 societatis

290 3223 464 3283 civilis
512 3222 795 3285 eduxisse.
846 3222 1011 3291 Quod
1050 3223 1266 3294 quidem
1302 3231 1631 3294 postremum
1665 3228 1776 3285 est,
1818 3220 1967 3290 quod

289 3295 345 3348 in
382 3294 484 3349 hac
515 3308 710 3350 caussa
746 3294 1094 3349 diiudicanda
1118 3295 1403 3367 diligenter
1423 3293 1701 3348 observari
1717 3292 1964 3346 velimus.

292 3364 674 3437 Consequutus
722 3366 861 3420 enim
909 3366 1265 3439 philosophus
1312 3364 1651 3420 informanda
1693 3364 1965 3435 perfectae
