2106 3594
299 126 555 181 CXXVI

292 267 398 323 Oui
451 266 647 320 rationi
694 284 796 318 nec
847 263 982 317 illud
1031 264 1232 334 officit,
1284 265 1433 335 quod
1471 265 1624 319 Libr.
1663 264 1738 318 lll.
1773 285 1828 337 p.
1865 267 1990 320 402.

290 341 357 392 Ε..
410 338 669 394 Socrates
719 335 993 390 Glauconi
1045 335 1181 390 dicit
1231 356 1351 391 esse
1401 338 1486 391 vel
1534 336 1704 389 fuisse
1741 335 1988 389 παιδικά.

291 410 356 463 Ι(1
383 411 526 462 enim
555 408 831 478 quomodo
854 407 1266 478 intelligendum
1305 410 1395 478 sit,
1434 409 1591 461 facile
1628 407 1988 479 perspicimus

289 502 356 534 ex
400 479 681 535 Charmid.
765 521 777 532 .
823 481 938 533 154.
975 479 1062 547 B.‚
1101 479 1195 533 ubi
1234 481 1396 533 etiam
1421 479 1812 532 adolescentuli
1846 479 1990 532 inter

288 571 346 605 se.
399 570 580 605 amare
631 499 1004 621 perhibentur.
1096 549 1210 612 Sed
1261 552 1365 610 hoc
1421 551 1603 622 ipsum
1662 569 1763 604 nos
1826 551 1990 604 etiam

288 623 539 678 Socratis
603 622 914 676 meminisse
961 622 1130 676 iubet.
1228 623 1284 676 Is
1335 642 1466 675 vero
1514 622 1610 675 ubi
1658 622 1990 690 colloquium

289 693 516 768 Olymp.
563 693 913 747 LXXXVII.
951 696 1001 747 2.
1038 694 1124 747 vel
1164 696 1214 747 3.
1264 694 1510 747 habitum
1560 712 1678 747 esse
1716 694 1988 764 ponimuS,

288 776 434 820 certe
473 785 582 819 non
621 766 729 818 iam
763 763 834 818 ad
873 784 992 818 eam
1028 772 1261 820 aetatem
1299 765 1579 835 pervenit,
1630 772 1694 817 ut
1723 765 1989 836 singulari

287 837 528 908 quodam
578 856 704 891 cum
743 836 967 891 senibus
1003 836 1392 891 confabulandi
1439 835 1710 889 desiderio
1747 837 1991 906 repletus

288 927 408 963 esse
455 909 662 980 possit,
717 927 826 979 quo
866 907 935 961 de
972 908 1464 982 appropinquantis
1503 908 1806 961 senectutis
1844 926 1991 961 com-

286 979 466 1035 modis
514 981 604 1036 vel
640 979 1002 1034 incommodis
1042 980 1352 1035 edoceatur.
1416 980 1629 1051 Nempe
1669 979 1725 1032 in
1763 997 1992 1051 sexage-

286 1052 500 1105 narium
554 1070 687 1105 sane
725 1051 784 1104 id
829 1051 1113 1118 convenit3
1175 1052 1231 1104 in
1273 1050 1482 1121 quadra
1523 1051 1767 1104 enarium
1812 1050 1992 1104 minus

289 1124 564 1178 convenit.
662 1122 924 1192 Denique
982 1142 1150 1176 unum
1201 1123 1412 1191 adhuc,
1461 1072 1580 1176 aliis
1630 1122 1990 1190 transmissis,

287 1213 620 1249 memorasse
669 1195 804 1249 satis
855 1195 988 1263 erit,
1038 1194 1189 1264 quod
1225 1194 1508 1266 prohibet,
1551 1194 1842 1264 quominus
1881 1212 1992 1247 ser-

287 1286 502 1320 monem
554 1265 779 1339 Olymp.
825 1265 1176 1321 LXXXVII.
1224 1270 1273 1320 2.
1322 1266 1410 1318 vel
1458 1268 1508 1320 3.
1557 1266 1805 1319 habitum
1854 1265 1994 1336 fingi

289 1339 680 1392 existimemus.
766 1338 1129 1393 Memoratur..
1165 1339 1308 1391 enim
1360 1338 1515 1392 Libr.
1572 1337 1618 1391 Ι.
1668 1357 1722 1408 Ρ.
1761 1338 1883 1390 336.
1919 1339 1990 1390 A.

288 1429 399 1463 una
447 1428 571 1462 cum
623 1408 925 1462 Periandro
974 1418 1030 1462 et
1077 1410 1267 1463 Xerxe
1320 1408 1527 1462 dudum
1562 1408 1788 1462 mortuis
1827 1408 1992 1461 etiam

290 1480 618 1549 Perdiccas,
672 1499 769 1532 rex
803 1479 1184 1535 Macedoniae.
1257 1479 1402 1534 Eum
1440 1487 1623 1533 autem
1662 1494 1872 1533 certum
1907 1482 2021 1532 est*

288 1553 382 1605 illo
436 1551 557 1623 ipso
602 1562 849 1622 tempore
886 1570 1011 1605 cum
1060 1551 1493 1606 Atheniensibus
1529 1551 1770 1604 iunxisse
1809 1550 1994 1604 amici-

287 1625 439 1691 tiam,
479 1623 643 1677 sicuti
675 1630 859 1676 narrat
891 1621 1201 1696 Thucyd.
1237 1622 1292 1680 ll.
1330 1625 1415 1677 29.
1489 1621 1617 1691 Quo
1653 1623 1828 1677 minus
1864 1641 1994 1705 pro-

290 1696 434 1749 fecto
472 1694 592 1748 fieri
627 1693 839 1764 potuit,
890 1701 953 1747 ut
987 1695 1133 1748 inter
1168 1694 1381 1767 priscae
1416 1694 1709 1747 memoriae
1746 1693 1992 1748 hommes

290 1774 838 1834 commemoraretur,
888 1766 1206 1837 praesertim
1244 1785 1413 1835 quum
1462 1784 1662 1818 nomen
1689 1766 1830 1819 'eius
1879 1783 1993 1818 me-

289 1837 383 1892 dio
432 1837 575 1890 inter
622 1835 985 1890 Periandrum
1043 1845 1101 1891 et
1149 1838 1390 1891 Xerxem
1438 1836 1561 1890 loco
1659 1837 1858 1890 ositum
1905 1837 1992 1890 sit.

292 1909 446 1962 Idem
494 1916 676 1961 autem
728 1915 854 1961 ante
907 1907 1131 1982 Olymp.
1179 1907 1348 1963 XCll.
1400 1911 1448 1964 2.
1484 1908 1590 1961 hau
1666 1909 1746 1960 ita
1779 1907 1991 1980 pridem

291 1983 405 2034 fato
443 1980 550 2033 fuit
586 1979 902 2048 defunctUS,
941 1999 1109 2050 quum
1129 1978 1355 2052 Olymp.
1384 1978 1544 2035 XCI.
1584 1982 1634 2034 3.
1661 1980 1739 2032 illi
1775 1991 1992 2034 mortuo
2047 2043 2051 2046 V

292 2051 597 2105 Archelaus
634 2051 692 2103 in
727 2070 898 2122 regno
934 2053 1293 2121 successerit,
1333 2050 1401 2104 de
1478 2071 1551 2105 uo
1589 2071 1640 2105 v,
1682 2050 1991 2106 Clinton.

290 2123 446 2177 Fasti
491 2122 707 2178 Hellen.
766 2123 830 2175 T.
882 2121 938 2175 ll.
986 2143 1040 2196 p.
1090 2125 1210 2178 223.
1306 2070 1477 2191 Quod
1509 2123 1690 2194 ipsum
1728 2122 1995 2176 eiusmodi

292 2203 404 2264 est,
455 2202 518 2248 ut
560 2194 689 2247 hinc
735 2213 958 2263 quoque
1005 2195 1057 2248 ei
1103 2195 1437 2263 sententiae,
1490 2213 1599 2265 qua
1659 2195 1995 2266 Respublica

290 2266 517 2339 Olymp.
545 2263 710 2319 GXll.
736 2267 782 2318 2.
808 2266 898 2318 vel
931 2268 984 2321 3.
1023 2275 1280 2339 perorata
1316 2284 1436 2320 esse
1460 2273 1704 2338 putatur,
1744 2266 1995 2320 nonnihil

291 2337 619 2391 firmamenti
655 2335 898 2390 accedat.

435 2408 550 2464 Sed
597 2407 735 2461 satis
783 2408 893 2461 iam
939 2406 1193 2462 videmur
1242 2408 1595 2479 exposuisse,
1657 2427 1755 2462 cur
1820 2408 1994 2461 Her-

291 2481 519 2534 manni
564 2479 830 2533 rationem
868 2479 1029 2533 alteri
1063 2478 1171 2549 illi,
1221 2498 1385 2549 quam
1422 2499 1588 2551 supra
1623 2479 1862 2534 breviter
1899 2479 1994 2532 de-

291 2552 619 2622 claravimus
638 2590 654 2620 ‚
714 2551 880 2623 longe
943 2551 1382 2622 postponendam
1448 2552 1790 2605 arbitremur.
1878 2549 1987 2606 Su·

290 2632 492 2695 per-est,
532 2630 596 2678 ut
630 2621 700 2676 de
738 2621 1154 2676 anachronismo
1179 2624 1238 2676 in
1274 2623 1544 2678 Ismeniae
1581 2623 1856 2676 mentione
1893 2618 1993 2675 ad-

289 2697 485 2764 misso,
538 2713 700 2765 quem
746 2693 915 2748 nullis
963 2695 1170 2748 artibus
1217 2713 1496 2749 removere
1547 2695 1739 2763 liceat,
1788 2693 1994 2764 aliquid

287 2766 582 2820 dicendum
619 2766 706 2820 sit.
777 2765 923 2819 Eum
957 2785 1089 2819 vero
1126 2774 1382 2837 putamus
1420 2785 1452 2818 a
1485 2765 1714 2818 Platone
1738 2765 1993 2819 consulto

291 2855 415 2891 esse
452 2837 787 2905 admissum,
837 2844 901 2890 ut
938 2838 1095 2907 quasi
1130 2845 1275 2892 tecte
1315 2835 1541 2906 aliquod
1579 2838 1694 2891 eius
1731 2836 1994 2908 temporis

291 2908 556 2962 indicium
593 2908 832 2976 faceret,
877 2927 986 2978 quo
1023 2909 1363 2980 Respublica
1394 2907 1592 2962 litteris
1630 2916 1777 2962 esset
1811 2905 1994 2962 consi-

370 2987 461 3032 ata
506 2987 562 3032 et
606 2979 666 3031 in
712 2979 992 3049 publicum
1039 2981 1253 3035 emissa.
1327 2978 1517 3047 ‘Quod
1561 2979 1706 3033 enim
1752 2979 1992 3049 pictores

314 3069 475 3105 acere
509 3050 790 3118 assolent,
825 3058 889 3103 ut
932 3051 1139 3106 tabulis
1178 3051 1292 3106 suis
1334 3051 1554 3122 signum
1591 3049 1814 3119 aliquod
1854 3050 1992 3103 adii-

283 3123 470 3191 ciant,
506 3120 653 3176 unde
693 3121 912 3190 quando
949 3123 1059 3192 ipsi
1095 3141 1188 3177 eas
1222 3122 1566 3194 perfecerint,
1603 3122 1787 3191 aliquo
1825 3121 1991 3176 modo

287 3199 696 3266 cog-noscatur,
756 3191 902 3245 idem
950 3194 1113 3248 etiam
1171 3194 1332 3247 Plato
1380 3193 1599 3248 videtur
1645 3192 1725 3245 ita
1773 3194 2003 3262 secisse,

290 3265 421 3319 dum
467 3262 702 3319 mbinde
740 3266 1059 3319 memoravit
1092 3285 1189 3334 ea,
1241 3284 1382 3334 quae
1419 3283 1529 3319 non
1556 3264 1635 3318 *ad
1670 3264 1844 3319 habiti
1877 3283 1992 3318 ser-

288 3336 483 3405 monis,
531 3333 632 3389 sed
679 3332 751 3386 ad
790 3344 1082 3404 susceptae
1116 3336 1428 3408 scriptionis
1463 3345 1711 3408 tempora
1748 3337 1992 3390 referun-
