2098 3658
267 141 331 193 76
881 136 1369 226 PLAQ‘ONJS

264 281 546 354 ματιστής.
604 280 638 349 ἣ
697 281 797 354 οὐχ
854 280 1239 356 ὠμολόγηταις
1295 279 1534 357 Ξυνέφη.
1601 279 1826 338 Οὐκοῦν
1868 285 1961 338 καὶ

265 367 294 423 ὁ
356 367 692 438 κυβερνήτης
747 365 778 421 ὁ
835 364 1070 438 ἀκριβὴς
1122 370 1342 424 ναυτῶν
1398 365 1538 421 εἶναι
1583 362 1796 437 ἄρχων,
1839 365 1952 420 ἀλλ’

178 461 226 514 Ε
266 451 332 507 οὐ
393 451 630 520 ναύτηςς
691 447 1090 520 Ὡμολόγηται.
1193 451 1306 507 Οὐκ
1362 447 1476 517 ἄρα
1522 447 1552 503 ὅ
1600 470 1658 518 γε
1705 452 1963 513 τοιοῦτος

264 532 602 604 κυβερνήτης
647 555 701 588 τε
746 538 838 588 καὶ
880 532 1064 606 ἄρχων
1107 533 1170 590 τὸ
1222 537 1295 603 τῷ
1341 529 1647 608 κυβερνήτῃ
1685 534 1961 608 ξυμφέρον

265 623 528 693 σκέψεταί
573 640 628 674 τε
673 621 764 672 καὶ
803 617 1110 690 προςτάξει,
1137 618 1280 674 ἄλλα
1320 616 1382 672 τὸ
1431 618 1506 670 τῶ
1546 615 1728 716 ναύτῃ
1774 637 1830 671 τε
1870 621 1962 671 καὶ

262 701 569 773 ἀρχομένῳ.
655 698 938 773 Ξυνέφησε
982 701 1156 773 μόγις.
1252 698 1496 764 Οὐκοῦν,
1543 722 1614 766 ην
1656 700 1698 757 δ’
1749 699 1879 770 ἐγω,
1920 723 1956 754 ω

268 784 620 857 Θρασύμαχε,
658 783 768 842 οὐδ’
805 786 974 850 ἄλλος
1018 785 1193 851 οὐδεὶς
1241 794 1298 840 έν
1345 784 1577 855 οὐδεμιᾷ
1619 784 1779 860 ἀρχῆ,
1823 784 1955 839 καθ’

265 869 402 925 ὅσον
445 867 630 942 ἄρχων
675 874 807 941 ἐστί,
853 868 916 924 τὸ
965 869 1118 942 αὐτῷ
1141 872 1418 944 ξυμφέρον
1445 879 1636 924 σκοπεῖ
1681 866 1794 925 οὐδ
1848 875 1964 923 ἐπι-

266 952 468 1018 τάττει,
515 952 661 1008 ἀλλὰ
707 954 769 1009 τὸ
813 956 891 1024 τῷ
937 953 1226 1026 ἀρχομένῳ
1287 957 1379 1008 καὶ
1435 944 1476 1021 ᾧ
1520 947 1593 1006 ἂν
1641 950 1814 1016 αὐτὸς
1858 956 1963 1020 δη·-

267 1040 524 1114 μιουργῇ,
581 1042 672 1093 καὶ
701 1036 841 1109 πρὸς
869 1044 1079 1095 ἐκεῖνον
1102 1043 1318 1110 βλέπων
1361 1039 1454 1092 καὶ
1497 1034 1561 1091 τὸ
1608 1042 1791 1106 ἐκείνῳ
1834 1037 1963 1108 ξυμ·

265 1130 438 1196 φέρον
465 1125 557 1178 καὶ
593 1128 808 1196 πρέπον
833 1125 924 1177 καὶ
962 1127 1099 1193 λέγει
1143 1121 1179 1178 ἃ
1230 1127 1367 1190 λέγει
1411 1123 1501 1175 καὶ
1549 1133 1696 1176 ποιεῖ
1736 1118 1773 1174 ἃ
1820 1132 1966 1176 ποιεῖ

265 1204 514 1263 ἅπαντα.

126 1370 228 1424 343
388 1369 528 1448 Cap.
562 1370 724 1427 XVI.
807 1371 1020 1442 Ἐπειδὴ
1049 1366 1151 1430 οὖν
1175 1375 1434 1430 ἐνταῦθα
1464 1363 1600 1443 ἦμεν
1646 1373 1746 1425 τοῦ
1792 1371 1964 1442 λόγου

268 1459 360 1512 καὶ
409 1460 548 1512 πᾶσι
591 1459 912 1531 καταφανὲς
953 1450 1040 1525 ἦν,
1068 1456 1157 1514 ὅτι
1201 1455 1230 1513 ὁ
1278 1460 1377 1512 τοῦ
1423 1459 1638 1512 δικαίου
1683 1454 1849 1526 λόγος
1891 1462 1966 1520 εὶς

383 1621 440 1662 Ι).
502 1618 529 1675 ἢ
567 1617 630 1662 οὖ
647 1635 670 1674 2
701 1617 806 1672 ὠμο
821 1618 1092 1678 λόγηταυ]
1129 1622 1176 1665 V.
1203 1614 1239 1675 ἦ,
1259 1623 1380 1674 quod
1397 1622 1592 1664 correxit
1609 1623 1776 1674 primus
1788 1623 1967 1670 Astius;

271 1685 428 1732 postea
458 1681 644 1721 mutavit
676 1680 920 1720 Bekkerus.

384 1738 439 1777 Ε.
503 1738 591 1778 καὶ
624 1735 761 1790 πρὸς
791 1736 1005 1778 ἐκεῖνον
1034 1734 1278 1790 βλέπων]
1314 1738 1368 1778 V.
1397 1735 1550 1787 ἐκεῖνο,
1582 1737 1705 1791 quod
1735 1751 1815 1778 nec
1846 1750 1964 1778 nune

268 1808 322 1835 ex
355 1795 444 1835 Vat
501 1793 549 1836 Θ.
586 1795 711 1835 lind.
749 1794 798 1836 Φ.
845 1796 940 1836 Vat.
971 1808 1007 1838 r.
1052 1794 1245 1835 Lobcov.
1275 1797 1488 1836 suadente
1525 1797 1698 1836 bremio
1731 1801 1774 1836 et
1802 1795 1964 1837 Faesio

265 1854 311 1893 in
355 1850 521 1892 ἐκεῖνον
551 1859 718 1893 mutare
755 1854 1066 1894 dubitavimus.
1127 1851 1271 1892 Ceteri
1318 1855 1511 1894 editores
1546 1858 1779 1895 servarunt
1808 1851 1963 1894 ἐκεῖνο.

385 1910 646 1963 Cap.XV1
680 1911 729 1953 P.
765 1910 865 1954 343.
928 1910 1085 1962 τίτθη
1119 1923 1209 1950 σοι
1242 1909 1400 1964 ἔστη]
1447 1910 1522 1952 Sic
1560 1913 1600 1952 A
1631 1911 1673 1951 D
1707 1911 1763 1951 K.
1800 1912 1893 1951 lat.
1926 1924 1961 1952 r.

267 1968 388 2011 Mon.
430 1969 550 2008 Flor.
588 1970 634 2021 β.
680 1969 819 2021 Vulgo
868 1965 984 2022 τιθῆ.

1031 1968 1156 2008 Vind.
1203 1965 1240 2006 Φ
1279 1966 1419 2023 τιτθή.
1441 1968 1558 2011 vat
1600 1965 1648 2010 Θ.
1683 1965 1810 2022 τήθη.
1845 1969 1960 2011 conf.

268 2025 428 2066 Thom.
460 2026 581 2078 Mag
615 2040 656 2079 Ρ.
689 2025 788 2070 846.
822 2026 940 2067 Tim.
973 2023 1120 2066 Gloss.
1154 2039 1195 2079 p.
1227 2025 1325 2070 256.

325 2165 378 2206 D.
434 2162 457 2206 ὁ
490 2162 834 2238 κυβερνήτης
862 2161 888 2206 0'
923 2161 1071 2218 ἀκρι-

269 2219 399 2277 βής]
439 2225 467 2264 i.
509 2239 544 2265 e.
586 2220 611 2264 ὁ
650 2225 708 2264 τῶ
749 2219 923 2278 ἀκριβεῖ
959 2221 1072 2278 λόγῳ

270 2278 518 2334 λεγόμενος.

327 2340 380 2379 Ε.
426 2340 508 2379 καὶ
545 2337 684 2408 πρὸς
714 2337 929 2379 ἐκεῖνον
960 2338 1071 2390 βλέ-

271 2410 384 2437 πων
422 2398 511 2437 καὶ
555 2395 608 2436 τὸ
649 2395 843 2452 ἐκείνῳ
884 2397 1070 2449 ξυμφ]

270 2455 512 2506 Vulgatum
545 2455 612 2495 καὶ
645 2453 757 2508 ’πρὸς
784 2452 923 2495 ἐκεῖνο
950 2456 1072 2495 Bre-

269 2514 406 2552 mius
428 2511 679 2565 emendavit
697 2514 1074 2554 consentientibus

268 2571 407 2610 tribus
456 2572 581 2612 libris
631 2571 780 2611 Rekk
796 2572 878 2611 eri
925 2568 958 2611 Θ
983 2569 1073 2611 ΦΥ.

269 2625 514 2676 ἐκεῖνον,
546 2643 606 2670 se.
630 2625 705 2669 τὸν
736 2624 987 2682 ἀρχόμενον,
1018 2629 1076 2669 ad

268 2699 398 2738 quem
447 2688 578 2727 etiam
624 2688 876 2739 proximum
922 2684 1069 2740 ἐκείνῳ

267 2745 548 2785 referendum
580 2751 662 2786 est.
725 2744 808 2785 Cui
831 2746 1075 2787 sentent-iae

269 2801 654 2844 Schneiderus
684 2802 864 2873 frustra,
900 2805 1074 2875 οΡίῐιοι·13

269 2859 544 2912 obloquitur,
587 2861 645 2915 τῷ
686 2855 903 2917 ἀρχομένῳ
935 2861 1003 2901 καὶ
1037 2875 1069 2915 ῳ

269 2919 442 2968 generis
510 2920 706 2959 neutrius
778 2933 874 2960 esse
933 2925 1070 2960 ratus.

269 2975 470 3015 Astius
506 2977 582 3015 καί
602 2982 713 3028 post
731 2975 903 3028 βλέπων
932 2977 1072 3018 deleri

271 3033 461 3098 volebat,
482 3039 532 3072 ut
547 3035 682 3074 verba
703 3032 749 3074 τὸ
782 3033 929 3090 ἐκείνῳ
969 3034 1071 3086 ξυμ-

271 3087 410 3142 φέροι
455 3104 522 3130 και
564 3089 729 3143 πρέπον
776 3106 855 3145 per
895 3093 1071 3147 apposi-

270 3148 434 3187 tionem
476 3150 627 3189 addita
655 3156 931 3202 putarentur.
1002 3151 1072 3191 Ne

272 3218 376 3245 vero
396 3206 619 3246 existimes
639 3208 916 3248 scribendum
935 3208 1073 3249 fuisse

275 3262 342 3302 καὶ
375 3259 487 3315 πρὸς
520 3264 675 3304 τοῦτον
706 3265 891 3317 βλέπων,
922 3279 1073 3319 saepe-

275 3333 455 3361 numero
479 3319 644 3362 ἐκεῖνος
664 3323 727 3363 sio
745 3324 802 3363 ad
832 3325 1072 3364 subiectum

272 3377 470 3419 refertur.
546 3381 758 3433 Exempla
807 3382 983 3432 collegit
1025 3383 1074 3420 (“.

1157 2165 1211 2207 G.
1246 2166 1482 2221 Krfiger.
1513 2167 1572 2208 ad
1599 2165 1809 2219 Xenoph.
1838 2166 1960 2208 Ana-

1137 2225 1249 2265 ¹bas.
1285 2226 1358 2275 IV,
1391 2226 1434 2277 3,
1467 2225 1538 2269 20.
1574 2223 1863 2265 Sehaefer.
1905 2225 1962 2265 ad

1156 2283 1387 2323 Demosth.
1435 2286 1651 2336 Apparat.
1702 2281 1755 2322 Τ.
1804 2281 1876 2323 111.
1916 2295 1959 2335 p.

1163 2341 1255 2383 160.
1279 2342 1460 2382 Bremi
1494 2342 1551 2381 ad
1570 2340 1672 2392 Lys.
1693 2339 1768 2381 Or.
1801 2338 1960 2392 p.154.

1157 2399 1227 2440 De
1259 2400 1426 2452 duplici
1446 2395 1614 2438 ἐκεῖνος
1634 2398 1691 2438 ad
1712 2399 1827 2438 idem
1859 2398 1961 2439 sub—

1154 2458 1314 2497 iectum
1353 2456 1588 2497 referendo
1635 2468 1674 2495 v.
1713 2460 1864 2496 annot.
1904 2455 1961 2497 ad

1161 2515 1391 2556 Phaedon.
1457 2513 1600 2557 ..106
1632 2512 1686 2553 B-

1218 2574 1326 2625 (ap.
1347 2528 1475 2613 XVpl.
1513 2573 1560 2612 Ρ.
1580 2570 1682 2615 343.
1714 2566 1961 2610 ἐνταῦθα

1161 2620 1294 2684 ἦμεν
1323 2630 1417 2670 τοῦ
1448 2626 1649 2682 λόγου]
1708 2627 1961 2668 Dictionem

1158 2688 1442 2729 illustravitL
1461 2689 1522 2727 ob
1537 2687 1656 2729 eek
1645 2700 1660 2726 1
1674 2698 1732 2726 us
1750 2686 1808 2725 ad
1820 2681 1960 2738 Phry'-

1159 2747 1276 2787 nich.
1320 2760 1364 2799 Ρ.
1406 2745 1530 2793 280..
1569 2743 1646 2785 ubi
1691 2744 1823 2783 etiam
1853 2745 1959 2785 arti-

1160 2805 1260 2845 culo
1293 2804 1457 2844 omisso
1488 2799 1684 2842 ἐνταῦθα
1704 2797 1841 2871 λόγου
1872 2802 1959 2842 dici

1159 2863 1324 2903 docuit.
1377 2883 1424 2891 «-
1477 2858 1558 2904 εἰς
1618 2852 1960 2899 τουναντιόν

1158 2929 1438 2972 περιειστ.,
1458 2931 1488 2959 ι
1507 2931 1546 2959 e
1577 2917 1844 2958 iustitiae
1876 2917 1957 2957 de-

1155 2977 1496 3018 finitionem
1575 2975 1830 3016 vertisse
1902 2975 1958 3015 in

1156 3036 1530 3076 contrarium.

1211 3091 1375 3143 τίτθη
1417 3103 1504 3132 σοι
1534 3086 1702 3141 ἔστω]
1742 3089 1880 3130 Recte
1915 3091 1958 3130 h.

1155 3150 1182 3190 l.
1235 3149 1387 3202 τίτθην
1430 3160 1528 3201 pro
1579 3149 1803 3188 nutrice
1845 3149 1958 3188 acci·

1155 3209 1294 3261 piunt.
1361 3207 1537 3247 Varium
1571 3205 1691 3246 vocis
1721 3218 1848 3247 usum
1879 3206 1957 3245 do-

1156 3271 1228 3306 cta
1258 3265 1557 3317 disputatione
1584 3269 1875 3316 persequutus
1893 3268 1958 3304 est

1157 3322 1446 3364 Ruhnken.
1486 3322 1543 3362 ad
1584 3321 1698 3361 Tim.
1739 3319 1884 3361 Gloss.
1915 3334 1954 3373 p.

1159 3380 1258 3425 256.
1319 3380 1493 3420 Deinde
1544 3377 1599 3420 Τι’
1635 3378 1725 3426 fleti,-
1756 3385 1821 3420 est
1853 3378 1954 3418 Cur
