2106 3594
260 124 378 177 XII

261 265 330 319 de
379 267 544 321 rebus
600 267 849 320 civilibus
902 283 934 316 a
971 263 1199 320 Socrate
1250 267 1307 319 in
1345 266 1429 320 his
1470 267 1814 322 sermonibus
1852 270 1968 343 agi·

259 345 372 391 tata
411 357 578 407 quum
605 335 871 391 eiusmodi
909 336 1000 405 sit,
1039 351 1101 390 ut
1125 345 1243 391 tota
1283 336 1354 390 ad
1390 337 1649 391 virtutem
1681 340 1968 409 referatur,

259 409 342 461 vir
381 408 727 462 acutissimus
763 408 885 460 fieri
919 427 1031 469 non
1061 409 1309 479 potuisse
1347 409 1656 479 arbitratur,
1698 411 1833 480 quin
1870 411 1969 465 do—

259 480 432 532 ctrina
484 479 630 532 civili
668 480 824 531 iuxta
863 477 1166 532 doctrinam
1202 480 1461 533 moralem
1500 480 1771 535 collocata
1810 484 1970 552 quasi

259 558 457 620 sponte
507 559 824 622 appareret,
886 557 998 603 tam
1049 551 1390 623 singulorum
1438 550 1718 606 hominum
1780 555 1969 621 vitam,

259 640 423 691 quam
473 623 783 675 universam
835 621 1112 676 civitatem
1159 621 1228 676 ad
1277 621 1495 676 easdem
1527 622 1682 693 leges
1736 625 1969 679 morales

258 701 315 745 et
362 691 594 746 iudicari
644 700 698 746 et
733 693 1028 762 gubernari
1067 706 1319 765 oportere
1358 694 1430 763 ³⁸).
1510 692 1616 747 Cui
1664 696 1969 750 sententiae

260 763 394 817 nihil
430 783 656 836 prorsus
696 763 918 818 officere
949 773 1156 834 censet,
1196 763 1346 835 quod
1374 773 1552 818 totum
1580 784 1720 837 opus
1749 768 1969 821 nomine

256 838 562 900 Πολιτείας
631 836 958 906 inscriptum
1018 837 1107 890 sit.
1192 836 1339 891 Nam
1405 855 1573 906 quum
1635 837 1729 890 alii
1780 838 1970 893 Plato-

256 906 341 960 nis
378 926 660 962 sermones
700 927 863 979 saepe
917 926 950 961 a
985 907 1414 978 colloquentium
1450 909 1700 979 personis
1739 909 1970 981 aliisque

256 979 419 1032 rebus
475 979 776 1033 levioribus
830 979 1226 1050 nomen'suum
1263 979 1607 1051 acceperint,
1648 988 1764 1033 tum
1801 1000 1870 1034 ne
1912 982 1967 1034 in

257 1049 342 1103 his
382 1050 604 1120 quidem
642 1050 795 1104 libris
833 1049 1124 1122 offensioni
1163 1069 1284 1104 esse
1322 1069 1518 1123 posse,
1561 1050 1712 1120 quod
1747 1071 1859 1106 non
1898 1054 1967 1108 ab

256 1124 352 1191 eo,
403 1121 552 1192 quod
606 1123 682 1195 sit¹
734 1120 796 1176 τὸ
847 1127 1284 1191 προηγουμένως
1334 1121 1703 1194 ζητούμενον,
1770 1123 1871 1178 sed
1937 1144 1970 1178 a

257 1193 435 1246 minus
483 1194 637 1265 gravi
683 1192 866 1247 totius'
906 1193 1294 1265 disputationis
1331 1200 1486 1265 parte
1537 1193 1790 1266 inscripti
1836 1195 1968 1265 sint,

255 1266 580 1333 praesertim
632 1285 798 1335 quum
855 1265 913 1318 id
963 1264 1113 1318 haud
1161 1264 1504 1319 incommode
1551 1264 1670 1318 fieri
1707 1266 1968 1337 potuerit.

256 1334 423 1403 Quod
475 1345 655 1390 autem
709 1337 901 1390 civitas
952 1337 1009 1389 in
1046 1336 1152 1390 hoc
1192 1355 1355 1407 opere
1393 1335 1617 1389 condita
1654 1337 1711 1389 in
1750 1337 1970 1420 Legum

254 1407 409 1461 libris
461 1416 913 1461 commemoretur
975 1408 1090 1476 sic,
1142 1415 1204 1461 ut
1252 1407 1476 1475 ‘dicatur
1510 1408 1800 1478 primaria,
1840 1408 1968 1463 inde

254 1478 472 1531 minime
523 1479 788 1549 consequi
837 1479 945 1547 ait,
1010 1486 1074 1532 ut
1123 1479 1396 1550 potiorem
1449 1478 1610 1532 huius
1677 1481 1969 1552 scriptonis

253 1557 465 1619 partem
503 1550 560 1603 in
598 1547 961 1603 describendo
999 1550 1242 1620 optimae
1294 1549 1534 1604 civitatis
1575 1558 1723 1603 statu
1759 1553 1970 1605 versari

253 1620 606 1675 statuendum
657 1621 745 1674 sit.
834 1620 1091 1689 Denique
1150 1620 1207 1673 in
1269 1619 1539 1692 principio
1595 1620 1806 1675 Timaei
1857 1641 1967 1676 non

251 1692 498 1764 plenam,
558 1691 658 1746 sed
695 1711 942 1745 mancam
982 1699 1172 1745 censet
1206 1690 1421 1746 institui
1458 1691 1836 1746 recensionem
1875 1712 1967 1747 eo-

251 1783 402 1832 rum,
443 1783 584 1833 quae
622 1762 798 1834 pridie
839 1763 906 1816 de
946 1763 1228 1833 republica
1264 1762 1546 1834 disputata
1583 1775 1782 1832 essent,
1819 1764 1966 1818 unde

253 1843 400 1888 recte
456 1833 657 1889 coniici
707 1834 875 1897 licere
931 1833 1260 1902 arbitratur,
1314 1853 1424 1887 non
1470 1832 1528 1887 id
1577 1834 1690 1888 illic
1728 1835 1853 1908 agi,
1903 1844 1967 1889 ut

250 1904 488 1978 pridiani
536 1906 800 1960 sermonis
852 1911 1228 1978 argumentum
1278 1904 1441 1976 plene
1495 1913 1807 1976 enarretur,
1867 1906 1965 1961 sed

253 1977 545 2049 singularis
605 1976 887 2031 cuiusdam
950 1977 1166 2030 consilii
1216 1995 1384 2032 causa
1424 1977 1660 2045 ‘maxime
1723 1977 1965 2032 civilium

250 2050 629 2111 institutorum
667 2048 996 2102 mentionem
1034 2047 1202 2102 iniici.
1277 2051 1466 2120 Atque
1503 2048 1580 2101 ita
1604 2067 1716 2102 rem
1742 2049 1962 2118 habere,

248 2119 306 2173 id
345 2139 477 2175 vero
515 2127 673 2192 putat
697 2119 1002 2174 certissime
1042 2139 1109 2173 ex
1133 2119 1372 2173 Politiae
1410 2139 1535 2174 cum
1563 2120 1793 2174 Timaeo
1833 2139 1963 2176 con-

250 2192 532 2246 iunctione
579 2191 829 2263 intelligi.
917 2190 1138 2244 Etenim
1176 2191 1465 2262 Platonem
1515 2192 1632 2246 sine
1680 2190 1848 2246 'dubio
1886 2194 1964 2251 ait

251 2263 357 2318 hoc
395 2272 695 2334 spectasse,
735 2270 797 2316 ut
823 2262 1044 2330 Politia,
1085 2262 1342 2316 Timaeus
1381 2269 1437 2316 et
1473 2259 1713 2331 Critias,
1766 2265 1860 2333 qui
1898 2264 1962 2317 li-

249 2334 334 2388 bri
370 2335 677 2407 argumenti
704 2333 940 2406 quadam
964 2333 1292 2406 cognatione
1328 2334 1756 2403 continerentur,
1793 2354 1961 2390 unum

250 2406 407 2476 quasi
445 2425 644 2478 corpus
683 2406 1033 2473 conficerent,
1072 2404 1310 2474 ideoque
1349 2405 1510 2458 etiam
1537 2411 1762 2459 externa
1788 2405 1961 2460 forma

250 2496 315 2549 ac
353 2478 535 2550 specie
575 2477 868 2531 cohaerere
907 2476 1224 2530 viderentur
1262 2477 1361 2546 **).

394 2570 550 2624 Haec
588 2570 761 2642 igitur
795 2570 860 2623 M
881 2569 1427 2642 orgensternius
1452 2577 1614 2623 acute
1639 2588 1770 2623 sane
1794 2578 1958 2641 atque

251 2641 548 2714 eleganter,
569 2650 632 2695 ut
669 2640 975 2694 mirandum
1012 2660 1123 2694 non
1151 2641 1223 2694 sit
1249 2640 1512 2712 plurimos
1541 2641 1838 2710 exstitisse,
1866 2642 1958 2712 qui

250 2713 365 2767 eius
405 2714 712 2767 sententiae
750 2712 1020 2767 calculum
1058 2732 1216 2768 suum
1266 2711 1599 2779 adiicerent,
1637 2714 1959 2782 praesertim

250 2803 418 2853 quum
475 2785 637 2838 etiam
689 2784 1126 2838 adversariorum
1190 2784 1432 2838 rationes
1493 2782 1768 2857 subtiliter
1827 2803 1958 2838 con-

248 2855 515 2909 futavisse
553 2856 848 2910 videretur.
924 2854 1271 2925 Quamquam
1308 2853 1456 2908 haud
1495 2854 1715 2923 scimus,
1744 2874 1814 2908 an
1851 2856 1955 2910 hac

248 2927 370 2997 ipsa
407 2927 463 2980 in
500 2935 656 2997 parte
694 2927 1080 2999 disputationis
1129 2927 1197 2981 ab
1233 2945 1297 2979 eo
1334 2934 1625 2996 susceptae
1661 2926 1779 2980 iure
1816 2946 1954 2980 non·

249 2997 404 3050 nihil·
434 2997 733 3052 desiderari
773 3000 962 3070 possit.
1062 2996 1283 3070 Quippe
1332 2996 1495 3052 sicuti
1544 3015 1638 3066 ea,
1691 3015 1833 3068 quae
1883 2997 1950 3052 de

307 3207 354 3258 *J
388 3207 621 3308 {xposfiii
642 3207 1144 3260 Morgensternius
1185 3208 1238 3250 de
1280 3207 1363 3249 hoc
1396 3211 1655 3259 argumento
1688 3221 1729 3259 p.
1761 3206 1947 3252 59w64,

392 3277 415 3305 e
464 3278 507 3318 p.
653 3278 747 3318 sqq.

307 3350 382 3402 ⁴⁸)
416 3351 517 3391 Vid.
552 3351 588 3393 1.
623 3365 656 3392 c.
686 3365 729 3405 p·
761 3351 949 3396 28-34.
