2098 3658
321 175 414 224 188
923 171 1395 225 PLATONIS

315 317 618 384 διεξίωμενς
713 317 820 368 Καὶ
879 314 907 370 ὁ
968 319 1066 371 τοῦ
1123 317 1453 381 Γθαύκωνος
1509 317 1782 394 ἀδελφός,
1842 317 2008 372 Ila'iv

313 404 412 469 μὲν
465 391 595 483 ᾳῦν,
655 403 784 473 ἔφη,
843 404 1002 469 ε9ωγε
1058 405 1339 472 προςδοκῶ
1394 402 1677 474 προῦργου
1740 402 1879 457 εἶναι
1937 424 2013 466 εις

314 486 482 538 τοῦτο
530 480 741 548 ταύτην
783 505 885 550 την
929 490 1141 561 σκέψιν.
1228 485 1334 541 Μὰ
1378 490 1511 550 Δία,
1554 508 1622 554 ην
1678 485 1727 541 δ’
1793 483 1922 556 ἐγώ,
1965 479 2006 540 ὦ

313 570 435 640 <pos
475 566 817 636 Ἀδείμαντε,
878 589 980 624 ουκ
1024 566 1136 640 ἄρα
1186 569 1456 669 ἀφετέον,
1518 570 1639 626 οὐδ’
1665 636 1667 638 Ὺ
1704 576 1747 668 ετὶ
1799 591 2010 640 μακρο-

313 660 441 721 τέρα
487 648 744 722 τυ9χιίνει
792 643 951 709 οὖσα.
1045 653 1120 708 ()υ
1169 651 1276 724 γὰρ
1323 645 1443 709 οὖν.
1516 652 1640 710 Ἰθι
1676 646 1794 720 οὖν,
1833 651 2008 725 ὥςπερ

313 742 370 789 ἐν
413 734 588 805 μύθῳ
632 739 896 806 μυθολο9
902 741 1089 801 οῦντες
1133 760 1189 793 τε
1232 742 1326 792 καὶ
1351 737 1553 810 σχολὴν
1596 738 1826 808 ἄγοντες
1868 736 2010 807 λόγῳ

316 819 658 890 παιδεύωμεν
703 818 832 884 τοὺς
875 819 1102 891 ἄνδρας.
1184 822 1347 878 Ἀλλά
1391 821 1518 895 χρή.

445 901 586 980 Cap.
634 901 824 960 XVII.
919 909 1013 970 Τίς
1055 898 1157 961 οὖν
1195 906 1229 974 ἡ
1257 911 1511 974 παιδείας
1558 904 1590 973 ἢ
1633 904 1880 979 χαλεπὸν
1927 903 2013 960 εὑ-

317 999 431 1058 ρεῖν
477 991 671 1058 βελτίω
733 992 832 1056 τῆς
883 987 992 1045 ὑπὸ
1040 993 1137 1046 τοῦ
1184 994 1394 1048 πολλοῦ
1433 992 1642 1063 χρόνου
1687 989 2013 1062 εὑρημένηςς

426 1150 570 1192 εἶναι
611 1153 685 1199 εἰς
723 1155 921 1208 τοῦτο]
961 1152 1097 1195 ταύτὸ
1136 1156 1245 1196 Ven.
1277 1154 1333 1198 Π.
1368 1156 1497 1197 Vind.
1532 1160 1584 1201 Φ.
1618 1158 1720 1199 Par.
1753 1158 1854 1199 ΒΚ.
1887 1158 2009 1198 Mon.

315 1209 429 1253 Flor.
462 1213 503 1263 β.
542 1210 609 1257 ¹ln
643 1215 750 1264 Ang.
782 1210 919 1251 τοῦτο
952 1213 1175 1253 omissum.

429 1269 891 1322 μυθολογοῦντές
930 1284 986 1310 τε
1024 1270 1112 1309 καὶ
1150 1286 1222 1321 ⁰³(-
1265 1268 1368 1324 ἄμ]
1414 1285 1458 1309 τε
1488 1268 1582 1324 ἅμα
1611 1270 1680 1310 καὶ
1712 1271 1866 1313 Ambr.
1901 1275 2010 1324 Ang.

315 1326 433 1367 Flor.
466 1338 506 1366 a.
539 1338 574 1366 c.
608 1331 652 1366 x:
685 1342 725 1365 α.
760 1340 799 1366 v.
831 1326 884 1367 ad
920 1340 961 1379 p.
992 1327 1092 1371 375.
1128 1328 1176 1370 C.

433 1383 542 1436 Cap.
578 1382 712 1424 lel.
774 1383 826 1424 E.
897 1385 1191 1435 Μουσικῆς
1229 1382 1290 1436 δ’,
1341 1381 1516 1434 εἶπον,
1559 1386 1722 1438 τίθης
1762 1382 1826 1438 λ.]
1879 1381 2010 1426 Editt.

316 1453 488 1482 omnes=
538 1442 772 1492 Μουσικῆς
811 1440 852 1480 δ’
904 1441 1029 1482 εἰπὼν
1069 1446 1203 1494 τίθης
1243 1444 1281 1483 λ.
1325 1440 1445 1495 quod
1496 1449 1724 1494 perspecte
1769 1442 2013 1484 emendavit.

318 1500 480 1539 Aetius.
539 1498 898 1540 Emendationem
944 1500 1113 1541 firmant
1154 1500 1318 1542 Euseb.
1364 1499 1438 1540 Pr.
1474 1499 1551 1539 Ev.
1582 1501 1699 1544 Xlll.
1731 1501 1802 1543 15.
1835 1514 1875 1553 p.
1911 1499 2010 1544 694.

320 1560 367 1597 Α.
401 1556 522 1600 Flor.
556 1570 594 1599 a.
626 1556 768 1609 Ang.‚
807 1570 918 1599 corr.
964 1558 1044 1599 vat
1095 1558 1147 1598 Θ.
1181 1558 1310 1600 Vind.
1342 1561 1395 1599 Φ.
1428 1557 1527 1598 Par.
1564 1558 1613 1598 D.
1646 1564 1691 1600 et
1726 1559 1844 1599 vind.
1880 1559 1926 1601 B.
1963 1558 1995 1599 F

312 1709 562 1738 caussa
610 1698 1118 1741 consideramus

313 1756 521 1805 omnia,
572 1755 848 1807 quomodo
889 1757 943 1797 in
987 1757 1119 1797 civi·

312 1817 421 1853 tate
471 1813 702 1853 iustitia
756 1820 1020 1855 nascatur
1063 1819 1120 1855 et

312 1870 613 1917 iniustitia,
643 1876 702 1911 ut
732 1883 795 1913 ne
827 1873 1118 1913 materiem

314 1928 637 1969 disserendi
676 1933 866 1983 aptam
917 1935 960 1971 et
1005 1927 1118 1970 ido-

311 1999 461 2027 nea-m
492 1987 825 2027 omittamus
865 1992 955 2028 aut
984 1986 1118 2041 spis-

313 2056 429 2084 sam
474 2048 632 2097 atque
678 2044 962 2096 confusam
1017 2044 1117 2084 dis-

314 2103 624 2168 putatione
683 2101 1119 2155 persequamur?

313 2158 508 2211 (damit
562 2162 650 2200 wir
701 2159 852 2201 nicht
895 2160 985 2201 das
1026 2159 1118 2200 Ge-

313 2214 516 2270 hii-rige
588 2218 915 2269 auslassfflu,
983 2217 1120 2258 oder

320 2273 599 2315 Vielerlei
671 2273 1120 2317 durcheinander

313 2331 665 2384 abhandeln).
745 2333 916 2375 Etenim
977 2331 1122 2379 ἱκινὸς

315 2388 445 2443 λόγος
483 2388 538 2429 de
572 2389 819 2442 disputandi
841 2393 1020 2432 materia
1046 2403 1119 2430 ac-

316 2446 561 2501 cipiendum
603 2448 656 2488 ad
694 2454 940 2503 susceptam
985 2461 1118 2501 quae-

315 2507 498 2547 stionem
549 2505 778 2552 commoda
840 2513 884 2548 et
942 2507 1116 2557 idonea,

314 2569 361 2604 ut
393 2564 530 2617 Gorg.
567 2577 607 2616 p.
629 2563 730 2608 512.
763 2564 822 2605 E:
855 2563 1004 2610 ίκανός
1035 2562 1119 2617 γὰρ

315 2617 432 2678 αὐτῷ
472 2619 495 2661 ὅ
542 2618 690 2676 λόγος.
753 2622 973 2665 Quorsum
1016 2634 1120 2663 sane

314 2680 432 2720 valet
482 2679 716 2731 disputatio
767 2679 821 2721 de
878 2678 1119 2721 educandis

313 2735 633 2790 formandisque
668 2736 819 2778 futuris
852 2737 1119 2791 reipublicae

316 2795 592 2847 custodibus,
634 2807 716 2848 qua
761 2794 921 2836 omissa
959 2795 1117 2836 iustitia

315 2864 400 2893 non
453 2858 609 2906 posset
659 2855 786 2906 plane
834 2853 1013 2905 intelligi
1075 2856 1119 2892 et

316 2911 533 2962 cognosci.
595 2909 684 2951 Sed
718 2910 874 2962 συχνὸς
895 2909 1019 2964 λόγος
1051 2915 1120 2950 est

317 2969 496 3009 materia
565 2967 813 3022 disputandi
882 2967 908 3009 d
934 2983 958 3009 e
978 2979 1005 3008 n
1031 2982 1051 3008 s
1071 2980 1117 3019 a,

317 3024 1119 3078 spissa‚nondistincta‚ideo-

315 3095 415 3133 que
447 3084 680 3125 confusa
713 3089 919 3126 temere
951 3087 1120 3135 atque

317 3139 502 3181 mixta.
554 3140 707 3188 Qualis
737 3146 785 3182 ut
814 3154 867 3182 ne
889 3139 1120 3182 tractanda

317 3196 395 3247 sit,
444 3198 646 3250 singulari
695 3198 749 3240 de
789 3200 969 3240 militum
1014 3197 1119 3239 edu-

319 3253 490 3295 catione
528 3254 820 3307 disputatione
861 3255 1120 3311 prohibitum

318 3311 368 3352 iri
409 3312 634 3366 significat.
676 3324 715 3354 v.
755 3313 832 3355 lV.
874 3328 914 3368 p.
951 3313 1038 3357 511
1070 3313 1119 3356 C.

320 3368 470 3424 itaque
499 3382 606 3411 sana
636 3368 701 3410 hic
732 3374 830 3411 sunt
861 3371 1022 3422 omnia,
1043 3382 1119 3412 ne-

317 3439 404 3478 que
436 3428 526 3469 veri
571 3426 672 3479 quid
706 3426 814 3469 vidit
857 3428 1122 3483 Naegels-

1208 1698 1353 1741 bach.
1383 1697 1628 1740 Emendatt.
1662 1699 1772 1741 Plat.
1795 1699 1888 1753 p.4.
1909 1711 2009 1740 cor-

1205 1756 1430 1811 rigendum
1462 1762 1581 1797 ratus
1617 1757 1687 1796 i'm
1707 1756 1765 1810 μὴ
1787 1761 1918 1811 ἐῶμεν
1948 1757 2005 1810 μὴ

1204 1813 1351 1856 ἰκανὸν
1393 1812 1535 1868 λόγον.
1604 1814 1797 1856 Verbum
1850 1817 1924 1855 ἐᾶν
1954 1815 2009 1855 de

1205 1871 1495 1925 disputatione
1547 1873 1604 1912 ita
1655 1873 1842 1924 positum
1897 1872 2009 1912 Pro-

1170 1935 1290 1984 .tag.
1335 1942 1375 1982 p.
1409 1929 1510 1973 332.
1548 1933 1596 1973 A.
1635 1928 1734 1973 347.
1769 1930 1817 1972 C.
1862 1927 2007 1970 parm.

1205 1999 1246 2042 p.
1283 1986 1382 2031 159.
1416 1988 1466 2029 C.
1501 1988 1660 2040 Cratyl.
1696 2001 1737 2041 p.
1757 1987 1856 2031 397.
1884 1987 1930 2029 B.
1953 1990 2009 2028 al.
2091 1993 2094 2035 l

1261 2071 1399 2126 λόγῳ
1463 2071 1816 2127 παιδεύωμεν
1875 2072 2009 2118 τοὺς

1202 2129 1449 2183 ἄνδρας]
1499 2130 1539 2171 Ιι,
1581 2144 1618 2172 e.
1654 2133 1868 2184 fingamus
1910 2144 2009 2172 ora·
2089 2150 2091 2154 r

1204 2191 1322 2229 tione
1355 2195 1520 2238 nostra,
1557 2189 1779 2240 quomodo
1811 2189 1926 2230 viros
1957 2190 2009 2230 il-
2088 2194 2089 2219 3

1205 2248 1270 2287 los
1303 2246 1476 2288 educari
1510 2253 1726 2299 oporteat.
1764 2247 1811 2286 Ρ.
1835 2246 1919 2289 361
1959 2248 2006 2288 Β.

1203 2305 1280 2344 τὸν
1313 2304 1481 2344 δίκαιον
1514 2302 1623 2357 παρ’
1657 2302 1796 2345 αὐτὸν
1826 2306 2006 2356 ἱστῶμεν

1202 2367 1259 2402 τῶ
1294 2359 1423 2414 λόγῳ.
1463 2361 1514 2404 P.
1543 2361 1644 2406 363.
1675 2361 1726 2403 C.
1759 2361 1895 2415 Legg.
1929 2362 2008 2403 IV.

1202 2435 1243 2475 p·
1284 2419 1383 2465 712.
1425 2424 1486 2460 A:
1534 2417 1741 2476 πράττειν
1788 2425 1845 2459 τῶ
1895 2418 2008 2471 λόγῳ

1202 2476 1308 2523 τοὺς
1339 2475 1518 2531 νόμους.

1261 2561 1520 2616 Cap.XV11.
1582 2563 1632 2607 Ε.
1703 2559 2026 2616 ἢχαλεπόικ
2080 2571 2082 2613 f

1203 2619 1386 2675 εὑρεῖν
1415 2619 1482 2673 β.]
1520 2623 1746 2674 Antiquam
1781 2619 2007 2662 educatio·
2078 2618 2081 2674 j

1203 2679 1270 2719 nis
1309 2679 1579 2731 disciplinam
1621 2680 1830 2720 Socrates
1876 2677 2007 2718 etiam
2078 2682 2079 2723 l

1201 2737 1246 2777 in
1285 2736 1543 2778 custodibus
1584 2737 1767 2778 civitatis
1806 2734 2008 2777 erudien—
2076 2726 2079 2767 Ῐ

1203 2794 1268 2834 dis
1302 2794 1625 2846 formandisque
1652 2793 1919 2835 retinendam
1942 2806 2007 2832 ar·
2074 2770 2078 2849 ff

1203 2852 1403 2895 bitratur.
1475 2852 1600 2894 Quae
1655 2863 1783 2904 quum
1839 2850 2007 2890 duabus

1203 2911 1397 2963 partibus
1428 2909 1713 2956 contineatur,
1740 2907 2006 2960 gymnastica

1206 2973 1251 3009 et
1280 2967 1470 3015 musica,
1513 2978 1693 3018 quarum
1736 2968 1872 3006 altera
1914 2965 2006 3005 ani-

1205 3037 1301 3066 mos
1333 3023 1478 3065 reddit
1524 3024 1716 3064 mitiores
1755 3029 1883 3076 atque
1914 3024 2006 3063 cul-

1203 3082 1352 3133 tiores,
1384 3082 1517 3122 altera
1549 3080 1602 3121 ad
1639 3094 1824 3134 corpora
1856 3091 2007 3121 corro-

1203 3138 1395 3180 boranda
1417 3143 1460 3180 et
1482 3138 1795 3180 conformanda
1813 3141 2007 3191 spectat,-

1205 3196 1386 3250 primum
1437 3197 1653 3249 explicare
1703 3195 1870 3247 studet,
1922 3206 2009 3247 qua

1205 3256 1372 3295 ratione
1401 3253 1611 3295 custodes
1628 3253 1876 3295 instituendi
1907 3252 2007 3303 sint,

1205 3316 1251 3353 ut
1295 3323 1391 3352 cum
1443 3312 1624 3353 naturali
1670 3311 1828 3365 ingenii
1875 3308 2008 3350 vehe-

1205 3369 1363 3410 mentia
1412 3374 1456 3410 et
1502 3371 1649 3411 calore
1704 3365 2008 3411 mansuetudi-

1205 3439 1329 3478 nem,
1363 3425 1702 3470 moderationem
1738 3425 2006 3482 sapientiam-
