2124 3744
735 143 950 199 LIBRI
976 222 981 231 Ι
1005 144 1257 200 SEXTI.
1791 151 1841 199 ll

146 285 507 342 adducantur.
589 290 775 356 Atque
813 286 868 339 hi
907 288 1072 358 pauci
1108 305 1274 356 quum
1318 285 1526 340 tristem
1564 286 1845 340 civitatum

148 359 517 418 conditionem
564 359 720 414 facile
757 366 1093 429 cognoscant
1129 366 1185 411 et
1223 358 1583 428 perspiciant,
1634 364 1847 412 tantum

149 432 337 499 abest,
388 441 449 486 ut
498 433 662 487 rebus
712 429 945 502 publicis
997 448 1252 501 praeesse
1302 429 1502 496 velint,
1555 437 1615 482 ut
1665 449 1698 481 a
1745 448 1847 500 pu-

147 503 413 558 blicorum
458 504 805 576 negotiorum
855 501 1278 573 tempestatibus
1329 500 1398 553 ad
1448 501 1616 553 vitam
1667 501 1847 570 priva-

148 584 260 629 tam
308 585 572 645 tanquam
621 588 838 646 portum
885 573 1120 644 aliquem
1157 572 1512 644 confugiant,
1569 572 1664 625 ubi
1710 573 1848 644 ipsis

148 646 315 701 liceat
358 646 654 716 tranquillo
707 647 821 699 otio
869 646 976 698 frui
1016 653 1183 714 atque
1227 643 1283 696 id
1325 651 1471 698 certe
1514 662 1736 711 curare,
1788 653 1849 696 ut

146 719 251 791 ipsi
304 738 337 772 a
383 719 658 771 communi
708 718 908 771 civium
959 719 1228 787 pravitate
1276 715 1434 772 liberi
1474 733 1596 767 cum
1645 716 1848 768 sancti-

147 799 292 857 tate,
341 790 658 843 innocentia
710 798 876 859 atque
924 789 1070 842 bona
1118 806 1216 858 spe
1271 807 1338 840 ex
1377 786 1479 840 hac
1520 786 1634 838 vita
1671 785 1848 840 disce-

150 861 299 915 dant.
394 862 455 915 Ρ.
515 862 639 915 496.
690 868 762 913 A.
812 892 879 898 —
918 863 1040 913 497.
1089 862 1159 913 A.
1249 857 1413 926 Quod
1466 857 1593 910 licet
1639 877 1737 928 per
1789 877 1847 911 se

146 952 401 1005 magnum
446 931 708 1001 quiddam
745 930 1016 999 videatur,
1053 942 1238 984 tamen
1275 949 1387 984 non
1410 948 1678 983 summum
1713 928 1847 981 illud

144 1013 260 1072 est,
310 1003 461 1074 quod
496 1004 765 1074 consequi
800 1004 938 1058 tales
977 1003 1082 1056 viri
1117 1009 1442 1074 potuerant,
1501 1001 1548 1054 si
1585 1001 1851 1054 vixissent

150 1077 205 1130 in
257 1077 480 1130 civitate
528 1075 713 1147 aliqua
759 1075 899 1129 bene
946 1083 1171 1128 morata.
1262 1073 1385 1127 Nec
1432 1072 1544 1126 ulla
1596 1072 1848 1144 profecto

149 1167 296 1202 nunc
343 1148 541 1202 civitas
578 1155 692 1216 est,
763 1166 904 1217 quae
952 1145 1023 1200 ad
1059 1144 1412 1214 firmandam,
1464 1143 1848 1211 roborandam,

146 1219 608 1289 erudiendamque
655 1218 968 1291 philosophi
1017 1218 1183 1271 animi
1231 1216 1472 1270 indolem
1510 1215 1718 1284 aliquid
1755 1235 1850 1269 va-

146 1292 255 1346 lere
293 1291 575 1345 videatur:
622 1291 731 1344 imo
769 1309 957 1345 omnes
992 1290 1083 1344 vel
1120 1288 1594 1361 praestantissima
1629 1287 1851 1361 ingenia

145 1373 531 1435 corrumpunt,
586 1363 752 1417 veluti
803 1362 1039 1416 alienum
1076 1361 1252 1416 solum
1292 1361 1489 1428 efficit,
1530 1369 1592 1414 ut
1628 1360 1850 1431 plantae

146 1436 468 1509 peregrinae
516 1435 801 1508 paullatim
849 1434 1187 1507 degenerent
1233 1441 1289 1487 et
1343 1434 1398 1486 in
1452 1432 1695 1487 deterius
1732 1451 1849 1486 mu-

143 1517 345 1562 tentur.
400 1539 463 1548 --
550 1507 708 1576 Quae
757 1526 926 1576 quum
974 1508 1052 1560 ita
1107 1507 1252 1574 sint,
1289 1505 1461 1558 oritur
1495 1523 1644 1557 nunc
1683 1522 1849 1573 quae-

146 1580 251 1634 stio
293 1578 362 1633 de
397 1580 488 1633 via
522 1598 588 1634 ac
625 1580 867 1646 ratione,
922 1597 1032 1648 qua
1082 1578 1137 1630 in
1188 1585 1374 1631 nostra
1412 1576 1694 1648 republica
1729 1575 1849 1647 phi-

147 1651 431 1722 losophiae
480 1650 721 1706 studium
771 1649 1023 1704 alendum
1079 1648 1583 1718 moderandumque
1632 1647 1729 1716 sit,
1779 1667 1849 1701 nc

148 1723 428 1794 paullatim
479 1722 565 1776 vel
614 1723 968 1794 extinguatur
1015 1722 1536 1792 vel‘corrumpatur.
1611 1720 1717 1773 Est
1753 1737 1852 1773 au·-

143 1804 253 1850 tem
301 1795 464 1861 longe
519 1795 626 1848 alio
678 1794 843 1848 modo
893 1792 1268 1862 tractandum,
1317 1811 1480 1862 quam
1531 1791 1693 1846 hodic
1730 1791 1850 1845 fieri

143 1866 302 1922 solet.
378 1853 545 1920 Nunc
581 1866 726 1922 enim
759 1867 987 1919 iuvenes
1020 1866 1127 1918 iam
1166 1873 1375 1918 mature
1413 1864 1693 1936 attingunt
1729 1863 1850 1936 phi-

142 1937 466 2012 losophiam,
505 1937 671 2009 idque
701 1939 833 1993 satis
871 1938 1088 1991 leviter:
1138 1956 1261 1989 mox
1311 1943 1490 1990 aetate
1526 1936 1854 1989 confirmata

146 2009 216 2064 ad
264 2011 471 2065 maiora
522 2019 845 2083 properant,
903 2008 1305 2082 philosophiam
1367 2007 1644 2061 deserunt.
1738 2006 1851 2062 Sed

146 2082 404 2138 custodes
453 2091 675 2136 nostrae
741 2082 1073 2153 reipublicae
1140 2081 1466 2134 contrariam
1522 2080 1638 2133 fere
1709 2079 1851 2133 viam

148 2153 358 2227 ingredi
408 2153 622 2210 debent.
710 2155 786 2208 Hi
829 2153 972 2208 enim
1021 2151 1326 2207 studiorum
1377 2152 1592 2205 initium
1633 2151 1852 2235 capient

147 2226 216 2281 ab
264 2226 333 2280 iis
387 2226 727 2300 disciplinis,
796 2246 935 2297 quae
996 2234 1219 2279 tenerae
1271 2225 1438 2278 aetati
1468 2231 1848 2278 conveniant:

141 2297 338 2353 deinde
376 2299 552 2353 auctis
576 2298 1021 2369 confirmatisque
1058 2296 1305 2369 corporis
1330 2296 1605 2366 animique
1642 2295 1851 2350 viribus

145 2389 213 2424 ea
249 2369 565 2425 tractabunt
590 2378 646 2425 et
665 2371 1018 2439 exercebunt,
1044 2388 1184 2440 quae
1209 2369 1396 2423 robori
1422 2368 1567 2422 virili
1593 2367 1850 2422 conveni-

62 2503 65 2505 ,
147 2450 268 2496 ant:
306 2450 516 2515 postea,
538 2442 634 2497 ubi
662 2450 843 2497 aetate
868 2451 1130 2515 provecta
1160 2440 1408 2512 corporis
1432 2442 1576 2495 vires
1615 2440 1850 2494 deficere

145 2514 440 2585 incipiunt,
479 2515 660 2569 missis
697 2514 932 2586 publicis
970 2513 1227 2586 negotiiS,
1267 2531 1385 2567 sese
1423 2519 1570 2567 totos
1612 2512 1852 2584 pbiloso-

148 2585 308 2657 phiae
360 2584 564 2640 dedent
611 2595 776 2657 atque
828 2585 886 2639 id
936 2586 1100 2640 unice
1137 2584 1442 2652 curabunt,
1493 2592 1557 2638 ut
1612 2592 1670 2637 et
1705 2583 1851 2637 vitae

147 2658 386 2731 spatium
437 2658 667 2713 feliciter
713 2658 938 2731 exigant
982 2665 1038 2712 et
1075 2665 1202 2729 post
1237 2668 1467 2709 mortem
1505 2663 1705 2711 sortem
1742 2655 1850 2707 vir-

146 2739 264 2783 tute
303 2748 405 2784 sua
442 2729 666 2803 dignam
706 2730 1110 2785 nanciscantur.
1190 2729 1251 2782 P.
1294 2730 1413 2782 497.
1443 2728 1507 2780 Β.
1537 2759 1604 2767 -—
1629 2729 1753 2781 498.
1785 2726 1850 2780 C.

149 2801 307 2871 Quae
358 2802 497 2856 ratio
554 2802 655 2857 etsi
695 2802 879 2856 multis
918 2800 1251 2885 displicebit,
1291 2807 1474 2854 tamen
1510 2798 1758 2854 studiose
1796 2797 1852 2852 id

146 2883 234 2928 est
282 2873 591 2947 agendum,
643 2882 704 2928 ut
753 2873 1082 2929 adversariis
1134 2871 1281 2925 omni
1343 2870 1508 2926 modo
1570 2871 1850 2943 probetur.

147 2945 478 3016 Quanquam
516 2965 626 3000 non
662 2954 749 3000 est
786 2946 1011 3015 mirum,
1062 2945 1107 3000 si
1146 2942 1282 2998 haec
1318 2943 1501 2998 omnia
1535 2962 1569 2997 a
1605 2942 1851 3016 plurimis

146 3017 488 3071 reiiciantur:
538 3018 750 3074 scilicet
788 3018 877 3073 isti
916 3037 1028 3072 rem
1069 3034 1347 3087 nunquam
1386 3016 1468 3070 sic
1504 3014 1851 3070 administra-

144 3099 254 3143 tam
304 3098 400 3143 aut
460 3091 642 3145 verbis
695 3089 833 3145 adeo
901 3088 1143 3144 dilucide
1201 3087 1527 3160 explicatam
1576 3086 1848 3155 viderunt,

145 3160 426 3231 multoque
475 3162 656 3218 minus
710 3170 1118 3234 conspexerunt
1165 3178 1396 3230 usquam
1450 3160 1625 3214 virum
1674 3161 1851 3230 perfe-

146 3240 268 3285 ctae
309 3233 527 3288 virtutis
586 3235 638 3288 in
665 3235 885 3289 civitate
923 3235 1050 3288 item
1091 3231 1636 3305 perfectaimperium
1662 3240 1852 3286 tenen-

147 3315 283 3358 tem:
334 3302 545 3359 accedit
593 3306 741 3377 quod
795 3306 1040 3379 plerique
1088 3303 1332 3358 veritatis
1372 3303 1850 3374 investigationem

145 3395 334 3447 parum
375 3387 625 3433 curantes
668 3380 848 3450 potius
903 3377 1139 3450 argutis,
1180 3374 1505 3446 splendidis,
1547 3373 1852 3448 magnificis
