2106 3594
316 106 540 163 CXVIII

312 250 543 305 consilio
579 264 820 320 revocet,
862 267 1028 320 quum
1066 249 1368 319 imparatus
1404 249 1476 303 ad
1511 248 1891 321 gravissimum
1929 254 2006 307 ci-

310 322 497 376 vitatis
544 320 1009 375 administrandae
1071 339 1265 376 munus
1319 340 1682 393 aggressurus
1738 322 2007 379 videatur.

310 393 510 463 Neque
564 392 673 445 alia
707 393 848 446 ratio
886 392 1056 446 fuisse
1095 391 1314 447 videtur
1345 393 1652 461 Adimanti,
1689 411 1849 463 quem
1886 395 2009 466 ipse

310 464 471 518 Plato
520 471 707 517 narrat
754 463 976 518 affuisse
1022 462 1238 520 Socrati
1287 464 1345 517 in
1397 463 1602 518 iudicio
1640 484 1891 519 caussam
1925 465 2008 519 di-

309 535 453 589 centi
501 533 741 608 Apolog.
791 534 948 590 Socr.
997 555 1048 607 p.
1096 537 1185 589 31.
1237 537 1308 590 A.
1355 536 1536 590 Ambo
1583 536 1755 606 igitur
1792 536 2009 592 Socrati

308 613 465 660 erant
514 606 810 660 familiares
859 614 1025 676 atque
1076 605 1377 661 Socraticis
1414 608 1757 661 sermonibus
1795 616 2009 663 mature

307 677 502 732 imbuti
541 685 598 732 et
635 679 896 746 instituti,
935 689 1001 731 ut
1032 677 1120 732 vel
1157 678 1299 732 hanc
1336 678 1407 732 ob
1446 697 1694 733 caussam
1729 688 1882 734 recte
1908 699 2008 752 po—

306 750 512 803 tuerint
567 768 691 804 cum
740 769 806 804 eo
855 750 1017 803 etiam
1064 750 1123 802 in
1158 750 1465 821 Republica
1501 769 1778 805 sermones
1816 770 2010 806 conse-

315 840 451 876 rere.
526 820 639 876 Sed
677 821 912 876 accessit
949 821 1019 874 ad
1058 821 1164 875 hoc
1203 823 1367 874 etiam
1404 821 1552 874 aliud
1593 821 1741 890 quid.
1818 821 2008 890 Quan-

306 893 509 947 tumvis
557 894 699 947 enim
737 904 922 947 essent
968 892 1389 961 adolescentuli,
1447 901 1629 946 tamen
1667 901 1892 975 propter
1925 895 2010 948 in-

307 965 458 1036 genii
508 963 666 1019 dotes
717 967 883 1035 atque
929 963 1113 1018 studia
1161 983 1263 1018 sua
1311 983 1423 1017 non
1472 963 1684 1036 indigm
1720 965 1825 1019 visi
1860 980 2010 1035 sunt,

307 1035 403 1106 qui
440 1054 562 1090 cum
599 1037 718 1090 viro
754 1036 1002 1107 sapiente
1037 1036 1125 1090 vel
1167 1035 1234 1089 de
1270 1036 1435 1090 rebus
1472 1036 1813 1107 gravissimis
1839 1037 2009 1091 collo-

307 1115 622 1178 querentur.
711 1108 856 1162 Nam
905 1106 1121 1161 Glauco
1173 1106 1390 1178 quidem
1441 1107 1603 1161 etiam
1636 1115 1780 1162 teste
1815 1108 2008 1163 Xeno·-

306 1180 515 1251 phonte
537 1179 645 1232 iam
669 1188 880 1233 mature
905 1179 975 1232 ad
1000 1180 1194 1233 altiora
1217 1180 1404 1233 enisus
1427 1187 1533 1248 est,
1563 1178 2010 1249 quandoquidem

308 1239 632 1321 vigesirffum
682 1270 883 1304 annum
921 1269 1090 1323 agens
1127 1251 1516 1322 rempublicam
1562 1269 1854 1321 capessere
1891 1253 2010 1305 ani-

308 1340 456 1376 mum
507 1320 816 1377 induxerat.
903 1323 1092 1393 Atque
1140 1321 1286 1375 idem
1324 1323 1489 1376 etiam
1525 1322 1792 1393 singulari
1830 1323 2011 1377 excel·

304 1393 411 1447 luit
443 1394 651 1466 ingenii
686 1393 968 1462 felicitate,
1008 1401 1072 1446 ut
1109 1392 1377 1448 Socrates*
1398 1393 1546 1464 apud
1580 1393 2012 1466 Xenophontem

303 1464 340 1518 l.
394 1484 440 1519 c.
479 1468 530 1533 ἓ.
576 1467 637 1519 18
693 1465 742 1518 ei
779 1465 1141 1531 vaticinetur,
1194 1467 1374 1547 ipsum
1420 1465 1581 1518 facile
1629 1473 2012 1520 assecuturum

305 1554 427 1590 esse
461 1554 603 1606 quae
642 1537 848 1608 cupiat,
886 1535 1185 1590 dummodo
1218 1535 1418 1590 ldonea
1451 1536 1682 1590 scientia
1707 1537 2010 1591 instructus

305 1607 534 1662 accedat
580 1607 654 1660 'ad
705 1607 1113 1680 rempublicam.
1188 1607 1276 1661 De
1315 1607 1617 1662 Adimanto
1653 1616 1837 1662 autem
1876 1608 2011 1679 quid

306 1677 725 1733 existimandum
775 1680 882 1748 sit,
932 1679 1084 1733 nullo
1129 1679 1240 1732 fere
1290 1679 1514 1751 negotio
1564 1699 1632 1733 ex
1666 1682 1788 1751 ipsa
1824 1681 2011 1735 fratris

304 1750 613 1822 Republica
649 1751 1024 1823 cognoscitur,
1063 1750 1158 1804 ubi
1197 1750 1498 1804 clarissime
1535 1769 1853 1821 expressum
1891 1770 2010 1806 cer—

308 1822 489 1875 nimus
527 1822 808 1894 ingenium
843 1822 1021 1892 ipsius
1067 1821 1275 1890 alacre,
1329 1821 1571 1875 vividum
1591 1859 1607 1890 ‚
1647 1831 1898 1891 acutum,
1948 1831 2011 1877 ut

304 1892 542 1947 dubitari
578 1910 689 1947 non
726 1894 931 1965 possit,
970 1893 1150 1964 ipsum
1195 1910 1450 1963 quoque,
1489 1895 1836 1963 quantumvis
1876 1894 2009 1949 ado-

303 1965 715 2033 lescentiorem,
770 1973 955 2019 tamen
995 1964 1066 2017 ad
1103 1983 1313 2017 summa
1349 1984 1601 2035 quaeque
1638 1965 1739 2019 ads
1780 1966 2008 2021 itavisse

306 2043 472 2107 atque
501 2055 653 2108 spem
690 2035 757 2089 de
797 2055 858 2090 se
882 2036 1207 2090 excitavisse
1232 2036 1395 2118 longe
1421 2038 1696 2108 optimam.
1735 1986 1852 2093 god
1873 2038 2008 2092 haec

306 2112 490 2162 omnia
527 2127 636 2178 quo
675 2108 876 2162 certius
918 2108 1078 2161 etiam
1117 2108 1552 2178 perspic1antur,
1605 2109 1797 2180 paucis
1839 2129 2007 2182 expo·-

305 2179 482 2234 suisse
517 2179 744 2247 iuvabit,
786 2179 976 2249 quales
1014 2196 1200 2232 eorum
1238 2197 1416 2234 mores
1455 2180 1747 2250 qualiaque
1785 2182 2007 2254 ingenia

302 2251 545 2322 ipsorum
580 2252 637 2303 in
676 2251 923 2304 Platonis
961 2250 1266 2322 Republica
1313 2271 1570 2321 expressa
1607 2252 1732 2306 sint.
1808 2253 2006 2323 ltaque

301 2322 537 2393 primum
574 2321 793 2392 quidem
830 2322 1001 2376 fortes
1038 2330 1167 2375 sunt
1202 2322 1363 2376 ambo
1402 2330 1459 2376 et
1493 2323 1601 2376 iam
1639 2324 1849 2394 proelio
1881 2325 2006 2378 Me·-

303 2393 523 2465 garensi
573 2394 843 2447 nobilitati
930 2402 992 2446 ut
1029 2401 1114 2447 est
1151 2394 1306 2449 Libr.
1343 2395 1398 2449 ll.
1438 2413 1494 2464 p.
1533 2396 1657 2452 368.
1691 2397 1765 2450 A.
1838 2396 2006 2450 Prae·-

302 2472 452 2519 terea
485 2484 615 2519 vero
652 2473 781 2519 sunt
819 2484 852 2518 a
874 2483 1026 2518 acres
1066 2484 1286 2535 quoque
1322 2474 1377 2520 et
1411 2465 1717 2538 ingeniosi,
1764 2467 2006 2538 itemque

305 2537 550 2590 veritatis
587 2537 751 2609 longe
774 2536 1186 2590 studiosissimi.
1261 2536 1608 2607 Quamquam
1632 2538 1690 2591 in
1719 2537 2004 2592 Glaucone

302 2608 466 2662 etiam
503 2609 674 2662 maio-r
710 2627 873 2678 quam
909 2608 965 2660 in
1005 2607 1304 2666 Adimanto
1341 2610 1486 2662 inest
1522 2609 1796 2678 alacritas,
1832 2611 2006 2664 maior

304 2681 463 2752 vigor
514 2681 676 2733 animi
731 2688 786 2734 et
846 2679 1219 2750 vehementia,
1270 2688 1332 2733 ut
1380 2680 1595 2734 dicatur
1641 2680 1798 2734 Libr.
1844 2680 1900 2736 ll.
1949 2701 2003 2752 p.

302 2753 429 2805 357.
479 2751 552 2806 A.
603 2751 688 2806 ἀεὶ
739 2749 1138 2823 ἀνδρειότατος
1185 2751 1328 2820 πρὸς
1371 2751 1619 2818 ἅπαντας
1669 2751 2006 2807 moderatior

300 2823 486 2893 paullo
522 2842 586 2877 ac
621 2821 864 2877 sedatior
900 2830 984 2877 est
1021 2821 1374 2893 AdimantUS,
1413 2824 1760 2894 quantumvis
1798 2825 2002 2895 etipse

300 2894 418 2947 veri
453 2894 760 2964 reperiendi
798 2894 1202 2966 cupidissimus.
1282 2895 1401 2949 Nec
1448 2913 1581 2948 vero
1620 2903 1808 2948 carent
1843 2896 2004 2949 ambo
2060 2928 2063 2931 -

302 2963 604 3018 eruditione
651 2974 815 3035 atque
867 2966 1133 3020 doctrina.
1222 2965 1367 3020 Nam
1422 2964 1638 3020 Glauco
1689 2965 1910 3036 quidem
1948 2975 2003 3020 et

301 3034 540 3091 musicae
591 3037 820 3089 multum
876 3036 1030 3091 dedit
1067 3055 1267 3108 operae
1309 3045 1366 3090 et
1402 3036 1572 3108 pollet
1605 3037 1884 3108 eleganter
1918 3046 2000 3092 at·-

302 3125 409 3177 que
446 3114 636 3160 ornate
676 3106 894 3161 dicendi
930 3109 1220 3176 facultate,
1270 3108 1589 3176 ceteroquin
1637 3127 1740 3162 nec
1779 3109 2000 3164 ‘alienus

303 3179 372 3232 ab
411 3178 660 3232 honestis
697 3179 1104 3250 voluptatibUS,
1141 3178 1587 3256 quandoquidem
1638 3179 1866 3234 canibus
1904 3200 1999 3234 ve-

303 3250 497 3304 naticis
536 3257 589 3303 ct
626 3249 818 3304 avibus
844 3250 1146 3304 delectatur
1184 3250 1369 3320 (Libr.
1407 3251 1477 3303 V.
1517 3270 1570 3321 p.
1607 3253 1730 3306 459.
1768 3253 1839 3305 A.
1879 3251 1996 3321 aL).

302 3321 635 3392 Adimantus
663 3327 843 3375 autem
907 3323 960 3375 in
998 3322 1179 3394 poetis
1217 3321 1568 3376 laudabiliter
1605 3330 1689 3377 cst
1726 3330 1995 3387 versatUS‚
