2124 3744
248 874 293 924 l)

341 211 443 264 3³38
964 209 1434 262 PLATONIS

342 377 408 409 ου
456 353 607 416 τινος
652 359 771 422 πέρι
819 358 1179 423 Mysas-31¹0&
1230 361 1466 413 τοιοῦδε.
1513 358 1728 414 ταύτόν
1764 381 1881 414 που
1911 360 2040 430 ἡμῖν

342 442 584 509 μέγεθος
636 438 875 507 ἐγγύθεν
930 460 986 494 τε
1040 446 1130 494 καὶ
1186 440 1492 515 πόῤῥωθ·εν
1553 442 1644 497 διὰ
1703 446 1800 509 τῆς
1855 441 2039 520 ὅψεως

343 521 446 579 οὐκ
489 522 615 576 ἴσον
657 528 935 596 φαίνεται.
986 523 1081 579 01³1·
1109 524 1235 596 γάρ.
1297 530 1406 581 Καὶ
1454 526 1632 582 ταύτὰ
1679 529 1940 598 καμπύλα
1981 551 2039 584 τε

334 611 425 662 καὶ
471 606 648 661 εὐθέα
693 613 751 659 ἐν
791 605 958 662 ὕδατί
1001 630 1056 662 τε
1105 613 1408 679 θεωμένοις
1452 615 1542 665 καὶ
1587 612 1840 677 ἕξοις-καὶ
1876 614 2036 668 κοῖλά

333 713 390 746 τε
437 690 503 757 δὴ
558 695 649 745 καὶ
709 693 959 761 ἐξέχοντα
1000 691 1105 746 -ὃιοὶ
1165 694 1268 760 τὴν
1326 699 1447 764 περὶ
1511 694 1580 749 τα
1622 695 1905 767 χρώματα
1965 691 2036 751 αὖ

333 775 553 841 πλάνην
599 778 698 842 τῆς
743 774 946 850 ὅψεως,
987 780 1077 830 καὶ
1122 779 1276 832 πᾶσα
1323 800 1407 843 τις
1461 780 1676 850 ταραχὴ
1722 783 1862 848 δήλη
1906 780 2038 852 ἡμῖν

332 863 535 915 ἐνοῦσα
581 857 726 927 αὕτη
771 868 829 915 ὲν
873 864 939 937 τῇ
988 864 1170 937 ψυχῇ·
1217 856 1260 932 ᾧ
1306 861 1373 929 ὁὴ
1421 863 1576 933 ἡμῶν
1617 867 1693 934 τῷ
1728 865 2038 937 παθήματι

332 948 431 1012 τῆς
470 942 688 1019 φύσεως
744 943 778 1011 ἡ
822 952 1164 1019 σκιαγραφία
1223 951 1527 1018 ἐπιθεμένη
1570 955 1824 1015 γοητείας
1870 950 2035 1006 οὐδὲν

331 1030 640 1093 ἀπολείπει,
684 1034 775 1084 καὶ
821 1028 854 1096 ἡ
903 1034 1341 1099 θαυματοποιία
1372 1036 1464 1087 καὶ
1493 1030 1656 1087 ἄλλαι
1685 1038 1883 1089 πολλαὶ
1921 1057 2033 1090 τοι·

330 1117 497 1169 αὗται
541 1119 804 1185 μηχαναί.
846 1113 1090 1182 Ἀληθῆ.
1137 1108 1253 1187 'Ap’
1307 1110 1410 1191 οὗν
1455 1115 1523 1173 οὐ
1566 1115 1628 1173 τὸ
1673 1129 1893 1190 μετρεῖν
1941 1123 2035 1174 καὶ

446 1307 544 1349 Καὶ
578 1303 747 1347 ταύτὰ
777 1304 1056 1360 καμπύλα]
1095 1308 1141 1348 V.
1177 1309 1245 1349 καὶ
1279 1308 1326 1349 τὰ
1359 1312 1529 1360 καμπ...
1561 1308 1676 1362 quod
1714 1309 1899 1351 Bekker.
1935 1323 2027 1351 mu—

327 1367 433 1414 tavit
473 1380 526 1407 ex
559 1369 651 1407 Par.
686 1368 736 1418 A.
777 1365 899 1407 Mon.
949 1368 1056 1419 Aug.
1105 1367 1203 1407 Vat.
1237 1380 1291 1407 m.
1333 1352 1704 1408 consentientibus
1738 1381 1814 1408 sex
1847 1369 2030 1409 Flortn-

328 1422 537 1466 tinia.1n
586 1423 677 1464 Vat.
718 1419 765 1463 Θ.
807 1423 917 1463 Ven.
961 1423 1013 1464 ll.
1054 1423 1183 1464 Vind.
1228 1423 1328 1465 Par.
1372 1425 1421 1466 D.
1468 1425 1563 1466 Vat.
1604 1439 1636 1466 r.
1681 1426 1811 1465 ταῦτα
1849 1427 2028 1479 legitur,

324 1482 443 1536 quod
476 1482 697 1523 confirmat.
728 1484 960 1551 receptam
979 1481 1227 1523 lectionem.

455 1541 505 1580 D
544 1537 746 1580 ἐνοῦσα
776 1536 906 1590 αὕτη
939 1537 997 1579 ἑν
1027 1553 1059 1579 τ.
1093 1541 1160 1592 ψ.]
1195 1535 1302 1593 αυτή
1341 1542 1434 1580 Par.
1454 1540 1509 1579 A.
1537 1538 1640 1580 Ven.
1665 1538 1712 1583 Ξ.
1752 1539 1875 1580 Vind.
1912 1542 2027 1592 Ano.

325 1598 445 1640 Flor.
476 1612 518 1640 a
554 1612 592 1640 c.
625 1610 667 1638 x.
701 1611 740 1636 α.
775 1591 885 1648 αυτῇ
921 1597 1031 1657 vm·
1068 1610 1122 1639 ιιι.
1160 1597 1264 1640 Mox
1297 1597 1365 1638 και
1400 1611 1442 1637 αι
1474 1583 1591 1637 ἄλλαι
1622 1597 1743 1638 Par.
1755 1600 1804 1638 A.
1829 1598 1940 1639 Ven.
1980 1598 2026 1642 Ξ.

330 1657 450 1698 Vind.
485 1657 588 1698 Vat.
622 1668 679 1697 ιιι.

326 1801 457 1837 ratur.
512 1795 599 1837 Sed
632 1795 748 1848 quod
783 1797 909 1849 longe
941 1802 1007 1837 est
1038 1810 1136 1849 gra-

325 1855 562 1905 vissimum,
595 1867 912 1908 saepenumero
943 1855 1030 1895 isto
1059 1869 1134 1908 pa-

325 1916 398 1952 cto
441 1913 571 1953 etiam
625 1925 702 1953 eos
749 1914 966 1966 corrumpi
1013 1913 1134 1954 vide-

325 1982 434 2020 mus,
466 1971 538 2022 qui
570 1977 695 2013 autea
733 1971 859 2022 boni,
902 1977 1060 2023 graves
1091 1976 1135 2012 et

323 2034 574 2068 constantes
606 2029 867 2070 extitissent.
916 2028 1024 2070 Nam
1058 2029 1131 2069 ubi

326 2085 546 2127 Homerus
586 2093 663 2127 aut
700 2086 858 2140 aliquis
900 2091 1128 2139 poetarum

323 2144 586 2196 tragicorum
645 2144 819 2186 heroem
882 2146 1128 2196 quempiam

322 2201 516 2243 imitatur
558 2200 780 2242 doloribus
815 2200 1026 2242 afflictum
1067 2215 1132 2242 ac

322 2259 378 2299 ‹le
437 2259 607 2300 fortuna
671 2271 746 2300 sua
794 2262 1128 2310 lamentantem,

321 2317 400 2368 ipsi
445 2329 629 2369 quoque.
661 2317 763 2358 talia
802 2317 1037 2358 audientes
1074 2331 1129 2359 ac

322 2375 518 2416 videntes
550 2374 830 2416 veliementer
877 2387 1128 2416 commove-

321 2445 421 2473 mur⁴
447 2438 490 2473 et
520 2433 646 2474 variis
669 2432 926 2484 ‘affectibuffi
961 2434 1127 2475 miseri-

321 2490 520 2543 cordiae,
553 2491 781 2541 tristitiae,
827 2489 1015 2540 doloris,
1057 2504 1126 2532 re·

319 2549 501 2601 plemur.
534 2548 660 2591 Quae
691 2547 869 2601 quidem⁴
887 2548 1125 2591 affectuum

321 2607 568 2647 communio
599 2606 681 2647 dici
713 2618 799 2646 non
819 2611 970 2660 potest
991 2619 1125 2660 quan-

319 2670 408 2704 tum
444 2664 586 2704 damni
619 2664 810 2705 moribus
839 2662 1010 2705 afferat.
1049 2665 1124 2706 In-

319 2722 534 2762 stillantur
573 2722 681 2762 euim
727 2734 803 2775 per
834 2734 929 2763 eam
972 2723 1124 2764 animis

318 2779 531 2821 eiusmodi
574 2785 720 2819 motus
749 2792 800 2821 ac
832 2792 1016 2828 sensus,
1051 2781 1123 2833 qui

316 2838 399 2878 vim
448 2838 628 2879 rationis
670 2838 921 2878 imminuant
966 2844 1010 2878 et
1054 2851 1123 2879 aa·

316 2895 502 2945 pientiae
533 2895 746 2947 gravitati,
778 2897 1047 2937 constantiae
1081 2902 1124 2937 et

314 2952 555 2994 fortitudini
625 2954 854 3005 plurimum
915 2952 1123 3006 officiant,

314 3013 569 3062 praesertim
611 3022 739 3062 quum
779 3010 939 3052 eodem
990 3011 1121 3053 modo

314 3068 442 3110 etiam
475 3069 583 3118 irae,
615 3080 804 3118 amores,
837 3068 947 3109 aliae
983 3071 1122 3111 malae

314 3127 573 3178 cupiditates
603 3127 862 3167 excitentur.
891 3125 1024 3168 Quod
1043 3140 1119 3169 au·

309 3187 399 3223 tem
430 3183 563 3225 modo
596 3183 650 3224 de
681 3183 804 3236 poesi
837 3184 997 3236 tragica
1028 3192 1118 3226 sta-

311 3239 495 3291 mimus,
529 3241 642 3281 idem
686 3240 912 3281 etiam-de
951 3243 1116 3283 comica

311 3299 432 3350 poesi
482 3299 539 3338 ita
577 3298 751 3339 iudicari
799 3304 1002 3350 oportere
1043 3302 1112 3353 (p.

310 3354 407 3398 606.
443 3354 518 3408 C.)
551 3356 679 3397 facile
709 3356 974 3408 intelligitur.

367 3413 419 3453 D.
480 3413 565 3453 καὶ
604 3410 745 3453 πᾶσά
789 3423 866 3452 τις
910 3413 1113 3469 ταραχὴ

309 3494 362 3500 —-
399 3470 557 3522 ψιχῇ]
597 3469 634 3511 11.
669 3482 707 3511 e.
756 3471 823 3510 καὶ
857 3471 974 3513 πᾶσα
1005 3470 1112 3525 αὕτη

1220 1797 1269 1849 (i.
1306 1811 1342 1837 e.
1376 1796 1462 1836 πᾶν
1494 1795 1666 1868 τοῦτο)
1680 1796 1837 1851 ταραχή
1855 1809 1921 1838 τις
1949 1796 2027 1852 δή-

1221 1855 1269 1907 λη
1302 1853 1416 1895 ἐστὶν
1448 1853 1611 1895 ἐνοῦσα
1642 1850 1741 1911 ἦμίι
1776 1855 1823 1896 ἐν
1863 1857 1911 1908 τῇ
1942 1863 2025 1907 ψυ-

1221 1913 1469 1965 χῃ,ε1(μιθ
1493 1912 2023 1966 ommahaec(on1nm

1221 1972 1388 2011 istius
1431 1971 1683 2024 generis)
1730 1972 2024 2014 manitesta

1217 2028 1480 2081 quaedam
1525 2029 1573 2068 in
1614 2029 1790 2072 auimo
1833 2034 2023 2072 nostro

1219 2087 1575 2139 perturbatio
1604 2093 1749 2138 suut,
1780 2088 1808 2128 i.
1844 2101 1882 2128 e.
1914 2089 2022 2129 ani—-

1217 2157 1295 2185 ruo
1329 2144 1618 2185 manifesto
1646 2144 1833 2186 afferunt
1851 2150 2021 2197 pertur-

1216 2202 1437 2242 bationem
1479 2201 1708 2253 quandam.
1789 2203 2020 2245 verissime

1216 2261 1327 2301 enim
1361 2258 1728 2301 Schneiderus
1767 2260 1884 2300 πᾶσα
1910 2257 2019 2314 αὕτη

1214 2317 1352 2370 iungit
1381 2323 1426 2358 et
1455 2331 1533 2371 per
1563 2319 1864 2358 attractionem
1883 2331 2019 2371 quan-

1215 2376 1315 2415 dam
1357 2375 1537 2416 dictum
1561 2388 1659 2416 esse
1697 2376 1838 2428 putat,
1877 2383 1924 2417 ut
1959 2377 2019 2417 τὶς

1212 2434 1376 2474 nomini
1401 2434 1457 2474 sit
1473 2433 1784 2486 praepositum,
1816 2440 1862 2474 ut
1877 2435 2016 2487 Gorg.

1212 2505 1253 2544 p.
1295 2491 1397 2534 522.
1441 2492 1498 2532 D.
1543 2487 1652 2543 αὐτη
1687 2488 1768 2544 γάρ
1807 2506 1871 2538 τις
1904 2490 2016 2562 βοή-

1210 2548 1314 2589 θεια
1350 2547 1491 2604 ἐαυτῷ
1527 2545 1729 2588 πολλάκις
1769 2545 1866 2602 ἡμῖν
1895 2545 2014 2601 (ὁμο-

1210 2604 1386 2660 λόγηται
1414 2610 1613 2661 κρατίστη
1643 2601 1765 2647 εἶναι.
1814 2609 2015 2650 Proxima

1211 2664 1428 2706 Ficinus
1474 2667 1536 2707 ita
1578 2665 1813 2719 expressit:
1859 2678 2012 2718 quam

1208 2722 1421 2775 quidem
1492 2728 1723 2764 naturae
1796 2730 2013 2765 nostrae

1210 2782 1516 2834 passionem
1539 2780 1807 2834 adgressa
1837 2781 2011 2823 adum-

1210 2839 1490 2880 brationis
1550 2838 1717 2892 ipsius
1773 2839 2010 2879 facultas

1211 2901 1262 2937 et
1296 2897 1724 2950 praestigiorum
1764 2895 2008 2948 ingenio-

1209 2954 1346 2995 sitas
1403 2959 1695 3007 ceteraque
1746 2952 2007 2996 machina-

1207 3017 1386 3053 menta
1447 3010 1580 3052 nihil
1626 3011 1864 3062 magicae
1927 3025 2006 3053 se-

1208 3070 1483 3110 ductionis
1543 3069 1871 3109 intentatum
1928 3081 2006 3111 re-

1207 3129 1470 3179 linquunt.
1528 3126 1596 3167 Ex
1631 3137 1718 3177 qua
1747 3126 2006 3178 interpreta—

1201 3186 1320 3226 tione
1349 3185 1384 3224 si
1401 3185 1472 3238 qui
1489 3184 1700 3223 voluerint
1725 3196 1881 3236 capere
1901 3197 2006 3225 con-

1202 3245 1410 3292 iecturas,
1439 3243 1558 3282 nullo
1589 3242 1767 3292 negotio
1799 3242 1839 3281 id
1856 3241 2004 3284 facere

1202 3305 1417 3354 poterunt.
1489 3299 1560 3339 De
1613 3299 1825 3339 sententia
1885 3301 1999 3340 conf.

1194 3356 1423 3398 Theaetet.
1460 3371 1501 3409 p.
1535 3355 1633 3399 208.
1684 3356 1998 3466 E.p1›armenid

1200 3430 1239 3469 p.
1278 3413 1398 3457 165..
1419 3413 1468 3454 C.
1509 3413 1703 3467 Sophist.
1827 3414 1927 3459 235.
1965 3415 1999 3456 Ε

1255 3469 1309 3511 τὸ
1341 3469 1606 3523 φαινόμει
1618 3427 1998 3525 ον-Ρβαρύιε-
