2124 3744
306 186 410 238 ‘290
924 180 1403 236 PLATONIS

307 333 532 386 δοκοῦσι
591 337 730 392 τινές
776 351 871 398 μοι
934 329 1074 383 εἶναι
1138 329 1478 398 παράνομοι,
1526 331 1583 381 αἳ
1640 328 2018 383 κινδυνεύουσι

306 419 409 484 μὲν
461 417 818 483 ἐγγίγνεσθαι
876 419 1070 478 παντί,
1134 413 1503 481 κολαζόμεναι
1548 415 1603 465 δὲ
1649 410 1759 466 ὑπό
1807 434 1863 466 τε
1907 416 2019 466 τῶν

308 496 495 567 νόμων
557 501 649 551 καὶ
722 499 832 550 τῶν
901 493 1198 566 βελτιόνων
1270 498 1587 565 ἐπιθυμιῶν
1643 495 1780 564 μετα
1851 497 2018 565 λόγου

310 588 469 637 ἐνίων
510 585 611 651 μὲν
659 581 990 649 ἀνθρώπων
1036 578 1068 647 ἢ
1124 580 1486 634 παντάπασιν
1545 579 2021 634 ἀπαλλάττεσθαι

313 664 346 732 ἢ
404 665 588 731 ὀλίγαι
633 668 928 719 λείπεσθαι
973 669 1066 719 καὶ
1121 664 1416 728 ἀσθενεῖς,
1472 666 1582 717 τῶν
1628 666 1685 717 δὲ
1747 665 2019 734 ὶσχυρότε·

316 774 410 822 ραι
454 753 545 804 καὶ
602 754 838 812 πλείους.
926 754 1117 818 Λέγεις
1162 751 1218 802 δὲ
1264 756 1353 803 καὶ
1402 754 1569 812 τίνας,
1616 752 1737 821 ἔφη,
1781 748 2019 812 ταύτας-ς

320 834 437 899 Ίάς
489 837 612 905 περὶ
655 831 755 888 τὸν
796 831 1005 897 ὕπνον,
1051 825 1121 898 ἦν
1166 831 1217 887 δ’
1270 832 1403 901 ἐγώ,
1463 838 1832 903 ἐγειρομένας,
1880 833 2022 888 ὅταν

312 918 375 973 τὸ
434 921 535 988 μὲν
590 914 730 972 ἄλλο
775 920 876 983 τῆς
919 919 1106 992 ψυχῆς
1150 916 1306 993 εὕδῃ,
1366 915 1503 971 ὅσον
1559 914 1871 983 λογιστικὸν
1929 921 2016 971 καὶ

310 1002 519 1074 ἥμερον
575 1006 666 1056 καὶ
727 998 906 1073 ἄρχον
971 1006 1206 1066 ἐκείνου,
1262 1000 1325 1055 τὸ
1386 1006 1442 1056 δὲ
1503 1004 1777 1070 θηριῶδές
1830 1023 1884 1055 τε
1930 1007 2022 1056 καὶ

311 1085 539 1158 ἄγριον,
601 1083 632 1152 ἢ
691 1090 854 1141 σίτων
900 1082 930 1151 ἢ
992 1089 1176 1155 μέθης
1230 1089 1511 1151 πλησθέν,
1564 1088 1759 1156 σκιρτᾷ
1814 1108 1870 1139 τε
1930 1090 2019 1139 καὶ

310 1170 684 1240 ἀπωσάμενον
727 1168 828 1224 τὸν
870 1167 1051 1232 ὕπνον
1097 1172 1226 1246 ζητῇ
1273 1174 1412 1223 ἰέναι
1452 1173 1543 1223 καὶ
1588 1167 2024 1237 ἀποπιμπλάναι

314 1279 383 1311 τα
417 1254 593 1310 αὑτοῦ
624 1253 778 1321 ἤθη·
829 1254 986 1310 οἷσθ’
1041 1254 1134 1309 ὅτι
1168 1253 1354 1307 πάντα
1385 1262 1443 1308 ὲν
1472 1256 1549 1322 τῷ
1576 1253 1815 1322 τοιούτῳ
1845 1257 2023 1325 τολμᾷ

316 1352 522 1402 ποιεῖν,
579 1337 654 1403 ὡς
687 1338 802 1393 ἀπὸ
850 1338 1033 1405 πάσης
1074 1342 1368 1405 λελυμένον
1413 1359 1469 1392 τε
1526 1341 1616 1391 καὶ
1670 1337 2022 1408 ἀπηλλαγμέ-

438 1503 487 1544 C.
550 1502 658 1556 Δὲγ
671 1512 757 1542 ets·
788 1499 844 1542 δὲ
875 1502 961 1542 καὶ
995 1501 1195 1554 τι’να6’,·]
1232 1502 1331 1542 Par.
1367 1503 1416 1542 A.
1456 1500 1559 1542 Ven.
1597 1501 1643 1543 Ξ.
1680 1502 1802 1544 vind.
1838 1504 1943 1546 Vat.
1962 1517 2020 1547 m

323 1561 439 1602 Flor.
473 1574 511 1602 a.
546 1573 582 1601 c.
616 1575 655 1613 γ.
688 1558 822 1612 λέγεις
853 1557 900 1599 δὲ
931 1560 998 1600 καὶ
1031 1561 1170 1609 τι’;νας
1229 1559 1374 1612 Vulgo
1412 1559 1479 1599 καὶ
1516 1558 1681 1600 aberat.

439 1614 511 1659 ὥς
548 1613 650 1658 ἀπὸ
694 1614 868 1670 πάσης
905 1617 1112 1672 λελυμ]
1155 1618 1255 1658 Bas.
1295 1615 1336 1660 2.

934 1675 1052 1716 Flor.
1085 1689 1123 1716 a.
1156 1688 1194 1717 c.
1228 1689 1266 1728 γ.

322 1675 900 1721 Ve11.:=⁴.vin‹l.vat.m.

1386 1612 1446 1657 ὥς
1483 1612 1653 1668 ἁπάσης
1693 1619 1752 1667 2..,
1788 1623 1835 1659 ut
1877 1624 1944 1661 est
1980 1620 2022 1661 in

438 1734 490 1776 E.
552 1731 686 1787 μήτε
717 1730 903 1788 ἐνδείᾳ
934 1731 1094 1803 δούς]
1126 1734 1230 1775 Vat.
1264 1744 1297 1772 r
1332 1728 1502 1772 ἐνδούς.

440 1791 492 1833 Ρ.
524 1792 625 1837 572.
687 1787 805 1831 ἀλλ’
844 1789 903 1846 ἐᾷ
942 1787 1073 1833 αυτό
1106 1791 1186 1845 -]
1234 1791 1287 1830 V.
1319 1787 1423 1838 ἑῶν,
1453 1787 1568 1843 quod
1601 1792 1865 1833 mutavimus
1896 1804 2024 1846 prae-

380 1931 513 1983 μετὰ
562 1932 762 1988 λόγου]
822 1934 1131 1976 auxiliante

324 1992 569 2043 ratione,
614 1999 661 2033 ut
700 1992 753 2033 ad
798 1993 892 2033 libr.
931 1992 1055 2034 VIII.
1091 2005 1131 2045 p.

323 2049 423 2094 560.
450 2048 501 2089 D.
523 2050 803 2103 interpretati
826 2062 988 2090 sumus.
1027 2048 1133 2090 Mox

324 2106 380 2147 ad
419 2107 579 2148 verba·
631 2109 717 2148 τῶν
779 2105 825 2147 δὲ
866 2105 1134 2177 ἰσχυρότεραι

328 2165 398 2204 καὶ
445 2165 618 2206 πλείους
647 2166 723 2210 int.
758 2165 981 2206 λείπεσθαι
1009 2179 1042 2206 s.
1075 2158 1132 2205 εἶ-

326 2236 409 2265 ναι.

384 2279 434 2320 C.
497 2279 698 2333 Λέγεις
732 2277 788 2319 δὲ
819 2280 906 2319 καὶ
938 2277 1133 2333 τίναες]

327 2337 598 2381 Quasnam
629 2337 854 2380 tandem
882 2338 1026 2379 istas
1058 2337 1132 2378 di-

326 2393 445 2437 cis?
506 2395 703 2440 Diximus
748 2395 802 2437 de
842 2393 925 2436 hoc
967 2397 1042 2436 καί
1079 2394 1133 2436 ad

325 2451 610 2507 Alcilbiad,.„>1.v
638 2467 679 2506 p.
713 2453 811 2499 106.
833 2454 896 2495 C.
937 2452 1055 2494 Crat.
1088 2466 1130 2507 p.

323 2509 423 2553 407.
456 2510 508 2551 E.
544 2509 718 2552 Politic.
750 2512 791 2565 p'.
815 2510 913 2554 291.
939 2514 986 2552 Α.
1021 2511 1133 2551 Sen—

324 2569 462 2610 tentia
491 2567 596 2611 haec
621 2573 711 2611 est:
742 2568 956 2623 quando
990 2568 1073 2610 vid
1089 2582 1134 2610 e-

326 2627 462 2668 licet
510 2627 727 2679 reliqua
778 2639 904 2679 pars
952 2627 1134 2675 animi,

325 2696 467 2736 quae
532 2683 782 2724 rationis
833 2690 920 2725 est
967 2685 1132 2739 patti—

326 2754 454 2794 ceps
517 2753 579 2782 ac
642 2747 940 2783 mansueta
993 2742 1135 2785 obti-

325 2803 532 2851 netque
588 2798 988 2852 principatum,
1050 2799 1134 2840 ob·

328 2855 619 2910 dormivit3
651 2857 751 2898 illa
776 2861 1135 2911 autem‚,quae

324 2914 572 2955 immanis
614 2919 702 2955 est
743 2927 806 2955 ac
844 2914 1000 2967 fera,
1049 2916 1133 2956 vel

325 2972 450 3012 cibo
482 2973 563 3013 vel
597 2972 720 3013 vino
754 2973 994 3025 repleta,
1026 2978 1133 3014 tre-

325 3029 485 3081 pidat
549 3028 866 3081 abactoque
943 3043 1132 3077 somno

325 3087 554 3140 longius
602 3086 908 3139 procedere
939 3086 1133 3129 studet

325 3155 533 3196 suoque
605 3144 831 3197 ingenio
894 3145 1127 3187 satisfa-

325 3213 471 3242 cere.
503 3207 611 3242 tum
650 3215 779 3243 vero
811 3200 863 3243 in
892 3202 989 3245 Ιιοσ
1022 3203 1130 3243 tali

323 3261 475 3298 statu
517 3263 568 3300 et
618 3259 941 3302 conditione
969 3259 1035 3313 (ἐν
1072 3261 1130 3315 τῷ

324 3311 527 3367 τοιούτῳ,
567 3314 622 3356 de
667 3329 752 3369 quo
792 3330 832 3358 v.
865 3318 919 3358 ad
953 3318 1125 3359 Menex.
1155 3356 1168 3371 ,

322 3386 365 3426 p.
407 3356 515 3416 238.
547 3371 600 3411 Β
642 3386 683 3426 p.
726 3373 824 3416 244.
857 3375 935 3428 Β.)
973 3375 1128 3426 haec,

319 3435 381 3471 ut
428 3431 544 3482 ipse
586 3432 764 3480 nosti,
817 3434 999 3474 omnia
1041 3445 1124 3473 sn-

1217 1931 1395 1972 otinet
1423 1935 1504 1970 ctr.
1565 1928 1679 1971 Nam
1719 1929 1773 1969 ad
1810 1930 1940 1984 τολμᾷ
1968 1931 2021 1970 Ιί-

1217 1993 1323 2042 quet
1357 1985 1404 2027 τὸ
1435 1985 1659 2040 θηριῶδές
1698 2001 1740 2027 τε
1771 1987 1838 2027 καὶ
1870 1985 1923 2041 &y
1955 2002 2023 2028 ιον

1218 2045 1545 2098 intelligendum
1593 2057 1705 2086 esse.
1784 2043 1848 2086 De
1896 2003 2023 2087 οἷσθ’

1223 2101 1289 2144 ὅτι
1319 2116 1358 2143 v.
1391 2102 1445 2143 ad
1478 2103 1616 2155 Gorg.
1652 2116 1691 2156 p.
1712 2102 1812 2146 486.
1833 2108 1881 2144 Α.
1937 2104 2024 2145 Ce-
2057 2154 2060 2157 ‚

1222 2168 1359 2203 terum
1401 2159 1505 2201 haec
1546 2160 1746 2201 Platonis
1785 2161 1918 2203 verba
1950 2175 2024 2203 ex-

1221 2219 1381 2274 pressit
1423 2218 1623 2260 Cicero
1666 2217 1721 2259 de
1761 2218 1942 2260 Divinat.
1985 2221 2021 2260 Ι.

1221 2291 1258 2318 c.
1293 2277 1365 2320 29.
1406 2277 1602 2329 respexit
1641 2275 1926 2319 Plutarch.
1969 2277 2025 2319 de

1220 2339 1330 2376 sent.
1364 2333 1475 2387 prof.
1507 2335 1549 2375 in
1580 2333 1676 2374 virt.
1709 2347 1751 2387 p.
1779 2334 1849 2378 83.
1883 2336 1933 2376 Α.
1967 2334 2026 2378 de

1220 2393 1315 2434 virt.
1349 2397 1393 2433 et
1422 2392 1497 2431 vit.
1522 2405 1564 2444 p.
1587 2392 1686 2436 101
1713 2397 1782 2442 Α.,
1814 2393 1884 2433 ubl
1906 2393 2022 2435 conf

1220 2448 1598 2506 Wyttenbach.
1656 2423 1915 2501 Animadvv.
1968 2451 2022 2492 Τ.

1276 2566 1328 2606 D
1388 2565 1547 2618 μητρί
1582 2577 1632 2605 τε
1680 2563 1778 2619 γὰρ
1827 2564 2024 2618 ἐπιχει-

1221 2628 1334 2676 ρεῖν
1361 2623 1437 2678 --]
1470 2622 1728 2692 Sophocl.
1759 2623 1871 2664 Oed.
1903 2623 1957 2665 T.
1981 2637 2022 2664 v.

1218 2681 1328 2726 981:
1370 2681 1519 2721 πολλοὶ
1557 2678 1640 2735 γὰρ
1683 2677 1764 2734 ἤδη
1801 2677 1881 2721 κᾶν
1911 2676 2022 2722 ὀνει-

1223 2751 1321 2793 ρασι
1349 2739 1524 2793 βροτῶν
1566 2739 1689 2792 μητρὶ
1720 2736 2020 2793 ξυνευνάσθη·

1223 2800 1317 2838 σἀν.
1381 2798 1452 2839 De
1484 2796 1670 2838 formula
1705 2796 1768 2837 ἑνὶ
1799 2794 1933 2850 λόγῳ,
1966 2803 2022 2838 ut

1221 2855 1432 2902 verbo.
1477 2853 1709 2905 dicam,
1768 2854 2022 2907 denique,

1219 2925 1447 2966 compares
1496 2913 1588 2954 libr.
1643 2910 1694 2952 V.
1738 2925 1781 2965 p.
1822 2911 1923 2956 474.
1965 2911 2018 2953 E.

1220 2969 1441 3013 Phaedon.
1487 2983 1534 3022 p.
1573 2968 1642 3013 65.
1688 2968 1738 3010 Ι).
1788 2968 1924 3024 Gorg.
1976 2983 2018 3023 p.

1216 3027 1316 3073 524.
1361 3028 1411 3068 D.
1454 3029 1552 3068 coll.
1597 3025 1869 3068 Pier'son.⁴
1901 3028 2020 3070 Veri-

1217 3086 1346 3128 simil.
1388 3097 1430 3138 p.
1473 3084 1573 3129 181.
1616 3105 1667 3112 —
1733 3080 1903 3126 οὐδὲν
1949 3084 2018 3125 ἐλ-

1216 3141 1416 3191 λείπει,
1445 3142 1573 3183 nihil
1610 3141 1827 3194 reliqua
1857 3144 2017 3185 facit.

1214 3201 1419 3243 Liberius
1449 3200 1654 3240 Cicero
1687 3200 1715 3238 l.
1751 3215 1787 3241 c.
1820 3203 2019 3243 multa-

1215 3273 1316 3312 que
1365 3257 1552 3298 facere
1598 3257 1802 3309 impure
1847 3265 2019 3312 atque

1214 3321 1400 3358 taetre
1443 3326 1556 3355 cum
1589 3319 1915 3357 temeritate
1964 3323 2018 3358 et

1214 3371 1575 3424 impudentia.

1259 3427 1410 3472 Ὅταν
1443 3427 1499 3468 δέ
1531 3443 1606 3483 γε,
1653 3425 1835 3479 οἶμαι,
1868 3425 2017 3483 ὑγιει
