2124 3744
174 859 222 912 Ξ

277 211 381 262 440

906 206 1389 261 PLATONIS

276 353 522 410 ὲνθάδε’
592 354 789 418 νοῆσαι
843 353 900 405 δὲ
961 356 1041 407 δεῖ
1095 353 1150 419 ἐξ
1207 346 1286 408 ὧν
1329 355 1473 423 ἔλεγε
1541 353 1757 411 τοιόνδε
1801 355 1979 413 αὐτὸν

278 439 449 500 εἶναι,
504 434 680 507 ὥςπερ
739 433 812 490 ἂν
866 442 912 490 εὶ
965 443 1024 490 ὲν
1080 441 1157 493 ἑνὶ
1202 437 1424 508 μεγάλῳ
1473 439 1768 512 σφονδύλῳ
1815 445 1980 510 κοίλῳ

277 526 370 578 καὶ
425 522 793 590 ἐξεγλυμμένῳ
849 523 1144 591 διαμπερὲς
1202 521 1374 584 ἄλλος
1429 526 1685 587 τοιοῦτος
1737 524 1981 578 ἐλάττων

276 613 521 676 ἐγκέοιτο
563 602 887 675 ἁρμόττων,
943 606 1216 676 καθάπερ
1273 611 1327 660 οἱ
1382 608 1549 661 κάδοι
1593 612 1648 662 οἱ
1692 615 1766 672 εὶς
1810 608 1979 675 ἀλλή-

276 696 406 755 λους
459 689 865 762 ἁρμόττοντες·
921 693 1012 744 καὶ
1071 689 1218 746 οὕτω
1275 688 1341 756 δὴ
1403 696 1597 760 τρίτον
1649 688 1824 747 ἄλλον
1887 698 1982 748 καὶ

277 783 545 846 τέταρτον
589 777 678 827 καὶ
726 770 933 838 ἄλλους
978 780 1262 845 τέτταρας.
1319 773 1462 829 ὀκτώ
1512 772 1807 845 γὰρέἶναι
1851 776 1983 841 τοὺς

273 860 603 931 ξύμπαντας
647 857 1017 931 σφονδύλους,
1062 867 1120 914 ὲν
1163 859 1429 927 ἀλλήλοις
1471 866 1831 929 ἐγκειμένους,
1889 860 1982 916 κύ-

281 950 444 1009 κλους
499 945 733 1000 ἄνωθεν
795 942 862 996 τά
923 947 1077 1014 χείλη
1120 950 1467 1016 φαίνοντας,
1521 947 1702 1000 νῶτον
1765 950 1982 1018 συνεχὲς

397 1067 454 1107 D.
487 1063 734 1118 καθάπερ
768 1063 826 1105 οἱ
851 1062 1036 1118 κάδοι]
1101 1067 1178 1107 Sic
1212 1067 1309 1107 Par.
1334 1067 1390 1107 A.
1417 1051 1532 1107 Vats
1557 1063 1603 1106 Θ.
1641 1066 1743 1108 Ven.
1769 1068 1816 1112 Ξ.
1851 1067 1978 1109 Vind.

280 1125 384 1166 vat.
417 1138 473 1166 m.
507 1138 540 1166 r.
577 1125 690 1166 Fior.
725 1137 762 1163 a.
796 1135 833 1164 c.
868 1137 907 1163 α.
940 1138 979 1176 γ.
1022 1125 1168 1178 Vulgo
1202 1122 1368 1166 κάδδοι.
1440 1184 1445 1198 Ι

281 1223 404 1264 dem·
456 1224 646 1274 talem,
713 1223 895 1276 qualis
968 1224 1087 1263 eius

281 1281 553 1322 verticiiii
588 1286 701 1332 est,
735 1294 835 1333 quo
863 1295 959 1321 nos
986 1285 1086 1322 uti-

281 1352 318 1379 m
339 1351 365 1379 u
380 1352 413 1378 r.

335 1393 560 1436 τοιόνδε
615 1393 784 1435 αὐτὸν
838 1396 987 1436 εἶναι
1033 1421 1086 1428 -

275 1450 694 1509 ἁρμόττοντες]
730 1453 989 1495 verticulum
1027 1455 1088 1496 ait

276 1524 431 1552 cavum
473 1524 574 1552 esse
613 1516 743 1564 atque
785 1513 970 1553 insertos
1013 1512 1086 1554 ba-

276 1570 381 1611 bere
400 1570 510 1610 aiios
529 1570 718 1610 minores
731 1570 965 1610 verticillos
984 1577 1087 1623 apte

276 1628 389 1669 inter
419 1641 468 1668 se
501 1640 637 1669 nexos
658 1633 786 1680 atque
808 1629 995 1681 iunctos,
1027 1631 1087 1670 ita

276 1690 325 1726 ut
352 1686 531 1726 omnino
570 1698 750 1726 numero
791 1686 881 1727 sint
922 1687 1084 1728 octoni.

277 1742 586 1797 Significantur
624 1749 726 1784 octo
759 1743 890 1785 orbes
927 1758 1086 1798 corpo-

276 1815 372 1843 rum
412 1802 683 1852 coelestium,
715 1815 826 1854 quae
858 1803 970 1843 circa
997 1809 1086 1844 ter-

277 1873 366 1901 ram
411 1859 451 1899 in
496 1858 641 1901 medio
684 1872 828 1901 rerum
876 1861 1086 1902 universi-

276 1917 380 1958 tatis
401 1917 588 1970 positam
619 1919 864 1965 volvuntur,
897 1932 1084 1970 quorum

276 1976 463 2017 extimus
517 1981 585 2016 est
628 1977 783 2017 summi
835 1978 950 2017 coeti
996 1978 1089 2020 sive

274 2034 453 2074 fixarum
477 2035 727 2075 stellarum:
749 2033 831 2074 vid.
859 2025 1086 2078 'rima'eum

278 2105 317 2144 p.
349 2091 420 2134 36.
460 2091 609 2132 A—E.
654 2097 698 2133 et
729 2105 838 2142 quuie
870 2092 923 2132 ibi
955 2107 1086 2146 expo-

277 2150 458 2191 suimus,
491 2149 602 2189 Ibid.
638 2164 677 2202 p.
698 2149 768 2193 38.
794 2150 841 2190 Ι).
866 2149 912 2190 Ε.
950 2150 1085 2204 Legg.

275 2207 372 2247 Vii.
420 2221 460 2260 p.
488 2207 587 2250 821.
621 2221 714 2260 sqq.
790 2208 940 2260 ltaque
972 2211 1083 2250 exti—

278 2278 371 2306 mus
407 2267 642 2305 verticibus
676 2270 743 2306 est
770 2267 994 2307 stenarum
1019 2268 1083 2307 in·—

276 2323 538 2373 errantium,
581 2336 666 2375 quo
699 2323 851 2364 inclusi
883 2329 1085 2366 tenentur

277 2381 469 2422 verticiiii
502 2381 593 2422 sive
624 2381 754 2422 orbes
776 2382 967 2433 Saturni,
997 2384 1081 2424 Jo—

275 2439 367 2490 vis,
403 2437 585 2490 Martis,
620 2439 853 2491 Mercurii,
889 2439 1083 2493 Veneris,

275 2496 392 2537 Solis
423 2502 466 2536 et
486 2497 652 2538 Lunae.
696 2497 781 2538 ista
816 2510 921 2538 vero
954 2499 1086 2538 verti-

276 2556 469 2595 ciliorum
498 2555 578 2595 sibi
609 2556 792 2596 invicem
824 2555 1084 2596 insertorum

277 2612 577 2653 convenientia
619 2615 735 2653 uitro
768 2625 846 2653 nos
879 2613 1087 2654 admonet

276 2671 543 2711 parmenidis
582 2670 795 2722 στεφάνας
833 2671 1086 2726 περιπεπλε-

273 2730 431 2782 γμένας
482 2726 772 2780 ἐπαλλήλους,
821 2727 875 2769 de
929 2730 1084 2781 quibus

276 2799 314 2826 v.
351 2784 626 2826 Stobaeus
673 2786 855 2838 Eclogg.
889 2786 1084 2840 Phys..1.

276 2858 318 2896 p.
350 2843 453 2887 482.
487 2844 555 2885 ed.
590 2843 726 2886 Heer.

334 2900 570 2948 κύκλους
610 2900 828 2941 ἄνωθεν
878 2899 940 2941 τὰ
981 2901 1085 2954 χεί-

276 2960 331 3011 λη
363 2958 429 3013 φ.]
464 2958 522 3000 H.
554 2973 591 3000 e.
624 2957 680 3012 ὦς
711 2958 908 3010 κύκλους,
943 2960 1084 3000 labia

276 3029 371 3057 sua
406 3017 682 3069 margines
703 3029 971 3058 zonarum
1009 3019 1084 3058 ia-

275 3074 545 3116 titudiues
590 3080 850 3127 tanquam
911 3075 1083 3116 circu-

276 3133 356 3171 ios
419 3137 774 3174 ostentantes
839 3145 1083 3185 superne

276 3190 359 3228 vei
403 3188 666 3243 desuper,
710 3203 867 3244 nempe
910 3192 944 3231 si
987 3190 1084 3242 quis

276 3259 353 3287 eos
391 3245 578 3299 desuper
609 3253 792 3301 spectet.
840 3247 940 3289 Fuit
972 3249 1083 3289 enim

274 3303 335 3344 Er
366 3302 553 3344 eductus
571 3306 617 3345 in
636 3306 846 3347 celsiores
878 3305 986 3347 iucis
1014 3319 1082 3347 re-

273 3362 444 3414 giones.

331 3421 500 3458 νῶτον
544 3422 762 3469 συνεχὲς
794 3443 845 3451 -
890 3419 1082 3474 ἠλακά-

276 3479 406 3529 την]
456 3475 618 3517 unius
657 3478 929 3520 verticilii
976 3483 1081 3521 ter-

1173 1236 1292 1276 gum
1348 1224 1664 1266 continuum
1721 1224 1980 1265 efficien-

1174 1288 1262 1321 tes
1301 1283 1452 1323 circa
1502 1283 1731 1332 hamum,
1781 1295 1842 1323 sc.
1893 1282 1981 1322 fusi

1174 1339 1471 1381 Necessitatis.
1521 1340 1725 1381 Nimirum
1759 1353 1869 1381 zoua
1903 1353 1982 1381 zo—

1175 1406 1253 1438 nae
1286 1399 1427 1438 iuncta
1451 1404 1656 1450 apparet,
1688 1405 1735 1439 ut
1762 1411 1892 1438 unum
1915 1398 1979 1438 et'-

1172 1454 1343 1496 ficiatur
1376 1461 1542 1508 tergum
1578 1456 1843 1496 continuum.
1908 1455 1982 1495 Di-

1172 1514 1238 1553 xit
1278 1513 1333 1553 de
1375 1513 1438 1554 his
1476 1513 1758 1555 Plutarch.
1794 1515 1982 1567 Sympo-

1173 1571 1276 1611 siae.
1316 1570 1386 1612 iX.
1430 1586 1470 1625 p.
1508 1571 1606 1616 745.
1644 1572 1689 1612 F.
1734 1573 1874 1612 iocum
1910 1584 1982 1611 re-

1174 1631 1316 1681 spexit
1348 1628 1766 1679 'l'bemist.,0rat.
1796 1628 1979 1670 ΧΧΧΗ.

1173 1701 1212 1740 p.
1255 1686 1354 1730 356.
1397 1687 1450 1728 B.
1485 1689 1533 1728 C.
1599 1688 1803 1728 Ceterum
1850 1690 1983 1727 νῶτον

1174 1746 1299 1786 coeio
1325 1745 1526 1786 tribuitur
1546 1745 1674 1786 etiam
1703 1747 1748 1785 in
1783 1743 1981 1785 Phaedro

1174 1816 1214 1854 p.
1254 1803 1354 1846 247.
1390 1805 1438 1844 C.
1483 1804 1662 1856 ἔοτησαν
1705 1803 1773 1843 ἐπὶ
1809 1806 1867 1858 τῷ
1899 1806 1983 1844 τοῦ

1173 1857 1367 1913 οὐρανοῦ
1397 1859 1474 1902 νιῦτ
1485 1878 1530 1914 ῳ.

1236 1946 1283 1986 Ε.
1326 1944 1410 1986 διὰ
1443 1951 1614 1996 μέσου
1648 1947 1744 1987 τοῦ
1778 1942 1981 2001 ὀγδόου

1175 2002 1211 2042 ὃ.
1247 2005 1343 2057 eL]
1377 2018 1598 2058 scapum
1633 2006 1849 2057 penitus
1881 2019 1983 2059 per

1178 2062 1410 2103 medium
1444 2068 1702 2104 octavum
1736 2062 1792 2114 (b.
1819 2078 1858 2104 e.
1893 2064 1981 2104 Lu-

1177 2119 1296 2174 nam)
1363 2134 1489 2161 esse
1549 2121 1829 2172 adactum3
1897 2121 1981 2164 die

1174 2179 1382 2229 Stange
1413 2180 1493 2219 sei
1528 2179 1694 2220 durch
1731 2179 1830 2220 den
1863 2179 1980 2221 acb·

1172 2240 1260 2275 ten
1320 2236 1515 2278 mitten
1563 2235 1830 2278 bindurch
1890 2251 1978 2291 ge·

1170 2293 1420 2345 trieben,
1472 2307 1559 2346 quo
1612 2295 1773 2335 firmius
1813 2295 1983 2336 scilicet

1168 2363 1319 2392 omnes
1353 2351 1537 2405 denique
1570 2354 1890 2404 contineantur,
1920 2354 1981 2394 ita

1173 2414 1248 2459 ut,
1319 2409 1389 2450 ubi
1465 2416 1719 2463 spectentur
1777 2423 1981 2463 superne,

1173 2479 1303 2507 unum
1342 2474 1546 2520 tauquam
1593 2475 1761 2522 tergum
1808 2469 1982 2510 efficere

1171 2524 1410 2566 videantur.
1502 2526 1672 2567 Terrae
1736 2526 1853 2578 quod
1915 2525 1983 2568 bic

1170 2583 1288 2623 uuila
1320 2583 1481 2624 mentio
1512 2583 1666 2625 iniecta
1699 2590 1790 2635 est,
1830 2585 1982 2626 memi-

1168 2642 1287 2681 nisse
1331 2640 1565 2693 debemus,
1609 2654 1706 2683 eam
1753 2642 1796 2682 in
1836 2641 1982 2686 medio

1171 2699 1371 2739 universo
1414 2700 1541 2740 fixam
1585 2705 1708 2740 stare
1750 2712 1894 2751 neque
1937 2701 1982 2744 in

1174 2756 1347 2798 modum
1368 2757 1650 2810 sphaerarum
1679 2759 1848 2809 agitari.
1865 2761 1978 2801 conf.

1174 2813 1288 2854 Tim.
1341 2829 1381 2866 p.
1420 2815 1491 2859 40.
1546 2815 1593 2856 Β.

1644 2816 1788 2878 ibique
1834 2823 1977 2859 annot.

1173 2877 1383 2914 nostram.

1231 2956 1323 2999 τὸν
1369 2958 1466 3010 μὲν
1523 2955 1620 2999 οὖν
1673 2953 1886 3010 πρῶτόν
1931 2969 1980 2995 τε

1171 3017 1348 3057 -τοῦ
1379 3015 1682 3070 δευτέρου.]
1717 3015 1783 3056 Ex
1818 3015 1978 3055 colori-

1171 3071 1252 3115 bus
1293 3075 1452 3117 deinde
1484 3074 1661 3128 singuiis
1701 3073 1877 3114 orbibus
1910 3078 1979 3113 at-

1171 3133 1343 3173 tributis
1378 3132 1654 3186 perspicuum
1686 3132 1754 3181 fit,
1787 3143 1872 3183 quo
1905 3143 1978 3171 or-

1172 3190 1274 3232 dine
1341 3191 1401 3232 iili
1471 3189 1675 3230 collocati
1749 3189 1976 3242 fingantur.

1170 3247 1283 3288 Nam
1325 3247 1439 3300 quod
1491 3248 1568 3286 τοῦ
1606 3247 1809 3300 μεγίστου
1861 3247 1978 3287 orbis

1173 3307 1368 3346 ποικίλος
1427 3312 1609 3345 vocatur
1670 3305 1765 3345 nibil
1825 3304 1978 3344 melius

1172 3370 1320 3416 potest
1362 3364 1402 3404 in
1441 3364 1552 3403 coeii
1605 3363 1752 3404 extimi
1795 3362 1974 3402 fixarum

1170 3423 1391 3462 stellarum
1442 3421 1648 3461 varietate
1682 3419 1869 3460 distincti
1902 3431 1975 3459 na-

1172 3483 1312 3521 turam
1348 3478 1589 3520 couvenire.
1642 3479 1870 3531 Septimus
1902 3489 1974 3518 au·
