2098 3658
271 144 338 192 so
870 106 1357 191 PLA‘roNis

271 286 529 359 ξυμφέρει
564 286 678 353 ἰδίᾳ
724 281 879 351 αὐτῷ
927 279 1122 338 ἄδικον
1167 283 1303 339 εἶναι
1354 280 1384 350 ἢ
1436 280 1496 338 τὸ
1545 286 1780 337 δίκαιον.
1828 281 1971 338 πάν·

272 390 381 424 των
440 371 494 423 δὲ
552 365 733 440 ῥᾷστα
791 365 1072 437 μαθήσει,
1145 366 1245 422 ἐὰν
1306 372 1394 422 ἐπὶ
1462 364 1562 434 τὴν
1635 363 1973 432 τελεωτάτην

272 451 494 508 ἀδικίαν
541 455 734 527 ἔλθῃς,
767 448 798 517 ἣ
834 453 929 504 τὸν
966 455 1067 522 μὲν
1097 450 1443 518 ἀδικήσαντα
1472 451 1975 519 εὐδαιμονέστατον

275 546 446 599 ποιεῖ,
514 533 644 599 τοὺς
701 537 756 590 δὲ
814 533 1196 601 ἀδικηθέντας
1251 539 1339 590 καὶ
1399 534 1663 602 ἀδικῆσαι
1729 531 1830 588 οὐκ
1902 530 1977 585 ἂν

274 623 581 683 ἐθέλοντας
639 615 1055 683 ἀθλιωτάτους.
1123 624 1232 676 ἔστι
1288 623 1343 674 δὲ
1389 623 1559 674 τοῦτο
1610 621 1898 687 τυραννίς,
1944 614 1976 681 ἢ

275 703 341 759 οὐ
385 702 530 761 κατὰ,
569 701 801 773 σμικρὸν
840 702 1148 776 τάλλότρια
1196 707 1288 758 καὶ
1323 702 1521 775 λάθρᾳ
1562 705 1654 756 καὶ
1681 703 1781 771 βίᾳ
1802 700 1980 774 ἀφαι-

279 799 475 858 ρεῖται,
505 791 597 842 καὶ
642 786 763 856 ἱερὰ
810 791 903 842 καὶ
946 785 1076 843 ὅσια
1121 790 1214 842 καὶ
1260 787 1372 843 ἴδια
1419 791 1510 850 καὶ
1552 783 1811 855 δημόσια,
1831 782 1977 838 ἀλλὰ

192 875 240 926 Β
279 872 603 940 ξυλλήβδην.
662 865 739 924 ὧν
804 870 880 943 ἐφ’
947 871 1157 941 ἑκάστῳ
1203 877 1352 943 μέρει
1397 870 1540 926 ὅταν
1586 892 1669 932 τις
1711 868 1982 935 ἀδικήσας

277 954 353 1026 μὴ
401 955 591 1034 λάθῃ,
635 956 930 1024 ζημιοῦταί
975 976 1030 1010 τε
1075 958 1168 1011 καὶ
1215 954 1398 1022 ὀνείδη
1443 959 1549 1026 ἔχει
1593 950 1662 1008 τά
1714 959 1980 1022 μέγιστα·

279 1043 370 1095 καὶ
415 1039 524 1113 γάρ
568 1038 846 1111 ἱερόσυλοι
892 1042 984 1094 καὶ
1029 1038 1474 1111 ἀνδραποδισταὶ
1510 1042 1602 1094 καὶ
1655 1035 1982 1108 τοιχωρύχοι

397 1244 447 1283 Ρ.
478 1241 578 1286 344.
640 1240 835 1282 ἄδικον
854 1236 1012 1282 εἶναι
1046 1238 1073 1295 ἢ
1109 1239 1170 1282 τὸ
1205 1238 1449 1293 δίκαιον]
1484 1240 1531 1282 τὸ
1563 1248 1665 1282 ante
1698 1240 1865 1282 δίκαιον
1897 1256 1983 1287 om.

283 1302 382 1342 Par.
423 1301 456 1341 D
489 1301 546 1344 K.
578 1301 729 1341 Ambr.
763 1300 888 1339 Mon.
921 1299 1043 1340 Flor.
1066 1314 1106 1340 α.
1128 1300 1172 1351 β.
1205 1306 1248 1340 et
1279 1313 1390 1341 corr.
1430 1299 1522 1340 Vat.
1563 1298 1610 1343 Θ.
1635 1301 1833 1341 aremius
1866 1302 1982 1341 coni.

283 1355 331 1399 τὸ
363 1356 515 1399 ἄδικον
545 1352 657 1398 εἶναι
690 1354 714 1411 ἢ
750 1354 795 1398 τὸ
829 1355 1010 1397 δίκαιον.
1043 1358 1121 1399 sed
1160 1371 1198 1396 v,
1233 1358 1437 1410 explicat.

343 1557 367 1595 η
402 1541 456 1583 τὸ
490 1540 736 1597 δίκαιον]
771 1556 830 1583 sc.
854 1535 962 1582 εἶναι
985 1553 1089 1592 συμ-

285 1599 406 1652 φέρει
437 1601 496 1655 τῷ
527 1599 692 1655 δικαίῳ.
751 1600 906 1653 Itaque
946 1612 1091 1652 neque

285 1654 332 1697 τὸ
365 1665 467 1700 ante
497 1657 664 1699 δίκαιον
700 1658 979 1708 eiiciendum,
1011 1670 1087 1698 ne-

284 1728 369 1786 que
400 1730 498 1757 cum
535 1717 757 1758 Bromio
805 1722 906 1757 ante
941 1712 1094 1755 ἄδικον

283 1768 393 1815 εἶναι
421 1775 791 1822 interficiendum,
815 1773 944 1815 sicuti
975 1779 1093 1814 recte
1127 1814 1129 1817 ,

284 1832 400 1873 vidit
430 1831 838 1873 Schneiderus.

346 1915 525 1960 P.344.
588 1911 1094 1968 τούς-ἀδικῆσαι

286 1969 392 2015 οὐκ
453 1972 516 2015 ἂν
568 1972 908 2026 ἐθέλοντας]
970 1986 1092 2024 eOS,

286 2033 525 2082 quinon
577 2033 755 2073 facile
799 2033 942 2072 alios
984 2032 1094 2071 lae-

285 2089 434 2131 dant.
493 2090 609 2146 Nam
656 2086 710 2130 ἅν
759 2091 815 2130 ad
861 2087 1096 2129 ἐθέλοι-’τας

283 2149 488 2200 pertinet.
547 2148 787 2191 Isocrat.
837 2148 1017 2188 Plataic.
1051 2159 1093 2216 p.

286 2205 388 2248 339.
444 2205 511 2246 ed.
561 2205 702 2246 Bekk.
767 2203 965 2245 διαλῦσαι
1020 2201 1096 2258 τὴν

288 2262 310 2303 ἔ
309 2262 451 2334 χθραν
488 2258 576 2316 τὴν
614 2261 660 2303 ἐκ
715 2260 879 2303 τούτων
915 2261 1098 2305 δικαίως

287 2316 349 2360 ἂν
425 2315 800 2373 ὑπάρχουσαν.
905 2322 1093 2362 Demo-

289 2378 460 2419 sthen.
500 2392 542 2432 Ρ
582 2378 681 2423 790.
720 2379 790 2422 26.
833 2380 899 2419 ed.
942 2379 1094 2420 Reisk.

289 2433 338 2476 τὰ
366 2433 471 2508 μήτε
510 2435 615 2477 ὅντα
656 2431 748 2506 μήτ’
779 2452 833 2478 αι
866 2433 1091 2490 γενόμενα,

286 2491 365 2548 μήτ
441 2509 493 2535 αν
566 2507 640 2549 γει
645 2491 803 2547 ησόμει
806 2508 844 2535 α.
939 2493 1094 2535 Obiter

287 2554 520 2593 emendare
549 2554 701 2593 licebit
719 2552 971 2604 Xenoph.
1007 2552 1090 2604 Cy-

287 2623 384 2663 rop.
418 2611 481 2662 V,
513 2610 561 2663 2,
591 2610 688 2662 30.,
728 2611 803 2651 ubi
845 2611 996 2650 addito
1039 2607 1093 2649 ἄν

286 2641 546 2721 legendum:
572 2664 660 2712 Ὅτι
706 2665 758 2720 νὴ
801 2663 886 2714 Δί’
891 2700 902 2716 ,
945 2667 1086 2721 ἔφηο

291 2722 528 2793 Γωβρύας,
575 2721 673 2767 οἶδα
714 2723 989 2778 ἐξελθοῦσαν
1038 2722 1093 2767 ἄν

291 2780 473 2837 δύναμιν
504 2799 540 2824 κ.
574 2798 608 2825 τ.
641 2785 675 2824 λ.

347 2868 459 2909 ἔστι
506 2867 560 2910 δὲ
599 2871 764 2910 τοῦτο
798 2870 1091 2922 τυραννίς]

287 2925 448 2966 Latine
480 2928 534 2967 de
557 2941 678 2969 more
700 2930 848 2968 dicas:
880 2928 980 2968 Est
1009 2941 1095 2968 au-

289 2988 393 3023 tem
438 2985 571 3025 haee
612 2988 883 3038 tyrannis.
946 2985 1095 3035 Quan-

289 3053 419 3091 quam
459 3042 661 3083 Livius
701 3045 764 3083 11.
811 3043 892 3095 38,
943 3044 995 3088 ὃς
1049 3044 1094 3083 si

287 3098 382 3137 hoo
413 3101 704 3150 profectio
738 3107 789 3141 et
819 3115 927 3142 non
959 3102 1096 3153 fuga

287 3161 394 3204 est,
418 3157 491 3195 ubi
515 3158 819 3199 v.D1·ackenb.
846 3157 1093 3200 0011.Rud·-

288 3213 391 3252 dim
404 3215 533 3253 anni
559 3215 772 3255 Institutt.
787 3216 978 3257 Gramm.
992 3217 1092 3256 Lat.

291 3270 354 3310 ΙΙ.
385 3283 429 3322 p.
462 3271 530 3314 22.
562 3279 711 3312 annot.
742 3273 812 3316 52.
872 3274 943 3315 De
955 3272 1095 3315 Grae-

292 3329 354 3368 eis
397 3330 512 3368 conf.
561 3331 699 3370 i’lat.
741 3330 880 3383 Gorg.
913 3345 958 3384 Ρ.
991 3330 1091 3376 504.

292 3385 348 3425 D.
382 3386 532 3439 ibique
566 3393 714 3428 annot.

1239 1535 1363 1593 r'iov’
1396 1538 1526 1580 κατὰ
1549 1539 1783 1596 σμικρὸν
1807 1537 1986 1583 τάλλό-

1179 1611 1302 1651 τρια
1333 1597 1412 1653 -—]
1457 1599 1836 1652 Hottingerus
1875 1606 1988 1642 testo

1178 1657 1344 1698 Faes
1334 1669 1388 1696 10
1411 1658 1457 1696 in
1477 1658 1591 1698 libro
1619 1659 1778 1699 Philol.
1793 1657 1986 1727 Beitrag.

1178 1714 1330 1768 p..288
1351 1714 1629 1756 scribendum
1654 1708 1861 1768 putabat:
1884 1710 1987 1756 ἀλλὰ

1180 1770 1422 1825 ξυλλήβδην
1481 1773 1548 1812 καὶ
1603 1773 1680 1828 βίᾳ
1732 1769 1986 1843 ἀφαιρεῖται.

1180 1830 1363 1883 Nempe,
1395 1832 1552 1883 inquit,
1585 1837 1633 1871 ut
1665 1831 1724 1885 τῷ
1756 1829 1860 1872 κατὰ
1894 1844 1986 1882 σμι-

1181 1885 1289 1941 κρόν
1340 1890 1582 1939 opponitur
1634 1886 1679 1929 τὸ
1729 1886 1987 1942 ξυλλήβδην,

1181 1947 1243 1986 ita
1275 1947 1332 2000 τῷ
1365 1942 1511 2000 λάθρα
1542 1947 1786 2016 aequaliter
1816 1944 1865 1987 τὸ
1896 1947 1987 2002 βίᾳ.

1180 2002 1338 2055 Neque
1395 1999 1444 2042 τὸ
1508 2000 1652 2058 λάθρᾳ
1703 1998 1988 2058 ἀφαιρεῖσθαι

1181 2067 1332 2113 aptum
1370 2066 1438 2101 est
1475 2062 1618 2101 indoli
1664 2065 1865 2114 tyr-anni
1898 2074 1987 2103 non

1182 2132 1270 2170 quo
1323 2120 1370 2158 id
1421 2120 1493 2159 vel
1553 2124 1788 2169 tyxannum
1843 2121 1993 2161 faeere

1180 2189 1314 2228 posse
1346 2189 1518 2228 negem,
1539 2178 1616 2218 sed
1648 2179 1686 2217 si
1717 2178 1884 2224 fecerit,
1901 2191 1989 2219 non

1182 2248 1269 2286 qua
1297 2241 1548 2286 tyrannum,
1567 2235 1645 2274 sed
1677 2248 1759 2288 qua
1785 2237 1988 2277 dolosum

1181 2293 1479 2333 fraudatorem
1526 2293 1572 2332 id
1610 2293 1767 2334 fecisse
1807 2297 1989 2334 conteri-

1180 2351 1251 2390 do.
1312 2351 1478 2390 Verum
1517 2355 1637 2390 recte
1674 2351 1779 2392 huic
1807 2358 1983 2392 senten-

1180 2410 1267 2448 tiae
1329 2409 1591 2448 adversatus
1651 2415 1722 2449 est
1767 2410 1989 2450 Astius.

1180 2466 1294 2508 Nam
1325 2472 1374 2505 ut
1390 2465 1468 2520 βίᾳ
1500 2467 1619 2507 cadit
1648 2467 1780 2507 etiam
1814 2469 1861 2508 in
1892 2480 1993 2518 eos,

1180 2524 1254 2576 qui
1287 2523 1448 2564 deinde
1478 2530 1797 2576 memorantur,
1829 2518 1993 2579 ἄνδρα·

1181 2578 1993 2650 maeonis,10:10291520vs,-alios‚·

1179 2641 1242 2679 ita
1282 2641 1413 2680 etiam
1456 2635 1601 2693 λάθρα
1641 2641 1688 2680 in
1739 2645 1988 2693 tyrannum,

1181 2699 1234 2748 si,
1270 2699 1391 2750 quod
1417 2698 1462 2737 vi
1494 2699 1664 2750 eripere
1689 2699 1759 2738 vel
1777 2710 1866 2738 non
1885 2706 1989 2751 Ροε-

1182 2757 1239 2796 sit
1279 2754 1354 2796 vel·
1387 2755 1555 2795 incauti
1594 2767 1691 2795 esse
1721 2756 1910 2803 iudicet,
1939 2757 1985 2796 id

1183 2814 1287 2853 dolo
1320 2826 1370 2854 ac
1399 2813 1556 2853 fraude
1576 2814 1733 2866 capiat.
1796 2812 1994 2882 Opposi2

1182 2873 1347 2910 tionem
1394 2872 1622 2910 continent
1664 2868 1768 2911 κατὰ
1805 2867 1993 2924 σμικρόν

1181 2934 1224 2968 et
1241 2925 1507 2981 ξιλλήβδην·
1538 2929 1616 2968 illa
1638 2941 1745 2969 vero
1780 2925 1926 2982 λάθρα
1947 2934 1991 2969 et

1181 2986 1258 3039 βίᾳ
1296 2987 1475 3026 modum
1514 2985 1712 3026 indicant
1745 2987 1825 3026 τοῦ
1858 2982 1986 3037 ἀφαι-

1182 3042 1381 3096 ρεῖσθαι,
1421 3043 1498 3094 qui
1536 3048 1624 3083 tarn
1663 3045 1710 3083 in
1752 3048 1990 3096 tyrannum

1180 3113 1310 3154 quam
1340 3102 1384 3140 in
1401 3105 1571 3141 ceteros
1600 3101 1845 3142 iniustitiae
1868 3114 1986 3142 ama·

1178 3165 1298 3198 tores
1349 3158 1571 3198 convenit.
1651 3159 1801 3211 ltaque
1856 3160 1989 3200 verba

1179 3217 1242 3257 sie
1290 3216 1622 3266 interpreteris:
1682 3230 1824 3268 quae
1859 3230 1986 3257 ¹non

1177 3273 1568 3326 particulatim
1624 3275 1812 3315 aliena
1870 3276 1987 3315 sive

1179 3332 1320 3372 clam
1349 3331 1472 3371 sive
1503 3343 1601 3382 per
1637 3332 1985 3383 vimvaufert,

1185 3408 1241 3419 -r
1277 3388 1372 3429 sed
1416 3391 1725 3439 generat—im
1771 3395 1982 3432 cuncta.
