2098 3658
263 155 293 207 8

262 294 351 350 Ex
390 313 497 366 quo
536 293 780 366 captiose
820 291 1075 349 Socrates
1114 292 1394 354 concludit
1427 293 1531 347 ista
1567 288 1785 362 quidem
1823 312 1954 347 eon-

263 367 469 421 ditione
520 365 790 419 hominem
846 364 1049 418 iustum
1107 366 1259 437 pacis
1315 373 1559 436 tempore
1618 365 1779 435 plane
1839 366 1954 418 fore

263 454 730 507 supervacaneum
806 443 861 490 et
926 435 1203 506 inutilem,
1267 435 1721 507 quemadmodum
1793 436 1956 489 etiam

261 507 504 562 medicus
553 526 663 561 non
716 507 1126 578 aegrotantibus
1157 516 1230 562 -et
1262 509 1599 579 gubernator
1646 526 1757 560 non
1804 508 1957 560 navi-

261 579 514 652 gantibus
550 578 759 632 inutilis
794 579 881 632 sit.
954 578 1139 651 Negat
1187 586 1365 632 tamen
1403 579 1508 632 hoc
1546 579 1956 649 PolemarchuS,

261 651 355 721 qui
408 651 673 704 iustitiam
724 650 888 702 etiam
923 650 979 702 in
1016 669 1152 720 pace
1188 651 1377 703 utilem
1413 668 1533 704 esse
1570 650 1711 718 vult,
1754 650 1958 721 quippe

260 735 402 792 quae
437 722 710 793 pertineat
746 721 909 774 etiam
947 721 1017 774 ad
1052 722 1391 786 commercia,
1426 721 1496 775 ad
1533 730 1698 791 pacta
1736 730 1791 774 et
1827 740 1958 774 con-

257 800 438 863 venta,
476 793 849 864 imprimisque
886 791 957 845 ad
993 792 1286 846 servandas
1325 794 1619 865 pecunias,
1662 811 1801 862 quae
1836 792 1958 845 aliis

260 864 542 937 depositae
589 863 898 918 credantur.
973 862 1086 919 Sed
1135 863 1240 917 hoc
1289 864 1409 934 ipso
1461 863 1716 919 Socrates
1767 882 1957 916 rursus

258 935 330 990 ad
365 935 868 1008 reprehendendam
902 935 1063 989 istam
1096 935 1472 988 definitionem
1496 936 1752 990 abutitur.
1829 934 1958 988 Col-

256 1008 382 1079 ligit
425 1008 567 1061 enim
613 1006 774 1076 inde,
818 1008 924 1060 isto
974 1014 1138 1078 pacto
1187 1007 1452 1060 iustitiam
1498 1006 1687 1060 utilem
1737 1006 1958 1077 quidem

257 1079 394 1149 fore,
421 1079 520 1133 sed
556 1079 745 1132 utilem
784 1077 855 1131 ad
889 1098 976 1132 res
1011 1077 1233 1131 inutiles
1271 1077 1504 1147 ideoque
1542 1079 1743 1132 nullius
1765 1078 1957 1149 pretii.

256 1150 325 1204 Id
390 1150 540 1219 quod
601 1150 703 1204 hac
761 1150 1231 1219 argumentatione
1285 1150 1471 1203 efficit.
1546 1150 1734 1203 Iustus
1768 1150 1957 1221 igitur,

256 1223 455 1292 inquit,
477 1229 661 1275 servat
686 1228 741 1274 et
764 1220 1008 1275 custodit
1033 1220 1315 1291 depositas
1342 1221 1618 1292 pecunias,
1656 1220 1959 1292 Depositae

256 1301 438 1346 autem
474 1301 604 1347 sunt
637 1294 922 1364 pecuniae,
960 1291 1179 1362 quando
1217 1291 1351 1344 nihil
1389 1302 1624 1361 prosunt
1660 1299 1715 1345 et
1751 1292 1959 1345 otiosae

254 1364 453 1418 iacent.
529 1364 682 1435 Ergo
732 1364 826 1432 qui
873 1383 986 1416 rem
1026 1359 1346 1434 'quampiam
1409 1363 1710 1435 depositam
1759 1370 1958 1430 servat,

253 1435 301 1489 is
363 1436 498 1489 facit
557 1435 796 1504 aliquid,
850 1434 999 1504 quod
1047 1434 1248 1487 nullius
1291 1453 1424 1487 usus
1474 1443 1574 1488 est.
1659 1434 1776 1487 Iam
1828 1453 1961 1486 vero

254 1508 428 1561 iustus
467 1514 652 1560 servat
690 1506 957 1577 deposita.
1032 1505 1230 1574 Itaque
1267 1504 1418 1557 utilis
1457 1515 1541 1559 est
1574 1506 1632 1559 in
1670 1525 1763 1574 eo,
1810 1505 1960 1574 quod

255 1585 340 1631 est
373 1577 582 1630 inutile.
659 1577 725 1630 Id
771 1575 922 1646 quod
972 1576 1134 1629 etiam
1181 1575 1248 1628 de
1297 1575 1420 1647 ipsa
1454 1578 1665 1631 iustitia
1701 1576 1958 1630 ita-iudi·-

254 1650 369 1704 cari·
434 1648 670 1702 debebit.
729 1650 793 1701 P.
846 1650 967 1702 332.
1019 1645 1288 1701 0—333.
1335 1647 1402 1700 Ε.
1457 1680 1527 1688 —-
1601 1648 1714 1703 Sed
1763 1648 1848 1702 his
1883 1649 1960 1701 ita

254 1721 530 1776 conclusis
568 1719 768 1773 deinde
806 1720 969 1772 etiam
1015 1718 1364 1790 progreditur
1400 1719 1682 1789 aliquanto
1719 1718 1958 1791 longius,

255 1790 702 1862 quandoquidem
768 1792 932 1844 etiam
995 1791 1165 1844 efficit
1218 1790 1479 1843 iustitiam
1542 1810 1662 1845 esse
1718 1792 1959 1844 furacem

256 1871 424 1934 atque
462 1862 714 1916 callidam
750 1861 957 1916 fraudis
995 1862 1310 1915 ministram.
1387 1862 1594 1931 Iustus,
1634 1863 1832 1931 inquit,
1872 1881 1959 1915 se·-

254 1934 493 1989 cundum
531 1949 623 2003 ea,
666 1953 804 2003 quae
842 1932 1004 1986 modo
1043 1932 1324 2004 disputata
1360 1941 1524 2002 sunt,
1563 1934 1653 1986 ille
1693 1932 1960 1988 dicendus

255 2013 366 2070 est,
405 2006 499 2076 qui
535 2005 766 2066 idoneus
805 2013 888 2059 est
926 2004 997 2057 ad
1035 2003 1241 2074 aliquid
1280 2005 1608 2058 servandum
1645 2004 1733 2058 vel
1771 2013 1958 2058 custo-

255 2077 531 2132 diendum.
607 2076 713 2130 Est
749 2084 931 2129 autem
966 2076 1032 2138 is,
1072 2075 1166 2145 qui
1202 2075 1258 2128 in
1296 2095 1485 2148 pugna
1519 2077 1607 2130 vel
1642 2077 1793 2130 lucta
1828 2075 1958 2130 feri-

253 2148 396 2202 endo
435 2158 489 2201 et
526 2147 797 2218 pulsando
844 2147 1136 2219 plurimum
1172 2147 1349 2215 valet,
1389 2149 1551 2201 etiam
1601 2147 1658 2201 in
1712 2145 1957 2202 cavendo

253 2239 318 2274 ac
354 2218 682 2274 declinando
734 2219 964 2272 maxime
1013 2219 1204 2272 sollers
1253 2226 1416 2288 atque
1471 2218 1704 2273 validus.
1783 2221 1961 2273 Porro

257 2290 352 2362 qui
399 2292 646 2345 morbum
699 2298 885 2362 potest
932 2290 1164 2343 maxime
1202 2309 1396 2360 cavere
1459 2311 1524 2344 ac
1564 2291 1868 2360 declinare,
1907 2291 1957 2344 is

255 2382 379 2416 eum
426 2363 586 2416 etiam
641 2363 896 2429 facillime
947 2362 1150 2433 poterit
1199 2362 1342 2415 aliis*
1370 2362 1508 2415 clam
1548 2363 1754 2415 'inferre
1793 2370 1958 2432 atque

251 2435 492 2488 iniicere.
554 2437 741 2504 Atque
771 2433 961 2487 similis
988 2440 1073 2485 est
1108 2433 1246 2486 ratio
1274 2434 1436 2486 etiam
1473 2433 1630 2487 ducis
1666 2434 1955 2488 exercitus.

252 2505 399 2560 Nam
437 2505 531 2575 'qui
562 2506 808 2576 roptimus
849 2515 1103 2558 censetur
1141 2503 1252 2556 dux
1290 2513 1345 2558 et
1382 2505 1692 2576 imperator,
1721 2505 1769 2559 is
1793 2506 1959 2558 etiam

253 2577 482 2630 consilia
519 2584 575 2629 et
612 2578 854 2630 actiones
892 2576 1130 2629 hostium
1169 2576 1372 2647 optime
1411 2577 1722 2630 observabit
1755 2584 1811 2630 et
1834 2584 1957 2630 tan-

254 2666 416 2716 quam
454 2648 728 2701 furabitur
756 2648 1096 2717 clandestina
1120 2667 1305 2700 eorum
1333 2649 1563 2702 consilia
1589 2655 1957 2702 antevertens.

255 2719 495 2774 Omnino
532 2720 702 2791 igitur
740 2720 821 2789 is,
862 2719 956 2789 qui
995 2718 1232 2789 optimus
1271 2727 1354 2774 est
1389 2720 1617 2773 alicuius
1655 2720 1732 2772 rei
1769 2727 1956 2773 custos

254 2808 318 2843 ac
366 2799 545 2857 tutor,
596 2790 741 2844 idem
780 2791 943 2843 etiam
979 2790 1049 2843 ad
1090 2789 1320 2844 eandem
1357 2790 1956 2845 accommodatissimus

252 2862 342 2915 fur
377 2861 682 2916 habebitur.
756 2862 845 2916 Ex
892 2881 1002 2932 quo
1062 2875 1403 2932 consequens
1462 2859 1828 2934 est’peritum
1872 2860 1953 2914 -rei

255 2933 553 2986 servandae
593 2941 649 2986 et
686 2933 1096 3001 custodiendae
1119 2933 1282 2986 etiam
1312 2934 1381 2986 ad
1416 2933 1643 3004 eandem
1666 2932 1953 2986 furandam

253 3005 484 3057 maxime
536 3015 655 3058 esse
708 3004 982 3059 idoneum.
1057 3003 1210 3057 Hinc⁴
1251 3011 1431 3057 autem
1479 3002 1714 3057 efficitur
1746 3005 1952 3057 iustum

256 3093 376 3128 esse
411 3075 541 3127 item
590 3076 822 3146 peritum
859 3078 1048 3129 furem.
1123 3074 1363 3129 Videtur
1404 3074 1572 3146 igitur
1625 3075 1832 3128 iustitia
1866 3076 1953 3129 iu·-

255 3145 376 3199 dice
435 3146 746 3214 Simonide,
812 3148 1057 3201 Homero
1094 3164 1227 3199 ‘non
1289 3145 1670 3215 dissentiente,
1731 3147 1950 3200 furandi

257 3216 526 3287 quaedam
564 3236 651 3270 ars
690 3236 840 3286 esse,
881 3237 1020 3287 quae
1059 3216 1278 3287 quidem
1315 3216 1613 3271 commodis
1653 3218 1950 3272 amicorum

254 3295 310 3342 et
346 3287 702 3342 incommodis
750 3289 1092 3343 inimicorum
1137 3287 1548 3343 accommodata
1600 3288 1788 3343 sit.'P.
1827 3292 1948 3343 333.

255 3358 502 3413 E—334.
542 3359 607 3412 B.
646 3390 712 3398 ·-—
775 3359 882 3413 His
929 3359 1557 3413 verofconclusiunculis
1595 3369 1950 3431 posteaquam

256 3431 511 3487 Socrates
551 3429 730 3485 effecit
767 3430 1045 3498 iustitiam,
1082 3430 1175 3484 ubi
1209 3430 1303 3484 illo
1342 3430 1505 3486 modo
1545 3431 1851 3501 definiatur,
1892 3433 1950 3486 in

2096 2237 2098 2244 ⁴
