2124 3744
456 1115 1449 1215 ARGUMENTUM

639 1292 866 1339 nutu
906 1291 1264 1347 surum,

98 1498 417 1611 Postquam
454 1539 741 1611 superiore
775 1538 918 1592 libro
957 1536 1026 1592 de
1077 1536 1274 1592 summi
1320 1536 1455 1591 boni
1492 1534 1809 1608 cognitione

98 1612 372 1683 variisque
411 1610 745 1682 cognitionis
781 1607 1047 1682 gradibus
1085 1607 1426 1680 disputatum
1466 1615 1571 1675 est,
1613 1605 1812 1662 Socra-

96 1701 183 1739 tes
222 1691 430 1754 quanto
469 1682 761 1737 intervallo
807 1700 842 1735 a
877 1681 1129 1736 veritatis
1170 1680 1402 1734 seientia
1449 1678 1670 1733 nomine
1709 1697 1810 1732 suo

99 1755 269 1829 digna
321 1753 493 1809 distet
544 1753 841 1808 humana
900 1752 1213 1808 scientia
1282 1760 1348 1806 et
1394 1749 1816 1823 ignorantia

98 1827 471 1883 illustraturus
516 1824 861 1880 nobilissima
906 1825 1003 1879 illa
1048 1824 1224 1878 utitur
1269 1823 1508 1895 imagine
1547 1823 1616 1876 ab
1657 1827 1815 1875 antro

97 1899 315 1954 inferno
369 1897 554 1952 ducta.
639 1896 975 1979 Fingamus,
1026 1895 1237 1968 inquit,
1300 1894 1624 1967 amplissimi
1672 1892 1815 1946 antri

99 1970 522 2026 subterraneum
570 1966 940 2037 domicilium,
999 1966 1151 2038 quod
1197 1979 1382 2021 tamen
1416 1983 1654 2038 superne
1693 1965 1815 2019 lon-

97 2042 323 2117 gissime
357 2049 548 2115 pateat
586 2039 657 2094 ad
691 2038 1065 2111 recipiendam
1102 2039 1297 2094 lucem.
1370 2038 1440 2093 In
1465 2057 1531 2092 eo
1568 2037 1816 2091 homines

99 2114 308 2170 versari
356 2113 666 2186 cogitemus
716 2110 846 2167 inde
894 2130 929 2165 a
970 2110 1183 2194 primae
1230 2118 1482 2183 tempore
1528 2108 1816 2181 pueritiae,

100 2186 181 2241 ita
230 2181 485 2256 quidem,
542 2191 607 2238 ut
640 2184 710 2239 ab
747 2182 905 2238 aditu
939 2182 1051 2238 'smt
1087 2182 1292 2251 aversi,
1344 2189 1400 2236 et
1448 2181 1702 2236 cruribus
1749 2197 1816 2234 ac

102 2256 413 2314 cervicibus
466 2257 547 2311 ita
594 2255 904 2326 constricti,
957 2262 1024 2309 ut
1072 2273 1139 2309 ea
1178 2262 1396 2309 tantum
1431 2253 1651 2326 possint
1688 2269 1814 2324 spe-

34 2355 37 2357 *
102 2338 285 2397 ctare,
336 2347 482 2399 quae
517 2328 632 2383 sint
668 2335 796 2382 ante
833 2325 1059 2395 oculos,
1109 2344 1293 2397 neque
1340 2327 1557 2398 capita,
1608 2324 1744 2396 quip
1787 2342 1816 2378 e

102 2400 339 2457 vinculis
377 2401 548 2473 ligata
564 2441 583 2469 ,
632 2397 1005 2472 circumagere
1054 2397 1169 2453 ullo
1207 2395 1374 2453 modo
1414 2404 1636 2469 queant.
1770 2395 1818 2450 is

102 2474 182 2527 ita
227 2471 455 2527 inclusis
503 2479 672 2554 atque
715 2470 918 2526 vinctis
955 2489 990 2524 a
1022 2477 1182 2543 tergo
1216 2470 1413 2543 ignens
1449 2467 1713 2542 splendor
1750 2466 1819 2521 de

107 2542 358 2617 partibus
406 2541 785 2616 superioribus
834 2540 1176 2611 affundatur,
1229 2540 1326 2613 qui
1373 2541 1515 2597 antri
1561 2539 1820 2595 tenebras

105 2615 356 2671 illustret.
432 2612 547 2671 Sed
592 2614 739 2669 inter
785 2612 968 2687 ignem
1013 2612 1166 2668 illum
1218 2621 1388 2684 atque
1436 2613 1581 2668 antri
1618 2610 1821 2667 ostium

106 2686 291 2744 media
324 2686 644 2770 porrigatur
679 2684 788 2755 via,
826 2683 1028 2741 editior
1051 2693 1238 2740 tamen
1273 2685 1373 2740 illa
1409 2693 1577 2756 atque
1604 2682 1819 2738 murulo

105 2758 178 2814 ab
230 2766 390 2814 antro
443 2756 710 2826 diremta,
769 2765 832 2812 ut
866 2755 1149 2812 hominum
1184 2763 1515 2829 conspectus
1553 2761 1821 2810 arceatur.

107 2828 250 2887 Post
300 2829 449 2885 hunc
485 2849 701 2884 murum
739 2829 1013 2903 fingamus
1051 2827 1188 2883 alios
1227 2827 1479 2884 homines
1514 2833 1820 2894 versantes,

111 2902 207 2972 qui
255 2920 369 2957 non
416 2901 861 2975 conspiciantur,
916 2908 973 2955 et
999 2899 1162 2954 ‚varia
1196 2899 1597 2973 supellectilia,
1647 2897 1823 2954 homi·

30 2995 33 2997 ·
111 2991 241 3028 num
291 2981 347 3027 et
381 2973 736 3028 animantium
784 2972 1082 3045 imagines,
1131 2979 1376 3042 statuas,
1415 2971 1552 3040 alia,
1591 2969 1823 3025 circum·

112 3041 321 3115 serant,
406 3043 567 3100 artim
602 3044 749 3100 inter
783 3062 842 3100 se
880 3042 1291 3115 colloquentes,
1341 3042 1540 3117 partim
1577 3041 1823 3111 silentes,

112 3116 190 3169 ita
237 3114 333 3187 qui
405 3136 490 3187 m,
542 3124 606 3172 ut
649 3117 880 3172 istarum
928 3134 1109 3171 rerum
1157 3115 1383 3171 umbrae
1431 3114 1488 3169 in
1537 3111 1825 3169 adversam

112 3182 317 3241 cadant
349 3186 645 3260 speluncae
682 3194 909 3261 partem.
984 3185 1101 3241 Iam
1141 3186 1311 3242 vincti
1348 3186 1456 3256 illi,
1497 3185 1707 3258 inquit,
1761 3184 1826 3239 li-

114 3267 205 3311 cet
252 3267 469 3330 praeter
515 3259 736 3315 umbras
797 3257 934 3314 nihil
983 3257 1235 3327 videant,
1300 3267 1485 3315 tamen
1537 3277 1626 3315 res
1675 3258 1827 3330 ipsas

115 3347 339 3384 cernere
373 3329 481 3386 sibi
516 3330 868 3400 videbuntur,
905 3349 971 3384 ac
1006 3331 1053 3385 si
1076 3330 1318 3402 colloqui
1355 3328 1499 3388 inter
1535 3348 1658 3386 sese
1696 3347 1827 3400 pos-

116 3399 243 3467 sint,
283 3398 475 3456 iisdem
516 3402 827 3460 nominibus
867 3400 1084 3459 umbras
1127 3421 1306 3458 rerum
1344 3404 1651 3470 vocabunt,
1705 3404 1825 3473 qui·
