2106 3594
376 205 419 257 (3

376 347 524 415 Quid
565 345 704 398 enim
744 364 941 398 causae
983 363 1099 398 esse
1138 345 1414 416 dicamus,
1457 346 1632 415 quod⁷
1691 364 1859 415 quum
1895 346 1952 396 in
1989 362 2076 397 ce-

373 418 507 471 teris
549 416 815 488 dialogiS.,
870 435 1008 486 quos
1060 421 1187 470 ante
1236 418 1467 488 primum
1523 417 1658 470 illud
1695 417 1804 469 iter
1838 416 2078 485 scriptos

376 507 496 542 esse
535 487 803 558 suspicari
841 488 1033 555 liceat,
1083 489 1233 541 nulla
1281 489 1393 542 fere
1434 488 1795 542 declarandae
1833 487 2078 542 Socratis

376 560 724 626 innocentiae
751 561 970 613 occasio
1006 560 1503 631 praetermittatur‚
1540 568 1726 613 tamen
1762 560 1819 611 in
1856 559 2076 626 Politia,

375 631 505 683 licet
542 629 933 700 disputationis
982 640 1364 703 argumentum
1401 633 1625 684 multam
1663 631 1826 684 huius
1862 630 1943 683 rei
1979 649 2077 700 op-

372 702 765 773 portunitatem
801 702 1146 773 praebuerit,
1196 723 1264 756 ne
1302 704 1471 756 verbo
1522 702 1744 773 quidem
1800 701 1962 754 huius
1999 701 2077 753 rei

373 774 578 827 mentio
617 773 899 827 iniicitur?
974 774 1246 828 Nimirum
1284 774 1473 842 fallor,
1523 782 1619 827 aut
1653 773 1916 845 temporis
1957 772 2079 825 diu-

373 845 610 898 turnitas
665 845 841 898 dolori
888 863 955 898 ex
1006 846 1253 918 magistri
1303 854 1478 899 morte
1531 853 1786 916 suscepto
1836 845 1943 897 iam
1980 844 2078 896 ali-

374 936 535 986 quam
582 916 907 970 medicinam
958 918 1233 971 attulerat.
1336 916 1502 985 Quod
1556 935 1620 969 eo
1671 925 1753 969 est
1812 915 2076 968 verisimi-

373 988 508 1055 lius⁷
536 995 538 997 ’
568 987 718 1058 quod
767 989 929 1041 etiam
981 990 1037 1042 in
1083 989 1152 1042 iis
1202 990 1387 1057 libris,
1444 1006 1588 1057 quos
1631 995 1760 1058 post
1819 987 2078 1040 Politiam

374 1059 612 1130 scriptos
663 1079 786 1114 esse
837 1060 1178 1131 exploratum
1230 1061 1520 1127 habemu8‚
1581 1059 1690 1112 hoc
1737 1066 1824 1112 est
1872 1059 2078 1111 111.Τί-

302 1168 305 1171 ,
371 1149 546 1199 man,
585 1130 778 1200 Critia,
819 1131 1088 1203 Legibus,
1128 1133 1336 1185 nullum
1363 1131 1605 1201 reperias
1634 1131 1833 1198 locum,
1872 1130 1929 1183 in
1967 1149 2078 1199 quo

375 1201 621 1257 Socratis
669 1203 987 1257 innocentia
1038 1203 1367 1256 defendatur
1402 1211 1496 1255 aut
1531 1203 1588 1254 in
1621 1202 1918 1256 illustriore
1955 1202 2079 1254 luce

372 1275 687 1328 collocetur.
776 1276 932 1328 Haec
970 1276 1150 1328 omnia
1187 1276 1356 1347 igitur
1393 1274 1552 1327 nobis
1600 1273 2076 1327 considerantibus

372 1345 610 1399 dubitari
645 1347 735 1399 vix
782 1365 944 1418 posse
992 1347 1228 1416 videtur,
1271 1347 1401 1416 quin
1440 1346 1643 1399 Politia
1689 1353 1816 1399 ante
1853 1343 2077 1416 Olymp.

333 1415 612 1489 IXOVlll.
663 1438 771 1470 non
826 1419 900 1471 sit
947 1419 1002 1471 in
1054 1419 1232 1471 lucem
1282 1418 1496 1471 emissa.
1584 1416 1705 1470 Nec
1739 1425 1922 1469 tamen
1961 1416 2075 1468 ullo

371 1487 532 1542 modo
570 1489 787 1542 definiri
825 1490 1029 1542 certius
1067 1498 1270 1560 potest,
1311 1488 1529 1560 quando
1569 1487 1805 1557 denique
1842 1488 1916 1542 sit
1953 1505 2077 1558 per·-

370 1561 516 1613 fecta
565 1560 737 1613 etad
775 1561 981 1614 exitum
1014 1561 1299 1633 perducta.
1375 1559 1518 1614 Illud
1571 1579 1737 1612 unum
1825 1578 1884 1611 ro
1923 1566 2074 1613 certo

372 1631 643 1686 affirmare
694 1632 824 1685 licet
862 1652 982 1685 eam
1020 1633 1155 1686 nihil
1195 1633 1365 1686 senile
1402 1632 1633 1700 referre,
1675 1650 1782 1701 qua
1805 1649 1834 1683 e
1870 1631 1926 1684 in
1963 1630 2074 1683 Le-

371 1703 532 1775 gibus
579 1700 1060 1774 animadvertitur,
1123 1713 1290 1774 atque
1337 1702 1530 1775 procul
1582 1702 1754 1756 dubio
1800 1710 1926 1754 ante
1968 1702 2073 1754 Ti-

370 1793 583 1827 maeum
634 1782 690 1829 et
741 1776 925 1847 Leges
966 1783 1087 1830 esse
1124 1776 1319 1829 litteris
1362 1781 1654 1829 exaratam.
1728 1771 1842 1827 Sed
1878 1773 2077 1837 horum

371 1846 634 1899 librorum
673 1847 900 1918 scriptio
956 1847 1174 1916 quando
1212 1847 1284 1900 sit
1322 1866 1354 1899 a
1390 1846 1624 1898 Platone
1662 1852 1963 1915 suscepta,
2004 1863 2077 1897 ne

370 1917 644 1971 levissima
694 1917 914 1987 quidem
962 1919 1207 1990 suspicio
1259 1926 1361 1972 est.
1462 1915 1605 1970 Illud
1669 1935 1835 1968 unum
1902 1916 2078 1987 igitur

370 2008 685 2042 asseverare
732 1990 950 2058 liceret,
1002 1991 1266 2062 scriptum
1320 2008 1458 2060 opus
1505 2007 1630 2042 esse
1665 1988 1812 2040 intra
1849 1985 2073 2059 Olymp.

341 2059 613 2114 XCVIII.
654 2063 701 2115 2.
741 2069 797 2114 et
831 2061 1304 2132 ingravescentem
1354 2060 1600 2114 Platonis
1653 2066 1916 2126 aetatem,
1965 2060 2074 2112 nisi

371 2131 628 2186 Timaeus
677 2131 958 2186 videretur
1003 2133 1111 2186 iam
1164 2141 1290 2187 ante
1328 2132 1597 2205 gravioris
1637 2131 1936 2184 senectutis
1973 2130 2072 2183 ad·-

370 2211 595 2259 ventum
644 2203 843 2258 litteris
891 2223 1014 2257 esse
1053 2214 1338 2274 exaratus,
1376 2205 1433 2256 in
1474 2222 1582 2273 quo
1619 2203 1866 2277 profecto
1904 2201 2074 2274 longe

370 2274 520 2327 aliud
559 2274 693 2346 quid
731 2275 934 2347 spirat,
994 2295 1155 2346 quam
1196 2277 1252 2335 in
1292 2294 1457 2346 opere
1501 2274 1735 2347 Legum.
1773 2274 2072 2327 Praeterea

369 2365 498 2399 vero
551 2346 713 2400 etiam
772 2348 1078 2401 accuratius
1136 2347 1353 2401 definiri
1412 2364 1576 2419 posse
1638 2344 1888 2414 videtur,
1940 2353 2071 2416 post

369 2436 657 2487 quemnam
694 2437 893 2471 annum
930 2419 1134 2473 Politia
1169 2420 1242 2474 sit
1280 2419 1485 2490 scripta
1520 2418 1609 2471 vel
1646 2416 1810 2471 edita.
1887 2415 2100 2484 Quor?

368 2507 489 2542 sum
535 2490 670 2543 facit
717 2490 870 2544 locus
917 2490 1072 2544 Libr.
1124 2490 1169 2546 I.
1207 2512 1260 2563 p.
1301 2492 1421 2544 336.
1455 2494 1545 2557 A„
1581 2489 1675 2542 ubi
1715 2488 2069 2542 Ismeniae

369 2560 620 2615 Thebani
669 2562 872 2616 mentio
922 2561 1124 2616 iniecta
1161 2571 1260 2617 est.
1335 2561 1609 2633 Colligere
1647 2561 1788 2614 enim
1822 2560 1899 2613 ibi
1937 2561 2070 2614 licet

365 2631 657 2701 hominem,
695 2636 862 2702 quum
885 2634 992 2686 ista
1015 2634 1400 2702 scriberentur,
1440 2652 1551 2687 non
1576 2631 1808 2703 amplius
1841 2631 2070 2699 vixisse⁷
2102 2656 2105 2699 3

369 2704 813 2775 quandoquidem
865 2724 974 2758 una
1022 2725 1145 2759 cum
1199 2705 1449 2778 tyrannis
1507 2702 1803 2775 superioris
1853 2704 2102 2769 aetatis55

366 2775 706 2844 Periandro,
760 2776 1056 2846 Perdicca,
1097 2777 1319 2846 Xerxe,
1353 2782 1823 2830 commemoratur.
1899 2773 2075 2842 Quod„¹
2097 2770 2106 2821 31

368 2846 414 2898 si
450 2855 600 2901 recte
639 2849 996 2920 suspicamur,
1035 2851 1301 2918 sequitur,
1338 2855 1402 2901 ut
1440 2846 1643 2899 Politia
1678 2854 1804 2917 post
1843 2845 2097 2918 Olyme¹

366 2916 592 2987 XCIX„
634 2922 683 2974 3.
723 2920 808 2974 edi
850 2928 1048 2991 coepta
1084 2921 1182 2974 sit.‘
1247 2921 1332 2973 Eo
1363 2918 1507 2972 enim
1546 2937 1688 2971 anno
1725 2917 1874 2970 illum
1895 2917 2094 2975 inter-³:

366 2989 567 3042 fectum
614 3009 734 3044 esse
785 3011 814 3044 e
861 2991 1182 3063 Xenoph.
1241 2991 1391 3044 Hist.
1441 2987 1540 3043 Gr.
1591 2990 1663 3041 V.
1729 2990 1927 3056 2‚=·25.
1978 2987 2092 3077 sqaj

366 3062 736 3132 cognoscitur.
2062 3078 2070 3103 v
2086 3078 2088 3083 ’

2085 3091 2087 3110 4

2083 3129 2085 3161 l

503 3201 631 3254 Jam
671 3203 718 3255 si
756 3223 884 3257 vera
921 3213 1050 3258 sunt
1086 3214 1180 3257 aut
1217 3204 1408 3261 saltem
1431 3202 1745 3256 verisimilia
1786 3221 1923 3272 quae
1963 3201 2083 3255 ad-W‘

366 3273 495 3345 11116
524 3273 592 3326 de
640 3274 949 3344 primordiis
972 3276 1179 3348 &operis
1217 3275 1638 3346 explicavimUS,
1694 3273 1892 3328 habere
1931 3293 2060 3328 sane

364 3345 612 3399 videmur
654 3346 891 3400 rationes
930 3366 1038 3400 non
1079 3349 1313 3416 ineptae,
1354 3365 1490 3414 quas
1530 3346 1750 3415 sequuti
1785 3345 1886 3401 hac:
1925 3365 2076 3415 quo-1

363 3436 468 3485 que
518 3417 572 3470 in
624 3425 777 3487 parte
817 3418 883 3470 ab
921 3418 1121 3471 Illustr.
1162 3418 1728 3489 Morgensternii
1788 3416 2073 3471 sententias
