<?xml version="1.0" encoding="UTF-8"?>
<!DOCTYPE html PUBLIC "-//W3C//DTD XHTML 1.0 Transitional//EN"
    "http://www.w3.org/TR/xhtml1/DTD/xhtml1-transitional.dtd">
<html xmlns="http://www.w3.org/1999/xhtml" xml:lang="en" lang="en">
 <head>
  <title>
</title>
<meta http-equiv="Content-Type" content="text/html;charset=utf-8" />
  <meta name='ocr-system' content='tesseract 3.04.00' />
  <meta name='ocr-capabilities' content='ocr_page ocr_carea ocr_par ocr_line ocrx_word'/>
</head>
<body>
  <div class='ocr_page' id='page_1' title='image "./operaomniarecens03platuoft/operaomniarecens03platuoft_0394.png"; bbox 0 0 2098 3658; ppageno 0'>
   <div class='ocr_carea' id='block_1_1' title="bbox 246 134 347 185">
    <p class='ocr_par' dir='ltr' id='par_1_1' title="bbox 246 134 347 185">
     <span class='ocr_line' id='line_1_1' title="bbox 246 134 347 185; baseline 0 0"><span class='ocrx_word' id='word_1_1' title='bbox 246 134 347 185; x_wconf 78' lang='lat'><em>252</em></span> 
     </span>
    </p>
   </div>
   <div class='ocr_carea' id='block_1_2' title="bbox 854 132 1339 191">
    <p class='ocr_par' dir='ltr' id='par_1_2' title="bbox 854 132 1339 191">
     <span class='ocr_line' id='line_1_2' title="bbox 854 132 1339 191; baseline 0.01 -6"><span class='ocrx_word' id='word_1_2' title='bbox 854 132 1339 191; x_wconf 86' lang='lat' dir='ltr'>PLATONIS</span> 
     </span>
    </p>
   </div>
   <div class='ocr_carea' id='block_1_3' title="bbox 239 277 1957 353">
    <p class='ocr_par' dir='ltr' id='par_1_3' title="bbox 239 277 1957 353">
     <span class='ocr_line' id='line_1_3' title="bbox 239 277 1957 353; baseline 0.003 -18"><span class='ocrx_word' id='word_1_3' title='bbox 239 284 506 350; x_wconf 81' lang='grc' dir='ltr'><strong><em>μουσικῆς</em></strong></span> <span class='ocrx_word' id='word_1_4' title='bbox 562 277 624 334; x_wconf 85' lang='grc' dir='ltr'><em>τὸ</em></span> <span class='ocrx_word' id='word_1_5' title='bbox 679 284 802 353; x_wconf 80' lang='grc' dir='ltr'><em>περὶ</em></span> <span class='ocrx_word' id='word_1_6' title='bbox 860 279 960 351; x_wconf 69' lang='lat' dir='ltr'>lioy</span> <span class='ocrx_word' id='word_1_7' title='bbox 965 303 1060 346; x_wconf 92' lang='grc' dir='ltr'><em>ους</em></span> <span class='ocrx_word' id='word_1_8' title='bbox 1118 304 1173 338; x_wconf 88' lang='grc' dir='ltr'><em>τε</em></span> <span class='ocrx_word' id='word_1_9' title='bbox 1228 286 1320 338; x_wconf 83' lang='grc' dir='ltr'><em>καὶ</em></span> <span class='ocrx_word' id='word_1_10' title='bbox 1363 282 1592 353; x_wconf 79' lang='grc' dir='ltr'><strong><em>μύθους</em></strong></span> <span class='ocrx_word' id='word_1_11' title='bbox 1653 285 1957 350; x_wconf 57' lang='grc' dir='ltr'><em>παντελῶς</em></span> 
     </span>
    </p>
   </div>
   <div class='ocr_carea' id='block_1_4' title="bbox 241 363 722 436">
    <p class='ocr_par' dir='ltr' id='par_1_4' title="bbox 241 363 722 436">
     <span class='ocr_line' id='line_1_4' title="bbox 241 363 722 436; baseline 0.004 -18"><span class='ocrx_word' id='word_1_12' title='bbox 241 363 722 436; x_wconf 77' lang='grc' dir='ltr'><em>διαπεπεράνθαι·</em></span> 
     </span>
    </p>
   </div>
   <div class='ocr_carea' id='block_1_5' title="bbox 778 362 1936 440">
    <p class='ocr_par' dir='ltr' id='par_1_5' title="bbox 778 362 1936 440">
     <span class='ocr_line' id='line_1_5' title="bbox 778 362 1936 440; baseline 0.004 -21"><span class='ocrx_word' id='word_1_13' title='bbox 778 362 814 419; x_wconf 82' lang='grc' dir='ltr'><em>ἅ</em></span> <span class='ocrx_word' id='word_1_14' title='bbox 877 387 934 420; x_wconf 89' lang='grc' dir='ltr'><em>τε</em></span> <span class='ocrx_word' id='word_1_15' title='bbox 987 388 1094 438; x_wconf 85' lang='grc' dir='ltr'><em>γαρ</em></span> <span class='ocrx_word' id='word_1_16' title='bbox 1151 370 1369 425; x_wconf 79' lang='grc' dir='ltr'><em>λεκτέον</em></span> <span class='ocrx_word' id='word_1_17' title='bbox 1435 370 1527 423; x_wconf 82' lang='grc' dir='ltr'><em>καὶ</em></span> <span class='ocrx_word' id='word_1_18' title='bbox 1582 366 1656 432; x_wconf 82' lang='grc' dir='ltr'><em>ὡς</em></span> <span class='ocrx_word' id='word_1_19' title='bbox 1699 373 1936 440; x_wconf 79' lang='grc' dir='ltr'><strong><em>λεκτέον,</em></strong></span> 
     </span>
    </p>
   </div>
   <div class='ocr_carea' id='block_1_6' title="bbox 240 449 1936 609">
    <p class='ocr_par' dir='ltr' id='par_1_6' title="bbox 240 449 1936 609">
     <span class='ocr_line' id='line_1_6' title="bbox 240 449 1345 526; baseline 0.005 -25"><span class='ocrx_word' id='word_1_20' title='bbox 240 450 470 520; x_wconf 81' lang='grc' dir='ltr'><em>εἰ’.ρηται</em></span> <span class='ocrx_word' id='word_1_21' title='bbox 517 451 633 503; x_wconf 87' lang='grc' dir='ltr'><em>Καὶ</em></span> <span class='ocrx_word' id='word_1_22' title='bbox 678 449 830 519; x_wconf 79' lang='grc' dir='ltr'><em>αὐτῷ</em></span> <span class='ocrx_word' id='word_1_23' title='bbox 874 472 970 519; x_wconf 81' lang='grc' dir='ltr'><em>μοι</em></span> <span class='ocrx_word' id='word_1_24' title='bbox 1017 454 1177 514; x_wconf 85' lang='grc' dir='ltr'><em>δοκεῖ,</em></span> <span class='ocrx_word' id='word_1_25' title='bbox 1223 457 1345 526; x_wconf 75' lang='grc' dir='ltr'><strong>ἔφη.</strong></span> 
     </span>
     <span class='ocr_line' id='line_1_7' title="bbox 367 528 1936 609; baseline 0.002 -22"><span class='ocrx_word' id='word_1_26' title='bbox 367 533 506 609; x_wconf 79' lang='lat' dir='ltr'><strong>Cap.</strong></span> <span class='ocrx_word' id='word_1_27' title='bbox 555 532 631 589; x_wconf 83' lang='lat' dir='ltr'><em>X.</em></span> <span class='ocrx_word' id='word_1_28' title='bbox 681 533 899 589; x_wconf 83' lang='grc' dir='ltr'><em>Οὐκοῦν</em></span> <span class='ocrx_word' id='word_1_29' title='bbox 942 535 1080 604; x_wconf 74' lang='grc' dir='ltr'><em>μετὰ</em></span> <span class='ocrx_word' id='word_1_30' title='bbox 1127 539 1315 602; x_wconf 84' lang='grc' dir='ltr'><em>τοῦτο,</em></span> <span class='ocrx_word' id='word_1_31' title='bbox 1359 528 1428 601; x_wconf 76' lang='grc' dir='ltr'><em>ἦν</em></span> <span class='ocrx_word' id='word_1_32' title='bbox 1469 534 1509 590; x_wconf 77' lang='grc' dir='ltr'><em>δ’</em></span> <span class='ocrx_word' id='word_1_33' title='bbox 1548 533 1666 601; x_wconf 69' lang='grc' dir='ltr'><em>ἐγώ,</em></span> <span class='ocrx_word' id='word_1_34' title='bbox 1715 533 1776 591; x_wconf 88' lang='grc' dir='ltr'><em>τὸ</em></span> <span class='ocrx_word' id='word_1_35' title='bbox 1811 540 1936 606; x_wconf 84' lang='grc' dir='ltr'><em>περὶ</em></span> 
     </span>
    </p>
   </div>
   <div class='ocr_carea' id='block_1_7' title="bbox 236 613 1602 690">
    <p class='ocr_par' dir='ltr' id='par_1_7' title="bbox 236 613 1602 690">
     <span class='ocr_line' id='line_1_8' title="bbox 236 613 1602 690; baseline 0.003 -21"><span class='ocrx_word' id='word_1_36' title='bbox 236 614 383 685; x_wconf 78' lang='grc' dir='ltr'><em>ᾠδῆς</em></span> <span class='ocrx_word' id='word_1_37' title='bbox 428 613 641 688; x_wconf 78' lang='grc' dir='ltr'><em>τρόπου</em></span> <span class='ocrx_word' id='word_1_38' title='bbox 684 623 775 673; x_wconf 76' lang='grc' dir='ltr'><em>καὶ</em></span> <span class='ocrx_word' id='word_1_39' title='bbox 818 622 996 690; x_wconf 80' lang='grc' dir='ltr'><em>μελῶν</em></span> <span class='ocrx_word' id='word_1_40' title='bbox 1039 620 1268 688; x_wconf 61' lang='grc' dir='ltr'><em>λοιπόν,</em></span> <span class='ocrx_word' id='word_1_41' title='bbox 1313 623 1468 685; x_wconf 79' lang='grc' dir='ltr'><em>Δῆλα</em></span> <span class='ocrx_word' id='word_1_42' title='bbox 1516 619 1602 687; x_wconf 78' lang='grc' dir='ltr'><em>δή.</em></span> 
     </span>
    </p>
   </div>
   <div class='ocr_carea' id='block_1_8' title="bbox 1661 612 1936 692">
    <p class='ocr_par' dir='ltr' id='par_1_8' title="bbox 1661 612 1936 692">
     <span class='ocr_line' id='line_1_9' title="bbox 1661 612 1936 692; baseline 0 -18"><span class='ocrx_word' id='word_1_43' title='bbox 1661 612 1775 692; x_wconf 52' lang='grc' dir='ltr'><em>τΑρ’</em></span> <span class='ocrx_word' id='word_1_44' title='bbox 1834 613 1936 674; x_wconf 75' lang='grc' dir='ltr'><em>οὖν</em></span> 
     </span>
    </p>
   </div>
   <div class='ocr_carea' id='block_1_9' title="bbox 234 698 1936 860">
    <p class='ocr_par' dir='ltr' id='par_1_9' title="bbox 234 698 1936 860">
     <span class='ocr_line' id='line_1_10' title="bbox 237 698 1936 775; baseline 0.002 -20"><span class='ocrx_word' id='word_1_45' title='bbox 237 699 302 755; x_wconf 83' lang='grc' dir='ltr'><em>ού</em></span> <span class='ocrx_word' id='word_1_46' title='bbox 363 704 474 765; x_wconf 80' lang='grc' dir='ltr'><em>πᾶς</em></span> <span class='ocrx_word' id='word_1_47' title='bbox 520 698 636 769; x_wconf 63' lang='grc' dir='ltr'><em>’ἤδη</em></span> <span class='ocrx_word' id='word_1_48' title='bbox 692 700 766 757; x_wconf 80' lang='grc' dir='ltr'><em>ἂν</em></span> <span class='ocrx_word' id='word_1_49' title='bbox 819 701 972 774; x_wconf 81' lang='grc' dir='ltr'><em>εὕροι</em></span> <span class='ocrx_word' id='word_1_50' title='bbox 1028 701 1065 757; x_wconf 78' lang='grc' dir='ltr'><strong><em>ἃ</em></strong></span> <span class='ocrx_word' id='word_1_51' title='bbox 1131 703 1260 775; x_wconf 82' lang='grc' dir='ltr'><em>ἡμῖν</em></span> <span class='ocrx_word' id='word_1_52' title='bbox 1303 708 1519 760; x_wconf 76' lang='grc' dir='ltr'><em>λεκτέον</em></span> <span class='ocrx_word' id='word_1_53' title='bbox 1566 708 1689 773; x_wconf 83' lang='grc' dir='ltr'><em>περὶ</em></span> <span class='ocrx_word' id='word_1_54' title='bbox 1746 703 1936 759; x_wconf 83' lang='grc' dir='ltr'><em>αὐτῶν</em></span> 
     </span>
     <span class='ocr_line' id='line_1_11' title="bbox 234 785 1936 860; baseline 0.001 -20"><span class='ocrx_word' id='word_1_55' title='bbox 234 785 326 841; x_wconf 81' lang='grc' dir='ltr'><em>οἷα</em></span> <span class='ocrx_word' id='word_1_56' title='bbox 375 789 455 841; x_wconf 85' lang='grc' dir='ltr'><em>δεῖ</em></span> <span class='ocrx_word' id='word_1_57' title='bbox 497 785 652 851; x_wconf 84' lang='grc' dir='ltr'><em>εἶναι,</em></span> <span class='ocrx_word' id='word_1_58' title='bbox 697 787 847 855; x_wconf 78' lang='grc' dir='ltr'><em>εἴπερ</em></span> <span class='ocrx_word' id='word_1_59' title='bbox 891 791 1157 859; x_wconf 83' lang='grc' dir='ltr'><em>μέλλομεν</em></span> <span class='ocrx_word' id='word_1_60' title='bbox 1203 801 1319 853; x_wconf 81' lang='grc' dir='ltr'><em>τοῖς</em></span> <span class='ocrx_word' id='word_1_61' title='bbox 1351 795 1766 860; x_wconf 74' lang='grc' dir='ltr'><em>προειρημένοις</em></span> <span class='ocrx_word' id='word_1_62' title='bbox 1801 809 1936 860; x_wconf 86' lang='grc' dir='ltr'><em>συμ-</em></span> 
     </span>
    </p>
   </div>
   <div class='ocr_carea' id='block_1_10' title="bbox 230 869 539 1028">
    <p class='ocr_par' dir='ltr' id='par_1_10' title="bbox 230 869 539 1028">
     <span class='ocr_line' id='line_1_12' title="bbox 231 869 539 944; baseline 0.01 -21"><span class='ocrx_word' id='word_1_63' title='bbox 231 869 539 944; x_wconf 71' lang='grc' dir='ltr'><em>φωνήσεινς</em></span> 
     </span>
     <span class='ocr_line' id='line_1_13' title="bbox 230 947 436 1028; baseline -0.005 -19"><span class='ocrx_word' id='word_1_64' title='bbox 230 959 353 1028; x_wconf 77' lang='grc' dir='ltr'><em>ἔφη,</em></span> <span class='ocrx_word' id='word_1_65' title='bbox 397 947 436 1008; x_wconf 81' lang='grc' dir='ltr'><strong><em>ὦ</em></strong></span> 
     </span>
    </p>
   </div>
   <div class='ocr_carea' id='block_1_11' title="bbox 485 870 1934 1026">
    <p class='ocr_par' dir='ltr' id='par_1_11' title="bbox 485 870 1934 1026">
     <span class='ocr_line' id='line_1_14' title="bbox 608 870 1934 944; baseline 0.001 -18"><span class='ocrx_word' id='word_1_66' title='bbox 608 873 719 927; x_wconf 86' lang='grc' dir='ltr'><em>Καὶ</em></span> <span class='ocrx_word' id='word_1_67' title='bbox 767 870 796 927; x_wconf 86' lang='grc' dir='ltr'><em>ὁ</em></span> <span class='ocrx_word' id='word_1_68' title='bbox 837 872 1108 928; x_wconf 84' lang='grc' dir='ltr'><em>Γλαύκων</em></span> <span class='ocrx_word' id='word_1_69' title='bbox 1151 874 1504 944; x_wconf 75' lang='grc' dir='ltr'><em>ἐπιγελάσας,</em></span> <span class='ocrx_word' id='word_1_70' title='bbox 1547 873 1679 941; x_wconf 78' lang='grc' dir='ltr'><em>Ἐγώ</em></span> <span class='ocrx_word' id='word_1_71' title='bbox 1727 877 1934 940; x_wconf 84' lang='grc' dir='ltr'><em>τοίνυν,</em></span> 
     </span>
     <span class='ocr_line' id='line_1_15' title="bbox 485 953 1932 1026; baseline 0.003 -18"><span class='ocrx_word' id='word_1_72' title='bbox 485 953 804 1026; x_wconf 82' lang='grc' dir='ltr'><em>Σώκρατες,</em></span> <span class='ocrx_word' id='word_1_73' title='bbox 850 956 1142 1012; x_wconf 83' lang='grc' dir='ltr'><em>κινδυνεύω</em></span> <span class='ocrx_word' id='word_1_74' title='bbox 1186 955 1338 1022; x_wconf 77' lang='grc' dir='ltr'><em>ἐκτὸς</em></span> <span class='ocrx_word' id='word_1_75' title='bbox 1361 961 1471 1013; x_wconf 81' lang='grc' dir='ltr'><em>τῶν</em></span> <span class='ocrx_word' id='word_1_76' title='bbox 1503 955 1732 1012; x_wconf 73' lang='grc' dir='ltr'><em>πάντων</em></span> <span class='ocrx_word' id='word_1_77' title='bbox 1759 956 1932 1012; x_wconf 82' lang='grc' dir='ltr'><em>εἶναι·</em></span> 
     </span>
    </p>
   </div>
   <div class='ocr_carea' id='block_1_12' title="bbox 235 1037 1935 1199">
    <p class='ocr_par' dir='ltr' id='par_1_12' title="bbox 235 1037 1935 1199">
     <span class='ocr_line' id='line_1_16' title="bbox 235 1037 1932 1115; baseline 0 -19"><span class='ocrx_word' id='word_1_78' title='bbox 235 1037 441 1096; x_wconf 75' lang='grc' dir='ltr'><em>οὔκουν</em></span> <span class='ocrx_word' id='word_1_79' title='bbox 486 1044 688 1106; x_wconf 83' lang='grc' dir='ltr'><em>ἱκανῶς</em></span> <span class='ocrx_word' id='word_1_80' title='bbox 750 1064 808 1111; x_wconf 83' lang='grc' dir='ltr'><em>γε</em></span> <span class='ocrx_word' id='word_1_81' title='bbox 865 1046 963 1113; x_wconf 77' lang='grc' dir='ltr'><em>ἔχω</em></span> <span class='ocrx_word' id='word_1_82' title='bbox 1021 1049 1079 1097; x_wconf 83' lang='grc' dir='ltr'><em>ὲν</em></span> <span class='ocrx_word' id='word_1_83' title='bbox 1124 1045 1201 1113; x_wconf 79' lang='grc' dir='ltr'><em>τῷ</em></span> <span class='ocrx_word' id='word_1_84' title='bbox 1245 1041 1485 1115; x_wconf 85' lang='grc' dir='ltr'><em>παρόντι</em></span> <span class='ocrx_word' id='word_1_85' title='bbox 1528 1043 1932 1113; x_wconf 74' lang='grc' dir='ltr'><em>ξυμβαλέσθαι,</em></span> 
     </span>
     <span class='ocr_line' id='line_1_17' title="bbox 235 1121 1935 1199; baseline 0.001 -21"><span class='ocrx_word' id='word_1_86' title='bbox 235 1125 341 1179; x_wconf 75' lang='grc' dir='ltr'><em>ποῖ’</em></span> <span class='ocrx_word' id='word_1_87' title='bbox 371 1121 515 1179; x_wconf 78' lang='grc' dir='ltr'><em>ἅττα</em></span> <span class='ocrx_word' id='word_1_88' title='bbox 563 1128 643 1180; x_wconf 89' lang='grc' dir='ltr'><em>δεῖ</em></span> <span class='ocrx_word' id='word_1_89' title='bbox 682 1123 830 1196; x_wconf 77' lang='grc' dir='ltr'><em>ἡμᾶς</em></span> <span class='ocrx_word' id='word_1_90' title='bbox 874 1131 1062 1196; x_wconf 83' lang='grc' dir='ltr'><em>λέγειν,</em></span> <span class='ocrx_word' id='word_1_91' title='bbox 1106 1125 1399 1183; x_wconf 84' lang='grc' dir='ltr'><em>ὑποπτεύω</em></span> <span class='ocrx_word' id='word_1_92' title='bbox 1443 1134 1646 1199; x_wconf 87' lang='grc' dir='ltr'><em>μέντοι.</em></span> <span class='ocrx_word' id='word_1_93' title='bbox 1690 1125 1935 1190; x_wconf 80' lang='grc' dir='ltr'><em>ΙΙοὶντως</em></span> 
     </span>
    </p>
   </div>
   <div class='ocr_carea' id='block_1_13' title="bbox 123 1201 1934 1287">
    <p class='ocr_par' dir='ltr' id='par_1_13' title="bbox 123 1201 1934 1287">
     <span class='ocr_line' id='line_1_18' title="bbox 123 1201 1934 1287; baseline 0.002 -23"><span class='ocrx_word' id='word_1_94' title='bbox 123 1217 179 1270; x_wconf 90' lang='lat' dir='ltr'>D</span> <span class='ocrx_word' id='word_1_95' title='bbox 222 1207 421 1279; x_wconf 82' lang='grc' dir='ltr'><em>δήπου,</em></span> <span class='ocrx_word' id='word_1_96' title='bbox 451 1201 539 1287; x_wconf 49' lang='grc' dir='ltr'><em>,ἦν</em></span> <span class='ocrx_word' id='word_1_97' title='bbox 582 1209 625 1263; x_wconf 85' lang='grc' dir='ltr'><em>δ’</em></span> <span class='ocrx_word' id='word_1_98' title='bbox 673 1210 792 1276; x_wconf 76' lang='grc' dir='ltr'><em>ἐγώ,</em></span> <span class='ocrx_word' id='word_1_99' title='bbox 837 1215 1061 1282; x_wconf 82' lang='grc' dir='ltr'><em>πρῶτον</em></span> <span class='ocrx_word' id='word_1_100' title='bbox 1105 1215 1206 1281; x_wconf 79' lang='grc' dir='ltr'><em>μὲν</em></span> <span class='ocrx_word' id='word_1_101' title='bbox 1250 1211 1375 1266; x_wconf 88' lang='grc' dir='ltr'><em>τόδε</em></span> <span class='ocrx_word' id='word_1_102' title='bbox 1419 1214 1621 1274; x_wconf 83' lang='grc' dir='ltr'><em>ἱκανῶς</em></span> <span class='ocrx_word' id='word_1_103' title='bbox 1658 1214 1794 1282; x_wconf 77' lang='grc' dir='ltr'><em>ἔχεις</em></span> <span class='ocrx_word' id='word_1_104' title='bbox 1849 1215 1934 1267; x_wconf 83' lang='grc' dir='ltr'><em>λέ-</em></span> 
     </span>
    </p>
   </div>
   <div class='ocr_carea' id='block_1_14' title="bbox 228 1291 1933 1368">
    <p class='ocr_par' dir='ltr' id='par_1_14' title="bbox 228 1291 1933 1368">
     <span class='ocr_line' id='line_1_19' title="bbox 228 1291 1933 1368; baseline 0.002 -21"><span class='ocrx_word' id='word_1_105' title='bbox 228 1313 369 1364; x_wconf 85' lang='grc' dir='ltr'><em>γειν,</em></span> <span class='ocrx_word' id='word_1_106' title='bbox 418 1291 504 1349; x_wconf 85' lang='grc' dir='ltr'><em>ὅτι</em></span> <span class='ocrx_word' id='word_1_107' title='bbox 554 1293 616 1350; x_wconf 89' lang='grc' dir='ltr'><em>τὸ</em></span> <span class='ocrx_word' id='word_1_108' title='bbox 657 1299 819 1366; x_wconf 80' lang='grc' dir='ltr'><em>μέλος</em></span> <span class='ocrx_word' id='word_1_109' title='bbox 863 1304 918 1350; x_wconf 81' lang='grc' dir='ltr'><em>ἐκ</em></span> <span class='ocrx_word' id='word_1_110' title='bbox 961 1300 1126 1368; x_wconf 82' lang='grc' dir='ltr'><em>τριῶν</em></span> <span class='ocrx_word' id='word_1_111' title='bbox 1168 1303 1279 1350; x_wconf 78' lang='grc' dir='ltr'><em>ἐστι</em></span> <span class='ocrx_word' id='word_1_112' title='bbox 1326 1300 1705 1367; x_wconf 80' lang='grc' dir='ltr'><em>συγκείμενον,</em></span> <span class='ocrx_word' id='word_1_113' title='bbox 1763 1291 1933 1365; x_wconf 82' lang='grc' dir='ltr'><em>λόγου</em></span> 
     </span>
    </p>
   </div>
   <div class='ocr_carea' id='block_1_15' title="bbox 230 1453 1975 1803">
    <p class='ocr_par' dir='ltr' id='par_1_15' title="bbox 230 1453 1932 1630">
     <span class='ocr_line' id='line_1_20' title="bbox 349 1453 1932 1527; baseline 0.002 -30"><span class='ocrx_word' id='word_1_114' title='bbox 349 1457 458 1527; x_wconf 83' lang='lat' dir='ltr'><strong>Cnp.</strong></span> <span class='ocrx_word' id='word_1_115' title='bbox 492 1457 546 1501; x_wconf 93' lang='lat' dir='ltr'><em>X.</em></span> <span class='ocrx_word' id='word_1_116' title='bbox 609 1459 656 1499; x_wconf 90' lang='lat' dir='ltr'><em>C.</em></span> <span class='ocrx_word' id='word_1_117' title='bbox 719 1460 838 1512; x_wconf 70' lang='grc' dir='ltr'><em>περὶ</em></span> <span class='ocrx_word' id='word_1_118' title='bbox 870 1455 1056 1500; x_wconf 74' lang='grc' dir='ltr'><em>αὐτῶν</em></span> <span class='ocrx_word' id='word_1_119' title='bbox 1096 1455 1181 1500; x_wconf 87' lang='grc' dir='ltr'><em>οια</em></span> <span class='ocrx_word' id='word_1_120' title='bbox 1213 1457 1296 1500; x_wconf 84' lang='grc' dir='ltr'><em>δεῖ</em></span> <span class='ocrx_word' id='word_1_121' title='bbox 1325 1453 1488 1513; x_wconf 84' lang='grc' dir='ltr'><em>εἶναι]</em></span> <span class='ocrx_word' id='word_1_122' title='bbox 1552 1457 1727 1512; x_wconf 85' lang='lat' dir='ltr'><strong>Steph..</strong></span> <span class='ocrx_word' id='word_1_123' title='bbox 1760 1460 1828 1499; x_wconf 79' lang='grc' dir='ltr'><em>καὶ</em></span> <span class='ocrx_word' id='word_1_124' title='bbox 1861 1455 1932 1500; x_wconf 90' lang='grc' dir='ltr'><em>οια</em></span> 
     </span>
     <span class='ocr_line' id='line_1_21' title="bbox 230 1510 1935 1571; baseline 0.002 -16"><span class='ocrx_word' id='word_1_125' title='bbox 230 1515 298 1556; x_wconf 80' lang='grc' dir='ltr'><em>δεῖ</em></span> <span class='ocrx_word' id='word_1_126' title='bbox 335 1510 456 1559; x_wconf 85' lang='grc' dir='ltr'><em>εἷιαι.</em></span> <span class='ocrx_word' id='word_1_127' title='bbox 489 1515 579 1556; x_wconf 83' lang='lat' dir='ltr'><em>Sed</em></span> <span class='ocrx_word' id='word_1_128' title='bbox 615 1522 735 1558; x_wconf 82' lang='lat' dir='ltr'>recte</span> <span class='ocrx_word' id='word_1_129' title='bbox 767 1518 938 1558; x_wconf 83' lang='lat' dir='ltr'>codices</span> <span class='ocrx_word' id='word_1_130' title='bbox 970 1532 1120 1559; x_wconf 82' lang='lat' dir='ltr'>omnes</span> <span class='ocrx_word' id='word_1_131' title='bbox 1154 1525 1327 1571; x_wconf 79' lang='lat' dir='ltr'>praeter</span> <span class='ocrx_word' id='word_1_132' title='bbox 1367 1518 1460 1559; x_wconf 84' lang='lat' dir='ltr'><strong>Vat.</strong></span> <span class='ocrx_word' id='word_1_133' title='bbox 1490 1531 1523 1558; x_wconf 86' lang='lat' dir='ltr'><em>r.</em></span> <span class='ocrx_word' id='word_1_134' title='bbox 1559 1524 1602 1558; x_wconf 88' lang='lat' dir='ltr'>et</span> <span class='ocrx_word' id='word_1_135' title='bbox 1638 1517 1740 1559; x_wconf 88' lang='lat' dir='ltr'><strong>Ven.</strong></span> <span class='ocrx_word' id='word_1_136' title='bbox 1777 1518 1825 1558; x_wconf 90' lang='grc' dir='ltr'><em>Ξ.</em></span> <span class='ocrx_word' id='word_1_137' title='bbox 1859 1519 1935 1558; x_wconf 87' lang='grc' dir='ltr'><em>καί</em></span> 
     </span>
     <span class='ocr_line' id='line_1_22' title="bbox 234 1570 1673 1630; baseline -0.001 -15"><span class='ocrx_word' id='word_1_138' title='bbox 234 1574 447 1616; x_wconf 81' lang='lat' dir='ltr'>omittunt.</span> <span class='ocrx_word' id='word_1_139' title='bbox 477 1574 638 1627; x_wconf 81' lang='lat' dir='ltr'>Iunge:</span> <span class='ocrx_word' id='word_1_140' title='bbox 673 1579 743 1615; x_wconf 87' lang='grc' dir='ltr'><em>οἱα</em></span> <span class='ocrx_word' id='word_1_141' title='bbox 774 1574 842 1615; x_wconf 87' lang='grc' dir='ltr'><em>δεῖ</em></span> <span class='ocrx_word' id='word_1_142' title='bbox 866 1570 975 1616; x_wconf 86' lang='grc' dir='ltr'><em>εἶναι</em></span> <span class='ocrx_word' id='word_1_143' title='bbox 1006 1573 1033 1616; x_wconf 77' lang='grc' dir='ltr'><em>ἂ</em></span> <span class='ocrx_word' id='word_1_144' title='bbox 1063 1573 1161 1630; x_wconf 79' lang='grc' dir='ltr'><em>ἡμῖν</em></span> <span class='ocrx_word' id='word_1_145' title='bbox 1192 1575 1360 1616; x_wconf 77' lang='grc' dir='ltr'><em>λεκτέον</em></span> <span class='ocrx_word' id='word_1_146' title='bbox 1391 1576 1486 1629; x_wconf 81' lang='grc' dir='ltr'><em>περὶ</em></span> <span class='ocrx_word' id='word_1_147' title='bbox 1518 1570 1673 1616; x_wconf 77' lang='grc' dir='ltr'><em>αὐτῶν.</em></span> 
     </span>
    </p>

    <p class='ocr_par' dir='ltr' id='par_1_16' title="bbox 231 1628 1975 1803">
     <span class='ocr_line' id='line_1_23' title="bbox 349 1628 1929 1687; baseline 0.001 -16"><span class='ocrx_word' id='word_1_148' title='bbox 349 1628 505 1672; x_wconf 80' lang='grc' dir='ltr'><em>ἐκτὸς</em></span> <span class='ocrx_word' id='word_1_149' title='bbox 545 1631 647 1671; x_wconf 75' lang='grc' dir='ltr'><em>τῶν</em></span> <span class='ocrx_word' id='word_1_150' title='bbox 691 1630 907 1674; x_wconf 81' lang='grc' dir='ltr'><em>πάντων</em></span> <span class='ocrx_word' id='word_1_151' title='bbox 946 1628 1114 1687; x_wconf 79' lang='grc' dir='ltr'><em>εἶναι]</em></span> <span class='ocrx_word' id='word_1_152' title='bbox 1176 1636 1230 1674; x_wconf 91' lang='lat' dir='ltr'><em>V.</em></span> <span class='ocrx_word' id='word_1_153' title='bbox 1265 1631 1389 1687; x_wconf 76' lang='grc' dir='ltr'><em>ἐκτὸς</em></span> <span class='ocrx_word' id='word_1_154' title='bbox 1419 1631 1586 1674; x_wconf 84' lang='grc' dir='ltr'><em>τούτων</em></span> <span class='ocrx_word' id='word_1_155' title='bbox 1626 1634 1711 1674; x_wconf 76' lang='grc' dir='ltr'><em>τῶν</em></span> <span class='ocrx_word' id='word_1_156' title='bbox 1742 1630 1929 1686; x_wconf 72' lang='grc' dir='ltr'><em>πάντων,</em></span> 
     </span>
     <span class='ocr_line' id='line_1_24' title="bbox 231 1689 1929 1745; baseline 0.002 -15"><span class='ocrx_word' id='word_1_157' title='bbox 231 1689 347 1743; x_wconf 85' lang='lat' dir='ltr'><em>quod</em></span> <span class='ocrx_word' id='word_1_158' title='bbox 382 1690 463 1730; x_wconf 85' lang='lat' dir='ltr'>soli</span> <span class='ocrx_word' id='word_1_159' title='bbox 489 1690 601 1731; x_wconf 82' lang='lat' dir='ltr'><strong>Ven.</strong></span> <span class='ocrx_word' id='word_1_160' title='bbox 626 1690 665 1734; x_wconf 85' lang='grc' dir='ltr'><em>Ξ</em></span> <span class='ocrx_word' id='word_1_161' title='bbox 711 1698 754 1733; x_wconf 85' lang='lat' dir='ltr'>et</span> <span class='ocrx_word' id='word_1_162' title='bbox 788 1693 934 1733; x_wconf 78' lang='lat' dir='ltr'><strong>Ambr.</strong></span> <span class='ocrx_word' id='word_1_163' title='bbox 968 1692 1267 1734; x_wconf 81' lang='lat' dir='ltr'>habent.1’ar</span> <span class='ocrx_word' id='word_1_164' title='bbox 1303 1692 1353 1734; x_wconf 88' lang='grc' dir='ltr'><em>Κ.</em></span> <span class='ocrx_word' id='word_1_165' title='bbox 1393 1689 1516 1733; x_wconf 82' lang='grc' dir='ltr'><em>ἐκτὸς</em></span> <span class='ocrx_word' id='word_1_166' title='bbox 1544 1689 1729 1745; x_wconf 84' lang='grc' dir='ltr'><em>πάντων,</em></span> <span class='ocrx_word' id='word_1_167' title='bbox 1763 1692 1929 1734; x_wconf 88' lang='lat' dir='ltr'>omisso</span> 
     </span>
     <span class='ocr_line' id='line_1_25' title="bbox 232 1748 1975 1803; baseline 0.001 -15"><span class='ocrx_word' id='word_1_168' title='bbox 232 1748 325 1799; x_wconf 65' lang='grc' dir='ltr'><em>τῶν.</em></span> <span class='ocrx_word' id='word_1_169' title='bbox 359 1749 465 1790; x_wconf 89' lang='lat' dir='ltr'><em>Mox</em></span> <span class='ocrx_word' id='word_1_170' title='bbox 496 1748 623 1789; x_wconf 86' lang='lat' dir='ltr'>codd.</span> <span class='ocrx_word' id='word_1_171' title='bbox 656 1750 824 1803; x_wconf 73' lang='lat' dir='ltr'>plurimi</span> <span class='ocrx_word' id='word_1_172' title='bbox 865 1748 1199 1803; x_wconf 74' lang='grc' dir='ltr'><em>ξυμβάλλεσθαι.</em></span> <span class='ocrx_word' id='word_1_173' title='bbox 1261 1749 1350 1791; x_wconf 88' lang='lat' dir='ltr'><em>Sed</em></span> <span class='ocrx_word' id='word_1_174' title='bbox 1382 1753 1596 1793; x_wconf 84' lang='lat' dir='ltr'>aoristum</span> <span class='ocrx_word' id='word_1_175' title='bbox 1642 1755 1787 1792; x_wconf 83' lang='lat' dir='ltr'>tuetur</span> <span class='ocrx_word' id='word_1_176' title='bbox 1818 1749 1930 1803; x_wconf 88' lang='lat' dir='ltr'>opti·</span> <span class='ocrx_word' id='word_1_177' title='bbox 1971 1778 1975 1782; x_wconf 89' lang='lat'>-</span> 
     </span>
    </p>
   </div>
   <div class='ocr_carea' id='block_1_16' title="bbox 221 1893 1034 3163">
    <p class='ocr_par' dir='ltr' id='par_1_17' title="bbox 225 1893 1034 2178">
     <span class='ocr_line' id='line_1_26' title="bbox 229 1893 1034 1946; baseline 0.005 -14"><span class='ocrx_word' id='word_1_178' title='bbox 229 1894 398 1942; x_wconf 78' lang='lat' dir='ltr'>bantur,</span> <span class='ocrx_word' id='word_1_179' title='bbox 440 1893 733 1946; x_wconf 65' lang='lat' dir='ltr'>ungebantur,</span> <span class='ocrx_word' id='word_1_180' title='bbox 775 1899 825 1935; x_wconf 85' lang='lat' dir='ltr'><em>et·</em></span> <span class='ocrx_word' id='word_1_181' title='bbox 849 1895 942 1935; x_wconf 83' lang='lat' dir='ltr'>lana</span> <span class='ocrx_word' id='word_1_182' title='bbox 974 1895 1034 1936; x_wconf 84' lang='lat' dir='ltr'><em>la-</em></span> 
     </span>
     <span class='ocr_line' id='line_1_27' title="bbox 230 1949 1034 2003; baseline 0.002 -12"><span class='ocrx_word' id='word_1_183' title='bbox 230 1952 407 2003; x_wconf 87' lang='lat' dir='ltr'>neisque</span> <span class='ocrx_word' id='word_1_184' title='bbox 439 1949 590 1993; x_wconf 83' lang='lat' dir='ltr'>taeniis</span> <span class='ocrx_word' id='word_1_185' title='bbox 626 1957 669 1992; x_wconf 81' lang='lat' dir='ltr'>et</span> <span class='ocrx_word' id='word_1_186' title='bbox 699 1953 872 1993; x_wconf 82' lang='lat' dir='ltr'>coronis</span> <span class='ocrx_word' id='word_1_187' title='bbox 903 1965 1034 1994; x_wconf 82' lang='lat' dir='ltr'>orna-</span> 
     </span>
     <span class='ocr_line' id='line_1_28' title="bbox 228 2009 1034 2061; baseline 0.005 -13"><span class='ocrx_word' id='word_1_188' title='bbox 228 2009 408 2061; x_wconf 81' lang='lat' dir='ltr'>bantur,</span> <span class='ocrx_word' id='word_1_189' title='bbox 459 2009 581 2048; x_wconf 85' lang='lat' dir='ltr'>sicuti</span> <span class='ocrx_word' id='word_1_190' title='bbox 627 2009 821 2050; x_wconf 77' lang='lat' dir='ltr'>ostendit</span> <span class='ocrx_word' id='word_1_191' title='bbox 866 2011 1034 2052; x_wconf 84' lang='lat' dir='ltr'>Grae-</span> 
     </span>
     <span class='ocr_line' id='line_1_29' title="bbox 225 2066 1034 2121; baseline 0.005 -14"><span class='ocrx_word' id='word_1_192' title='bbox 225 2067 275 2108; x_wconf 88' lang='lat' dir='ltr'>vi</span> <span class='ocrx_word' id='word_1_193' title='bbox 291 2080 346 2107; x_wconf 89' lang='lat' dir='ltr'><em>us</em></span> <span class='ocrx_word' id='word_1_194' title='bbox 367 2066 747 2110; x_wconf 78' lang='lat' dir='ltr'>Lectt.Hesiodeis</span> <span class='ocrx_word' id='word_1_195' title='bbox 761 2068 1034 2121; x_wconf 85' lang='lat' dir='ltr'><strong>Cap.xx111.</strong></span> 
     </span>
     <span class='ocr_line' id='line_1_30' title="bbox 228 2123 1032 2178; baseline -0.001 -10"><span class='ocrx_word' id='word_1_196' title='bbox 228 2138 269 2178; x_wconf 85' lang='lat' dir='ltr'><em>p.</em></span> <span class='ocrx_word' id='word_1_197' title='bbox 303 2123 403 2168; x_wconf 85' lang='lat'><strong>114.</strong></span> <span class='ocrx_word' id='word_1_198' title='bbox 438 2124 540 2166; x_wconf 77' lang='lat' dir='ltr'><strong>edit.</strong></span> <span class='ocrx_word' id='word_1_199' title='bbox 567 2125 807 2166; x_wconf 80' lang='lat' dir='ltr'>Amstelod.</span> <span class='ocrx_word' id='word_1_200' title='bbox 831 2126 958 2170; x_wconf 81' lang='lat'><strong>1701.</strong></span> <span class='ocrx_word' id='word_1_201' title='bbox 988 2126 1032 2170; x_wconf 87' lang='grc'><em>8.</em></span> 
     </span>
    </p>

    <p class='ocr_par' dir='ltr' id='par_1_18' title="bbox 221 2178 1034 3163">
     <span class='ocr_line' id='line_1_31' title="bbox 287 2178 1034 2236; baseline 0.003 -13"><span class='ocrx_word' id='word_1_202' title='bbox 287 2183 391 2236; x_wconf 82' lang='lat' dir='ltr'><strong>Cap.</strong></span> <span class='ocrx_word' id='word_1_203' title='bbox 421 2182 478 2224; x_wconf 89' lang='lat' dir='ltr'><em>X.</em></span> <span class='ocrx_word' id='word_1_204' title='bbox 547 2183 597 2225; x_wconf 90' lang='lat' dir='ltr'><em>C.</em></span> <span class='ocrx_word' id='word_1_205' title='bbox 652 2178 872 2225; x_wconf 77' lang='grc' dir='ltr'><em>Οὐκοῦν</em></span> <span class='ocrx_word' id='word_1_206' title='bbox 907 2181 1034 2235; x_wconf 82' lang='grc' dir='ltr'><em>μετὰ</em></span> 
     </span>
     <span class='ocr_line' id='line_1_32' title="bbox 229 2239 1032 2294; baseline 0.005 -14"><span class='ocrx_word' id='word_1_207' title='bbox 229 2240 389 2281; x_wconf 84' lang='grc' dir='ltr'><em>τοῦτο</em></span> <span class='ocrx_word' id='word_1_208' title='bbox 424 2239 504 2294; x_wconf 85' lang='grc'><em>-]</em></span> <span class='ocrx_word' id='word_1_209' title='bbox 541 2244 774 2294; x_wconf 82' lang='lat' dir='ltr'>Postquam</span> <span class='ocrx_word' id='word_1_210' title='bbox 813 2242 1032 2284; x_wconf 86' lang='lat' dir='ltr'>definitum</span> 
     </span>
     <span class='ocr_line' id='line_1_33' title="bbox 231 2295 1030 2353; baseline 0.004 -15"><span class='ocrx_word' id='word_1_211' title='bbox 231 2304 314 2350; x_wconf 82' lang='lat' dir='ltr'>est,</span> <span class='ocrx_word' id='word_1_212' title='bbox 346 2312 456 2352; x_wconf 79' lang='lat' dir='ltr'><strong>quae</strong></span> <span class='ocrx_word' id='word_1_213' title='bbox 488 2295 535 2337; x_wconf 79' lang='grc' dir='ltr'><em>ἐν</em></span> <span class='ocrx_word' id='word_1_214' title='bbox 565 2304 654 2340; x_wconf 90' lang='grc' dir='ltr'><em>τοῖς</em></span> <span class='ocrx_word' id='word_1_215' title='bbox 685 2296 831 2353; x_wconf 88' lang='grc' dir='ltr'><em>λόγοις</em></span> <span class='ocrx_word' id='word_1_216' title='bbox 863 2300 932 2340; x_wconf 79' lang='grc' dir='ltr'><em>καὶ</em></span> <span class='ocrx_word' id='word_1_217' title='bbox 952 2298 1030 2352; x_wconf 87' lang='grc' dir='ltr'><em>μύ-</em></span> 
     </span>
     <span class='ocr_line' id='line_1_34' title="bbox 225 2356 1032 2410; baseline 0.004 -14"><span class='ocrx_word' id='word_1_218' title='bbox 225 2356 332 2396; x_wconf 77' lang='grc' dir='ltr'><em>θοις</em></span> <span class='ocrx_word' id='word_1_219' title='bbox 368 2356 550 2397; x_wconf 85' lang='lat' dir='ltr'>dicenda</span> <span class='ocrx_word' id='word_1_220' title='bbox 591 2362 634 2398; x_wconf 83' lang='lat' dir='ltr'>et</span> <span class='ocrx_word' id='word_1_221' title='bbox 672 2370 757 2410; x_wconf 87' lang='lat' dir='ltr'><em>quo</em></span> <span class='ocrx_word' id='word_1_222' title='bbox 793 2359 924 2399; x_wconf 92' lang='lat' dir='ltr'>modo</span> <span class='ocrx_word' id='word_1_223' title='bbox 967 2358 1032 2399; x_wconf 92' lang='lat' dir='ltr'>di-</span> 
     </span>
     <span class='ocr_line' id='line_1_35' title="bbox 225 2414 1032 2470; baseline 0.004 -15"><span class='ocrx_word' id='word_1_224' title='bbox 225 2414 363 2456; x_wconf 83' lang='lat' dir='ltr'>cenda</span> <span class='ocrx_word' id='word_1_225' title='bbox 395 2416 493 2465; x_wconf 82' lang='lat' dir='ltr'>sint,</span> <span class='ocrx_word' id='word_1_226' title='bbox 526 2414 578 2455; x_wconf 83' lang='lat' dir='ltr'><em>ad</em></span> <span class='ocrx_word' id='word_1_227' title='bbox 611 2416 818 2458; x_wconf 75' lang='lat' dir='ltr'>musicam</span> <span class='ocrx_word' id='word_1_228' title='bbox 849 2429 1032 2470; x_wconf 88' lang='lat' dir='ltr'>progre—</span> 
     </span>
     <span class='ocr_line' id='line_1_36' title="bbox 224 2473 1028 2526; baseline 0.005 -14"><span class='ocrx_word' id='word_1_229' title='bbox 224 2473 340 2513; x_wconf 88' lang='lat' dir='ltr'>ditur</span> <span class='ocrx_word' id='word_1_230' title='bbox 379 2473 627 2525; x_wconf 79' lang='lat' dir='ltr'>angustiore</span> <span class='ocrx_word' id='word_1_231' title='bbox 676 2487 805 2515; x_wconf 82' lang='lat' dir='ltr'>sensu</span> <span class='ocrx_word' id='word_1_232' title='bbox 851 2474 1028 2526; x_wconf 77' lang='lat' dir='ltr'>dictam,</span> 
     </span>
     <span class='ocr_line' id='line_1_37' title="bbox 223 2527 1028 2586; baseline 0.003 -15"><span class='ocrx_word' id='word_1_233' title='bbox 223 2536 356 2583; x_wconf 82' lang='lat' dir='ltr'>atque</span> <span class='ocrx_word' id='word_1_234' title='bbox 397 2527 473 2570; x_wconf 83' lang='grc' dir='ltr'><em>τὸν</em></span> <span class='ocrx_word' id='word_1_235' title='bbox 511 2531 586 2584; x_wconf 83' lang='grc' dir='ltr'><em>τῆς</em></span> <span class='ocrx_word' id='word_1_236' title='bbox 623 2529 739 2586; x_wconf 80' lang='grc' dir='ltr'><em>ᾠδῆς</em></span> <span class='ocrx_word' id='word_1_237' title='bbox 779 2547 821 2573; x_wconf 91' lang='grc' dir='ltr'><em>τε</em></span> <span class='ocrx_word' id='word_1_238' title='bbox 851 2533 920 2573; x_wconf 84' lang='grc' dir='ltr'><em>καὶ</em></span> <span class='ocrx_word' id='word_1_239' title='bbox 959 2546 1028 2583; x_wconf 86' lang='grc' dir='ltr'><em>με·</em></span> 
     </span>
     <span class='ocr_line' id='line_1_38' title="bbox 223 2585 1030 2643; baseline 0.004 -14"><span class='ocrx_word' id='word_1_240' title='bbox 223 2589 309 2629; x_wconf 86' lang='grc' dir='ltr'><em>λων</em></span> <span class='ocrx_word' id='word_1_241' title='bbox 340 2585 516 2643; x_wconf 81' lang='grc' dir='ltr'><em>τρόπον,</em></span> <span class='ocrx_word' id='word_1_242' title='bbox 549 2595 738 2631; x_wconf 78' lang='lat' dir='ltr'>cantns</span> <span class='ocrx_word' id='word_1_243' title='bbox 774 2596 819 2631; x_wconf 85' lang='lat' dir='ltr'>et</span> <span class='ocrx_word' id='word_1_244' title='bbox 849 2592 1030 2632; x_wconf 80' lang='lat' dir='ltr'>carnii-</span> 
     </span>
     <span class='ocr_line' id='line_1_39' title="bbox 223 2646 1030 2702; baseline 0.004 -15"><span class='ocrx_word' id='word_1_245' title='bbox 223 2660 341 2688; x_wconf 91' lang='lat' dir='ltr'><em>num</em></span> <span class='ocrx_word' id='word_1_246' title='bbox 369 2661 406 2689; x_wconf 90' lang='lat' dir='ltr'>m</span> <span class='ocrx_word' id='word_1_247' title='bbox 424 2646 607 2698; x_wconf 85' lang='lat' dir='ltr'>odum,</span> <span class='ocrx_word' id='word_1_248' title='bbox 628 2649 896 2702; x_wconf 80' lang='lat' dir='ltr'>praescribit.</span> <span class='ocrx_word' id='word_1_249' title='bbox 925 2648 1030 2690; x_wconf 80' lang='lat' dir='ltr'>Erat</span> 
     </span>
     <span class='ocr_line' id='line_1_40' title="bbox 223 2705 1029 2760; baseline 0.002 -14"><span class='ocrx_word' id='word_1_250' title='bbox 223 2705 333 2747; x_wconf 89' lang='lat' dir='ltr'>enim</span> <span class='ocrx_word' id='word_1_251' title='bbox 373 2705 489 2759; x_wconf 85' lang='lat' dir='ltr'><em>apud</em></span> <span class='ocrx_word' id='word_1_252' title='bbox 524 2706 721 2747; x_wconf 85' lang='lat' dir='ltr'>Graecos</span> <span class='ocrx_word' id='word_1_253' title='bbox 764 2712 882 2748; x_wconf 85' lang='lat' dir='ltr'>tanta</span> <span class='ocrx_word' id='word_1_254' title='bbox 923 2719 1029 2760; x_wconf 86' lang='lat' dir='ltr'><em>poe-</em></span> 
     </span>
     <span class='ocr_line' id='line_1_41' title="bbox 223 2765 1026 2816; baseline 0.005 -14"><span class='ocrx_word' id='word_1_255' title='bbox 223 2776 322 2804; x_wconf 83' lang='lat' dir='ltr'>seos</span> <span class='ocrx_word' id='word_1_256' title='bbox 364 2769 492 2816; x_wconf 79' lang='lat' dir='ltr'>atque</span> <span class='ocrx_word' id='word_1_257' title='bbox 538 2765 724 2805; x_wconf 81' lang='lat' dir='ltr'>musices</span> <span class='ocrx_word' id='word_1_258' title='bbox 765 2765 1026 2815; x_wconf 84' lang='lat' dir='ltr'>coniunctio,</span> 
     </span>
     <span class='ocr_line' id='line_1_42' title="bbox 222 2818 1025 2864; baseline 0.004 -3"><span class='ocrx_word' id='word_1_259' title='bbox 222 2826 269 2862; x_wconf 88' lang='lat' dir='ltr'>ut</span> <span class='ocrx_word' id='word_1_260' title='bbox 298 2821 369 2862; x_wconf 81' lang='lat' dir='ltr'>illa</span> <span class='ocrx_word' id='word_1_261' title='bbox 388 2818 578 2863; x_wconf 75' lang='lat' dir='ltr'>tractata&#39;</span> <span class='ocrx_word' id='word_1_262' title='bbox 597 2824 733 2864; x_wconf 81' lang='lat' dir='ltr'>altera</span> <span class='ocrx_word' id='word_1_263' title='bbox 756 2824 871 2863; x_wconf 81' lang='lat' dir='ltr'>nuiio</span> <span class='ocrx_word' id='word_1_264' title='bbox 898 2821 1025 2864; x_wconf 85' lang='lat' dir='ltr'><em>modo</em></span> 
     </span>
     <span class='ocr_line' id='line_1_43' title="bbox 223 2879 1026 2933; baseline 0.001 -14"><span class='ocrx_word' id='word_1_265' title='bbox 223 2885 372 2933; x_wconf 83' lang='lat' dir='ltr'>posset</span> <span class='ocrx_word' id='word_1_266' title='bbox 391 2881 560 2920; x_wconf 80' lang='lat' dir='ltr'>silentio</span> <span class='ocrx_word' id='word_1_267' title='bbox 576 2880 877 2933; x_wconf 77' lang='lat' dir='ltr'>praetermitti.</span> <span class='ocrx_word' id='word_1_268' title='bbox 912 2879 1026 2921; x_wconf 81' lang='lat' dir='ltr'><strong>Tra.-</strong></span> 
     </span>
     <span class='ocr_line' id='line_1_44' title="bbox 222 2936 1025 2992; baseline 0.001 -15"><span class='ocrx_word' id='word_1_269' title='bbox 222 2937 353 2977; x_wconf 84' lang='lat' dir='ltr'>ctavit</span> <span class='ocrx_word' id='word_1_270' title='bbox 399 2936 510 2978; x_wconf 89' lang='lat' dir='ltr'>hunc</span> <span class='ocrx_word' id='word_1_271' title='bbox 555 2940 697 2980; x_wconf 85' lang='lat' dir='ltr'>locum</span> <span class='ocrx_word' id='word_1_272' title='bbox 744 2938 1025 2992; x_wconf 84' lang='lat' dir='ltr'>philosophus</span> 
     </span>
     <span class='ocr_line' id='line_1_45' title="bbox 223 2994 1024 3050; baseline 0.003 -16"><span class='ocrx_word' id='word_1_273' title='bbox 223 2994 350 3034; x_wconf 81' lang='lat' dir='ltr'>etiam</span> <span class='ocrx_word' id='word_1_274' title='bbox 385 2995 521 3046; x_wconf 69' lang='lat' dir='ltr'><strong>Legg.</strong></span> <span class='ocrx_word' id='word_1_275' title='bbox 553 2997 614 3040; x_wconf 94' lang='lat' dir='ltr'><em>II.</em></span> <span class='ocrx_word' id='word_1_276' title='bbox 647 3010 686 3050; x_wconf 88' lang='lat' dir='ltr'><em>p.</em></span> <span class='ocrx_word' id='word_1_277' title='bbox 716 2996 815 3040; x_wconf 80' lang='lat'><em>654</em></span> <span class='ocrx_word' id='word_1_278' title='bbox 852 2996 902 3037; x_wconf 92' lang='grc' dir='ltr'><strong>Β.</strong></span> <span class='ocrx_word' id='word_1_279' title='bbox 929 3009 1024 3049; x_wconf 86' lang='lat' dir='ltr'><strong>sqq.</strong></span> 
     </span>
     <span class='ocr_line' id='line_1_46' title="bbox 221 3052 1023 3108; baseline 0.005 -17"><span class='ocrx_word' id='word_1_280' title='bbox 221 3052 281 3092; x_wconf 90' lang='grc' dir='ltr'><em>ΙΙ.</em></span> <span class='ocrx_word' id='word_1_281' title='bbox 332 3065 373 3104; x_wconf 84' lang='grc' dir='ltr'><strong>ρ.</strong></span> <span class='ocrx_word' id='word_1_282' title='bbox 429 3053 528 3097; x_wconf 85' lang='grc'><strong>669.</strong></span> <span class='ocrx_word' id='word_1_283' title='bbox 592 3056 640 3098; x_wconf 89' lang='lat' dir='ltr'><em>C.</em></span> <span class='ocrx_word' id='word_1_284' title='bbox 689 3068 782 3108; x_wconf 80' lang='lat' dir='ltr'><strong>sqq.</strong></span> <span class='ocrx_word' id='word_1_285' title='bbox 830 3054 928 3095; x_wconf 80' lang='lat' dir='ltr'><strong>VII.</strong></span> <span class='ocrx_word' id='word_1_286' title='bbox 983 3067 1023 3107; x_wconf 90' lang='lat' dir='ltr'><em>p.</em></span> 
     </span>
     <span class='ocr_line' id='line_1_47' title="bbox 224 3109 474 3163; baseline -0.025 -9"><span class='ocrx_word' id='word_1_287' title='bbox 224 3109 319 3154; x_wconf 84' lang='grc'><strong>712-</strong></span> <span class='ocrx_word' id='word_1_288' title='bbox 366 3123 474 3163; x_wconf 81' lang='lat' dir='ltr'><strong>sqq.</strong></span> 
     </span>
    </p>
   </div>
   <div class='ocr_carea' id='block_1_17' title="bbox 277 3165 1024 3214">
    <p class='ocr_par' dir='ltr' id='par_1_19' title="bbox 277 3165 1024 3214">
     <span class='ocr_line' id='line_1_48' title="bbox 277 3165 1024 3214; baseline 0.007 -9"><span class='ocrx_word' id='word_1_289' title='bbox 277 3165 581 3209; x_wconf 81' lang='grc' dir='ltr'><em>κινδυνεύω</em></span> <span class='ocrx_word' id='word_1_290' title='bbox 603 3168 881 3214; x_wconf 81' lang='grc' dir='ltr'><em>ἐκτοςτῶν</em></span> <span class='ocrx_word' id='word_1_291' title='bbox 902 3166 1024 3211; x_wconf 83' lang='grc' dir='ltr'><em>πάν-</em></span> 
     </span>
    </p>
   </div>
   <div class='ocr_carea' id='block_1_18' title="bbox 225 3219 1070 3282">
    <p class='ocr_par' dir='ltr' id='par_1_20' title="bbox 225 3219 1070 3282">
     <span class='ocr_line' id='line_1_49' title="bbox 225 3219 1070 3282; baseline 0.002 -18"><span class='ocrx_word' id='word_1_292' title='bbox 225 3238 325 3265; x_wconf 83' lang='grc' dir='ltr'><em>των</em></span> <span class='ocrx_word' id='word_1_293' title='bbox 359 3219 531 3280; x_wconf 85' lang='grc' dir='ltr'><em>εἶναι]</em></span> <span class='ocrx_word' id='word_1_294' title='bbox 572 3229 690 3281; x_wconf 82' lang='lat' dir='ltr'><em>Ego</em></span> <span class='ocrx_word' id='word_1_295' title='bbox 722 3229 891 3282; x_wconf 81' lang='lat' dir='ltr'>igitur</span> <span class='ocrx_word' id='word_1_296' title='bbox 919 3240 1026 3269; x_wconf 90' lang='lat' dir='ltr'><em>non</em></span> <span class='ocrx_word' id='word_1_297' title='bbox 1067 3262 1070 3266; x_wconf 87' lang='lat'><strong>.</strong></span> 
     </span>
    </p>
   </div>
   <div class='ocr_carea' id='block_1_19' title="bbox 221 3283 1024 3454">
    <p class='ocr_par' dir='ltr' id='par_1_21' title="bbox 221 3283 1024 3454">
     <span class='ocr_line' id='line_1_50' title="bbox 225 3283 1021 3338; baseline 0.008 -16"><span class='ocrx_word' id='word_1_298' title='bbox 225 3283 485 3324; x_wconf 85' lang='lat' dir='ltr'>videorin</span> <span class='ocrx_word' id='word_1_299' title='bbox 508 3289 741 3328; x_wconf 90' lang='lat' dir='ltr'>omnium</span> <span class='ocrx_word' id='word_1_300' title='bbox 767 3288 1021 3338; x_wconf 82' lang='lat' dir='ltr'>istorum,</span> 
     </span>
     <span class='ocr_line' id='line_1_51' title="bbox 221 3343 1020 3395; baseline 0.003 -15"><span class='ocrx_word' id='word_1_301' title='bbox 221 3353 352 3395; x_wconf 76' lang='lat' dir='ltr'><em>quos</em></span> <span class='ocrx_word' id='word_1_302' title='bbox 384 3345 439 3382; x_wconf 87' lang='lat' dir='ltr'>tu</span> <span class='ocrx_word' id='word_1_303' title='bbox 470 3343 633 3394; x_wconf 77' lang='lat' dir='ltr'>dicis,</span> <span class='ocrx_word' id='word_1_304' title='bbox 669 3357 898 3386; x_wconf 86' lang='lat' dir='ltr'>numero</span> <span class='ocrx_word' id='word_1_305' title='bbox 944 3357 1020 3385; x_wconf 81' lang='lat' dir='ltr'><em>es-</em></span> 
     </span>
     <span class='ocr_line' id='line_1_52' title="bbox 222 3399 1024 3454; baseline 0 -12"><span class='ocrx_word' id='word_1_306' title='bbox 222 3412 295 3442; x_wconf 83' lang='lat' dir='ltr'><em>se.</em></span> <span class='ocrx_word' id='word_1_307' title='bbox 338 3399 528 3454; x_wconf 76' lang='lat' dir='ltr'><strong>Respicit</strong></span> <span class='ocrx_word' id='word_1_308' title='bbox 553 3402 681 3443; x_wconf 76' lang='lat' dir='ltr'>verba</span> <span class='ocrx_word' id='word_1_309' title='bbox 702 3402 918 3443; x_wconf 69' lang='lat' dir='ltr'>Socratis:</span> <span class='ocrx_word' id='word_1_310' title='bbox 943 3402 1024 3443; x_wconf 84' lang='grc' dir='ltr'><em>πᾶς</em></span> 
     </span>
    </p>
   </div>
   <div class='ocr_carea' id='block_1_20' title="bbox 1108 1889 1948 3456">
    <p class='ocr_par' dir='ltr' id='par_1_22' title="bbox 1119 1889 1926 2004">
     <span class='ocr_line' id='line_1_53' title="bbox 1121 1889 1926 1947; baseline 0.001 -14"><span class='ocrx_word' id='word_1_311' title='bbox 1121 1890 1202 1947; x_wconf 82' lang='grc' dir='ltr'><em>ἤδη</em></span> <span class='ocrx_word' id='word_1_312' title='bbox 1234 1889 1288 1933; x_wconf 77' lang='grc' dir='ltr'><em>ἄν</em></span> <span class='ocrx_word' id='word_1_313' title='bbox 1318 1890 1442 1947; x_wconf 78' lang='grc' dir='ltr'><em>εὕροι</em></span> <span class='ocrx_word' id='word_1_314' title='bbox 1473 1894 1556 1934; x_wconf 88' lang='grc' dir='ltr'><em>κτλ.</em></span> <span class='ocrx_word' id='word_1_315' title='bbox 1589 1896 1707 1934; x_wconf 84' lang='lat' dir='ltr'><strong>Prot.</strong></span> <span class='ocrx_word' id='word_1_316' title='bbox 1752 1906 1794 1947; x_wconf 89' lang='lat' dir='ltr'><em>p.</em></span> <span class='ocrx_word' id='word_1_317' title='bbox 1824 1892 1926 1936; x_wconf 82' lang='lat'><strong>322.</strong></span> 
     </span>
     <span class='ocr_line' id='line_1_54' title="bbox 1119 1947 1650 2004; baseline 0 -11"><span class='ocrx_word' id='word_1_318' title='bbox 1119 1951 1172 1993; x_wconf 85' lang='lat' dir='ltr'><em>E.</em></span> <span class='ocrx_word' id='word_1_319' title='bbox 1205 1948 1333 1991; x_wconf 84' lang='grc' dir='ltr'><em>ἐκτὸς</em></span> <span class='ocrx_word' id='word_1_320' title='bbox 1363 1952 1448 1992; x_wconf 80' lang='grc' dir='ltr'><em>τῶν</em></span> <span class='ocrx_word' id='word_1_321' title='bbox 1478 1947 1650 2004; x_wconf 79' lang='grc' dir='ltr'><em>ὀλίγων.</em></span> 
     </span>
    </p>

    <p class='ocr_par' dir='ltr' id='par_1_23' title="bbox 1116 2005 1930 2410">
     <span class='ocr_line' id='line_1_55' title="bbox 1178 2005 1930 2061; baseline -0.003 -11"><span class='ocrx_word' id='word_1_322' title='bbox 1178 2009 1228 2052; x_wconf 90' lang='lat' dir='ltr'><em>D.</em></span> <span class='ocrx_word' id='word_1_323' title='bbox 1275 2005 1356 2050; x_wconf 87' lang='grc' dir='ltr'><em>ὅτι</em></span> <span class='ocrx_word' id='word_1_324' title='bbox 1393 2006 1449 2050; x_wconf 83' lang='grc' dir='ltr'><em>τὸ</em></span> <span class='ocrx_word' id='word_1_325' title='bbox 1485 2009 1644 2060; x_wconf 80' lang='grc' dir='ltr'><em>μέλος</em></span> <span class='ocrx_word' id='word_1_326' title='bbox 1676 2006 1736 2049; x_wconf 81' lang='grc' dir='ltr'><em>ἐκ</em></span> <span class='ocrx_word' id='word_1_327' title='bbox 1766 2009 1930 2061; x_wconf 79' lang='grc' dir='ltr'><em>τριῶν</em></span> 
     </span>
     <span class='ocr_line' id='line_1_56' title="bbox 1119 2064 1927 2121; baseline 0 -14"><span class='ocrx_word' id='word_1_328' title='bbox 1119 2064 1222 2107; x_wconf 83' lang='grc' dir='ltr'><em>ἐστι</em></span> <span class='ocrx_word' id='word_1_329' title='bbox 1254 2067 1435 2121; x_wconf 81' lang='grc' dir='ltr'><em>συγκ.]</em></span> <span class='ocrx_word' id='word_1_330' title='bbox 1468 2067 1610 2109; x_wconf 85' lang='lat' dir='ltr'>Recte</span> <span class='ocrx_word' id='word_1_331' title='bbox 1641 2067 1764 2108; x_wconf 82' lang='lat' dir='ltr'><strong>Ger.</strong></span> <span class='ocrx_word' id='word_1_332' title='bbox 1798 2066 1927 2108; x_wconf 84' lang='lat' dir='ltr'>Vos-</span> 
     </span>
     <span class='ocr_line' id='line_1_57' title="bbox 1119 2124 1924 2169; baseline 0.002 -5"><span class='ocrx_word' id='word_1_333' title='bbox 1119 2125 1208 2166; x_wconf 79' lang='lat' dir='ltr'>sius</span> <span class='ocrx_word' id='word_1_334' title='bbox 1246 2127 1438 2169; x_wconf 78' lang='lat' dir='ltr'>Institut.</span> <span class='ocrx_word' id='word_1_335' title='bbox 1480 2126 1606 2169; x_wconf 85' lang='lat' dir='ltr'><strong>Poet.</strong></span> <span class='ocrx_word' id='word_1_336' title='bbox 1649 2125 1743 2168; x_wconf 75' lang='lat' dir='ltr'><strong>libr.</strong></span> <span class='ocrx_word' id='word_1_337' title='bbox 1782 2124 1843 2167; x_wconf 92' lang='grc' dir='ltr'><em>ΙΙ,</em></span> <span class='ocrx_word' id='word_1_338' title='bbox 1886 2138 1924 2166; x_wconf 89' lang='lat' dir='ltr'><em>c.</em></span> 
     </span>
     <span class='ocr_line' id='line_1_58' title="bbox 1118 2181 1924 2237; baseline -0.004 -11"><span class='ocrx_word' id='word_1_339' title='bbox 1118 2183 1159 2226; x_wconf 88' lang='lat'><em>9.</em></span> <span class='ocrx_word' id='word_1_340' title='bbox 1199 2185 1234 2237; x_wconf 69' lang='grc' dir='ltr'><strong>ξ.</strong></span> <span class='ocrx_word' id='word_1_341' title='bbox 1266 2184 1305 2226; x_wconf 81' lang='grc'><em>2.</em></span> <span class='ocrx_word' id='word_1_342' title='bbox 1347 2197 1402 2226; x_wconf 88' lang='lat' dir='ltr'><em>ex</em></span> <span class='ocrx_word' id='word_1_343' title='bbox 1435 2182 1516 2224; x_wconf 92' lang='lat' dir='ltr'><em>hoc</em></span> <span class='ocrx_word' id='word_1_344' title='bbox 1548 2184 1645 2224; x_wconf 80' lang='lat' dir='ltr'>ioco</span> <span class='ocrx_word' id='word_1_345' title='bbox 1679 2182 1825 2224; x_wconf 83' lang='lat' dir='ltr'>docuit</span> <span class='ocrx_word' id='word_1_346' title='bbox 1854 2181 1924 2233; x_wconf 89' lang='grc' dir='ltr'><em>με’-</em></span> 
     </span>
     <span class='ocr_line' id='line_1_59' title="bbox 1117 2238 1927 2294; baseline 0 -13"><span class='ocrx_word' id='word_1_347' title='bbox 1117 2242 1193 2282; x_wconf 86' lang='grc' dir='ltr'><em>λος</em></span> <span class='ocrx_word' id='word_1_348' title='bbox 1232 2241 1329 2282; x_wconf 83' lang='lat' dir='ltr'>nihil</span> <span class='ocrx_word' id='word_1_349' title='bbox 1371 2241 1486 2283; x_wconf 82' lang='lat' dir='ltr'>aliud</span> <span class='ocrx_word' id='word_1_350' title='bbox 1528 2254 1627 2283; x_wconf 82' lang='lat' dir='ltr'>esse</span> <span class='ocrx_word' id='word_1_351' title='bbox 1673 2240 1751 2281; x_wconf 83' lang='lat' dir='ltr'>nisi</span> <span class='ocrx_word' id='word_1_352' title='bbox 1792 2238 1927 2294; x_wconf 86' lang='grc' dir='ltr'><em>λόγον</em></span> 
     </span>
     <span class='ocr_line' id='line_1_60' title="bbox 1117 2297 1923 2352; baseline 0.001 -13"><span class='ocrx_word' id='word_1_353' title='bbox 1117 2297 1348 2352; x_wconf 77' lang='grc' dir='ltr'><em>ᾀδόμενον.</em></span> <span class='ocrx_word' id='word_1_354' title='bbox 1383 2299 1496 2342; x_wconf 87' lang='lat' dir='ltr'><strong>conf.</strong></span> <span class='ocrx_word' id='word_1_355' title='bbox 1519 2298 1654 2352; x_wconf 79' lang='lat' dir='ltr'><strong>Legg.</strong></span> <span class='ocrx_word' id='word_1_356' title='bbox 1677 2297 1736 2338; x_wconf 89' lang='lat' dir='ltr'><em>Il.</em></span> <span class='ocrx_word' id='word_1_357' title='bbox 1763 2312 1802 2349; x_wconf 90' lang='lat' dir='ltr'><em>p.</em></span> <span class='ocrx_word' id='word_1_358' title='bbox 1821 2299 1923 2343; x_wconf 86' lang='lat'><strong>655.</strong></span> 
     </span>
     <span class='ocr_line' id='line_1_61' title="bbox 1116 2355 1923 2410; baseline 0.004 -12"><span class='ocrx_word' id='word_1_359' title='bbox 1116 2355 1856 2410; x_wconf 78' lang='lat' dir='ltr'><strong>A.P1utareh.deMus.p.1144.</strong></span> <span class='ocrx_word' id='word_1_360' title='bbox 1874 2360 1923 2401; x_wconf 81' lang='lat' dir='ltr'><em>A.</em></span> 
     </span>
    </p>

    <p class='ocr_par' dir='ltr' id='par_1_24' title="bbox 1108 2410 1948 3456">
     <span class='ocr_line' id='line_1_62' title="bbox 1174 2410 1948 2470; baseline -0.001 -13"><span class='ocrx_word' id='word_1_361' title='bbox 1174 2415 1279 2457; x_wconf 83' lang='grc' dir='ltr'><em>Καὶ</em></span> <span class='ocrx_word' id='word_1_362' title='bbox 1310 2411 1412 2469; x_wconf 84' lang='grc' dir='ltr'><em>μὴν</em></span> <span class='ocrx_word' id='word_1_363' title='bbox 1442 2411 1534 2470; x_wconf 86' lang='grc' dir='ltr'><em>τήν</em></span> <span class='ocrx_word' id='word_1_364' title='bbox 1566 2429 1623 2469; x_wconf 90' lang='grc' dir='ltr'><em>γε</em></span> <span class='ocrx_word' id='word_1_365' title='bbox 1642 2410 1776 2468; x_wconf 82' lang='grc' dir='ltr'><strong>ἆρμ.]</strong></span> <span class='ocrx_word' id='word_1_366' title='bbox 1809 2415 1948 2456; x_wconf 80' lang='lat' dir='ltr'><strong>Har-.</strong></span> 
     </span>
     <span class='ocr_line' id='line_1_63' title="bbox 1116 2472 1922 2527; baseline -0.001 -12"><span class='ocrx_word' id='word_1_367' title='bbox 1116 2475 1301 2516; x_wconf 82' lang='lat' dir='ltr'>moniam</span> <span class='ocrx_word' id='word_1_368' title='bbox 1361 2479 1492 2527; x_wconf 80' lang='lat' dir='ltr'>atqne</span> <span class='ocrx_word' id='word_1_369' title='bbox 1558 2472 1800 2526; x_wconf 77' lang='lat' dir='ltr'>rhythmum</span> <span class='ocrx_word' id='word_1_370' title='bbox 1861 2473 1922 2514; x_wconf 80' lang='lat' dir='ltr'><em>nit</em></span> 
     </span>
     <span class='ocr_line' id='line_1_64' title="bbox 1116 2531 1922 2583; baseline 0 -11"><span class='ocrx_word' id='word_1_371' title='bbox 1116 2545 1213 2573; x_wconf 79' lang='lat' dir='ltr'><strong>esse</strong></span> <span class='ocrx_word' id='word_1_372' title='bbox 1253 2532 1414 2574; x_wconf 83' lang='lat' dir='ltr'>debere</span> <span class='ocrx_word' id='word_1_373' title='bbox 1453 2531 1652 2572; x_wconf 82' lang='lat' dir='ltr'>similiter</span> <span class='ocrx_word' id='word_1_374' title='bbox 1695 2543 1922 2583; x_wconf 80' lang='lat' dir='ltr'><em>eompara-</em></span> 
     </span>
     <span class='ocr_line' id='line_1_65' title="bbox 1116 2588 1921 2643; baseline -0.001 -12"><span class='ocrx_word' id='word_1_375' title='bbox 1116 2595 1202 2631; x_wconf 84' lang='lat' dir='ltr'>tam</span> <span class='ocrx_word' id='word_1_376' title='bbox 1247 2596 1378 2643; x_wconf 78' lang='lat' dir='ltr'>atque</span> <span class='ocrx_word' id='word_1_377' title='bbox 1422 2590 1680 2630; x_wconf 83' lang='lat' dir='ltr'>orationem.</span> <span class='ocrx_word' id='word_1_378' title='bbox 1754 2588 1921 2631; x_wconf 83' lang='lat' dir='ltr'>Quem-</span> 
     </span>
     <span class='ocr_line' id='line_1_66' title="bbox 1114 2646 1921 2689; baseline -0.001 0"><span class='ocrx_word' id='word_1_379' title='bbox 1114 2647 1348 2689; x_wconf 79' lang='lat' dir='ltr'>admodum</span> <span class='ocrx_word' id='word_1_380' title='bbox 1383 2648 1496 2688; x_wconf 90' lang='lat' dir='ltr'>enim</span> <span class='ocrx_word' id='word_1_381' title='bbox 1539 2659 1595 2688; x_wconf 84' lang='lat' dir='ltr'><em>ex</em></span> <span class='ocrx_word' id='word_1_382' title='bbox 1632 2646 1703 2687; x_wconf 83' lang='lat' dir='ltr'><em>ina</em></span> <span class='ocrx_word' id='word_1_383' title='bbox 1741 2660 1921 2688; x_wconf 81' lang='lat' dir='ltr'>exeme-</span> 
     </span>
     <span class='ocr_line' id='line_1_67' title="bbox 1113 2704 1921 2758; baseline -0.004 -11"><span class='ocrx_word' id='word_1_384' title='bbox 1113 2711 1212 2747; x_wconf 87' lang='lat' dir='ltr'>runt</span> <span class='ocrx_word' id='word_1_385' title='bbox 1254 2719 1306 2748; x_wconf 66' lang='grc' dir='ltr'><em>εει</em></span> <span class='ocrx_word' id='word_1_386' title='bbox 1346 2706 1512 2757; x_wconf 80' lang='lat' dir='ltr'>omnia,</span> <span class='ocrx_word' id='word_1_387' title='bbox 1562 2716 1675 2757; x_wconf 84' lang='lat' dir='ltr'><strong>quae</strong></span> <span class='ocrx_word' id='word_1_388' title='bbox 1716 2704 1921 2758; x_wconf 78' lang='lat' dir='ltr'>probitati</span> 
     </span>
     <span class='ocr_line' id='line_1_68' title="bbox 1114 2761 1917 2805; baseline -0.002 0"><span class='ocrx_word' id='word_1_389' title='bbox 1114 2768 1159 2805; x_wconf 86' lang='lat' dir='ltr'>et</span> <span class='ocrx_word' id='word_1_390' title='bbox 1188 2776 1319 2805; x_wconf 77' lang='lat' dir='ltr'>verae</span> <span class='ocrx_word' id='word_1_391' title='bbox 1360 2763 1505 2803; x_wconf 85' lang='lat' dir='ltr'>virtuti</span> <span class='ocrx_word' id='word_1_392' title='bbox 1546 2761 1765 2803; x_wconf 83' lang='lat' dir='ltr'>adversari</span> <span class='ocrx_word' id='word_1_393' title='bbox 1796 2761 1917 2803; x_wconf 83' lang='lat' dir='ltr'>vide-</span> 
     </span>
     <span class='ocr_line' id='line_1_69' title="bbox 1112 2820 1918 2871; baseline -0.002 -9"><span class='ocrx_word' id='word_1_394' title='bbox 1112 2828 1280 2871; x_wconf 81' lang='lat' dir='ltr'>rentur,</span> <span class='ocrx_word' id='word_1_395' title='bbox 1315 2821 1374 2862; x_wconf 84' lang='lat' dir='ltr'><em>ita</em></span> <span class='ocrx_word' id='word_1_396' title='bbox 1407 2822 1537 2862; x_wconf 86' lang='lat' dir='ltr'>etiam</span> <span class='ocrx_word' id='word_1_397' title='bbox 1573 2833 1599 2860; x_wconf 87' lang='lat' dir='ltr'>a</span> <span class='ocrx_word' id='word_1_398' title='bbox 1631 2820 1792 2860; x_wconf 77' lang='lat' dir='ltr'>musica</span> <span class='ocrx_word' id='word_1_399' title='bbox 1815 2824 1918 2860; x_wconf 71' lang='lat' dir='ltr'>cen-</span> 
     </span>
     <span class='ocr_line' id='line_1_70' title="bbox 1112 2877 1919 2928; baseline -0.004 -8"><span class='ocrx_word' id='word_1_400' title='bbox 1112 2885 1180 2921; x_wconf 83' lang='lat' dir='ltr'>set</span> <span class='ocrx_word' id='word_1_401' title='bbox 1212 2877 1475 2920; x_wconf 79' lang='lat' dir='ltr'>removenda</span> <span class='ocrx_word' id='word_1_402' title='bbox 1514 2890 1613 2919; x_wconf 76' lang='lat' dir='ltr'>esse</span> <span class='ocrx_word' id='word_1_403' title='bbox 1659 2890 1771 2928; x_wconf 84' lang='lat' dir='ltr'><strong>quae</strong></span> <span class='ocrx_word' id='word_1_404' title='bbox 1804 2877 1919 2918; x_wconf 80' lang='lat' dir='ltr'>vitae</span> 
     </span>
     <span class='ocr_line' id='line_1_71' title="bbox 1112 2935 1916 2987; baseline -0.006 -8"><span class='ocrx_word' id='word_1_405' title='bbox 1112 2937 1254 2986; x_wconf 78' lang='lat' dir='ltr'>molli,</span> <span class='ocrx_word' id='word_1_406' title='bbox 1295 2936 1558 2984; x_wconf 75' lang='lat' dir='ltr'>desidiosae,</span> <span class='ocrx_word' id='word_1_407' title='bbox 1614 2935 1916 2987; x_wconf 81' lang='lat' dir='ltr'>intemperanti</span> 
     </span>
     <span class='ocr_line' id='line_1_72' title="bbox 1109 2992 1916 3048; baseline -0.006 -11"><span class='ocrx_word' id='word_1_408' title='bbox 1109 2995 1256 3048; x_wconf 77' lang='lat' dir='ltr'>aliquo</span> <span class='ocrx_word' id='word_1_409' title='bbox 1276 2994 1406 3035; x_wconf 90' lang='lat' dir='ltr'>modo</span> <span class='ocrx_word' id='word_1_410' title='bbox 1437 2993 1623 3034; x_wconf 79' lang='lat' dir='ltr'><strong>faveant.</strong></span> <span class='ocrx_word' id='word_1_411' title='bbox 1679 2992 1916 3034; x_wconf 88' lang='lat' dir='ltr'>Discrimen</span> 
     </span>
     <span class='ocr_line' id='line_1_73' title="bbox 1109 3049 1917 3103; baseline -0.004 -9"><span class='ocrx_word' id='word_1_412' title='bbox 1109 3052 1356 3095; x_wconf 81' lang='lat' dir='ltr'>harmoniae</span> <span class='ocrx_word' id='word_1_413' title='bbox 1416 3055 1460 3091; x_wconf 82' lang='lat' dir='ltr'>et</span> <span class='ocrx_word' id='word_1_414' title='bbox 1508 3049 1689 3103; x_wconf 78' lang='lat' dir='ltr'>rhythmi</span> <span class='ocrx_word' id='word_1_415' title='bbox 1751 3051 1917 3102; x_wconf 84' lang='lat' dir='ltr'>optime</span> 
     </span>
     <span class='ocr_line' id='line_1_74' title="bbox 1108 3108 1913 3162; baseline -0.005 -11"><span class='ocrx_word' id='word_1_416' title='bbox 1108 3111 1359 3162; x_wconf 72' lang='lat' dir='ltr'>intelligitur</span> <span class='ocrx_word' id='word_1_417' title='bbox 1405 3122 1428 3148; x_wconf 83' lang='lat' dir='ltr'>e</span> <span class='ocrx_word' id='word_1_418' title='bbox 1468 3108 1605 3162; x_wconf 74' lang='lat' dir='ltr'><strong>Legg.</strong></span> <span class='ocrx_word' id='word_1_419' title='bbox 1639 3108 1699 3149; x_wconf 88' lang='lat'><em>11.</em></span> <span class='ocrx_word' id='word_1_420' title='bbox 1742 3123 1782 3159; x_wconf 83' lang='lat' dir='ltr'><em>p.</em></span> <span class='ocrx_word' id='word_1_421' title='bbox 1812 3108 1913 3153; x_wconf 88' lang='grc'><strong>665.</strong></span> 
     </span>
     <span class='ocr_line' id='line_1_75' title="bbox 1109 3163 1913 3235; baseline -0.006 -25"><span class='ocrx_word' id='word_1_422' title='bbox 1109 3170 1173 3210; x_wconf 79' lang='lat' dir='ltr'><em>A:</em></span> <span class='ocrx_word' id='word_1_423' title='bbox 1207 3168 1256 3219; x_wconf 84' lang='grc' dir='ltr'><em>τῇ</em></span> <span class='ocrx_word' id='word_1_424' title='bbox 1284 3166 1329 3207; x_wconf 85' lang='grc' dir='ltr'><em>δὲ</em></span> <span class='ocrx_word' id='word_1_425' title='bbox 1353 3167 1427 3219; x_wconf 84' lang='grc' dir='ltr'><em>τῆς</em></span> <span class='ocrx_word' id='word_1_426' title='bbox 1458 3163 1667 3235; x_wconf 79' lang='grc' dir='ltr'><em>κινήσεως</em></span> <span class='ocrx_word' id='word_1_427' title='bbox 1695 3164 1808 3218; x_wconf 78' lang='grc' dir='ltr'><em>τάξει</em></span> <span class='ocrx_word' id='word_1_428' title='bbox 1839 3181 1913 3220; x_wconf 82' lang='grc' dir='ltr'><em>ρυ-</em></span> 
     </span>
     <span class='ocr_line' id='line_1_76' title="bbox 1109 3218 1912 3277; baseline -0.004 -10"><span class='ocrx_word' id='word_1_429' title='bbox 1109 3223 1269 3277; x_wconf 78' lang='grc' dir='ltr'><em>θμὸς”</em></span> <span class='ocrx_word' id='word_1_430' title='bbox 1244 3238 1399 3275; x_wconf 89' lang='grc' dir='ltr'><em>ονομα·</em></span> <span class='ocrx_word' id='word_1_431' title='bbox 1437 3225 1487 3276; x_wconf 83' lang='grc' dir='ltr'><em>τῇ</em></span> <span class='ocrx_word' id='word_1_432' title='bbox 1506 3219 1542 3264; x_wconf 85' lang='grc' dir='ltr'><em>δ’</em></span> <span class='ocrx_word' id='word_1_433' title='bbox 1566 3218 1621 3265; x_wconf 79' lang='grc' dir='ltr'><em>αὖ</em></span> <span class='ocrx_word' id='word_1_434' title='bbox 1646 3225 1722 3277; x_wconf 82' lang='grc' dir='ltr'><em>τῆς</em></span> <span class='ocrx_word' id='word_1_435' title='bbox 1746 3225 1912 3277; x_wconf 87' lang='grc' dir='ltr'><em>φωνῆς,</em></span> 
     </span>
     <span class='ocr_line' id='line_1_77' title="bbox 1108 3278 1915 3336; baseline -0.004 -11"><span class='ocrx_word' id='word_1_436' title='bbox 1108 3284 1190 3325; x_wconf 82' lang='grc' dir='ltr'><em>τοῦ</em></span> <span class='ocrx_word' id='word_1_437' title='bbox 1235 3298 1278 3323; x_wconf 91' lang='grc' dir='ltr'><em>τε</em></span> <span class='ocrx_word' id='word_1_438' title='bbox 1328 3278 1455 3335; x_wconf 77' lang='grc' dir='ltr'><em>ὀξέος</em></span> <span class='ocrx_word' id='word_1_439' title='bbox 1505 3297 1588 3333; x_wconf 86' lang='grc' dir='ltr'><em>αμα</em></span> <span class='ocrx_word' id='word_1_440' title='bbox 1638 3283 1706 3323; x_wconf 83' lang='grc' dir='ltr'><em>καὶ</em></span> <span class='ocrx_word' id='word_1_441' title='bbox 1751 3282 1915 3336; x_wconf 80' lang='grc' dir='ltr'><em>βαρέος</em></span> 
     </span>
     <span class='ocr_line' id='line_1_78' title="bbox 1110 3338 1915 3397; baseline -0.005 -13"><span class='ocrx_word' id='word_1_442' title='bbox 1110 3340 1531 3396; x_wconf 81' lang='grc' dir='ltr'><em>συγκεραννυμένων,</em></span> <span class='ocrx_word' id='word_1_443' title='bbox 1544 3338 1751 3397; x_wconf 78' lang='grc' dir='ltr'><em>άρμονιας</em></span> <span class='ocrx_word' id='word_1_444' title='bbox 1774 3338 1915 3391; x_wconf 84' lang='grc' dir='ltr'><em>ὄνομα</em></span> 
     </span>
     <span class='ocr_line' id='line_1_79' title="bbox 1111 3398 1909 3456; baseline -0.005 -15"><span class='ocrx_word' id='word_1_445' title='bbox 1111 3398 1493 3456; x_wconf 77' lang='grc' dir='ltr'><em>προςαγορεύοιτο.</em></span> <span class='ocrx_word' id='word_1_446' title='bbox 1520 3399 1645 3442; x_wconf 80' lang='lat' dir='ltr'><strong>Conf.</strong></span> <span class='ocrx_word' id='word_1_447' title='bbox 1669 3398 1833 3442; x_wconf 75' lang='lat' dir='ltr'><strong>Phileb.</strong></span> <span class='ocrx_word' id='word_1_448' title='bbox 1868 3411 1909 3452; x_wconf 90' lang='lat' dir='ltr'><em>p.</em></span> 
     </span>
    </p>
   </div>
   <div class='ocr_carea' id='block_1_21' title="bbox 2027 2143 2098 3658">
    <p class='ocr_par' dir='ltr' id='par_1_25' title="bbox 2027 2143 2098 3658">
     <span class='ocr_line' id='line_1_80' title="bbox 2027 2143 2098 3658; baseline 0 0"><span class='ocrx_word' id='word_1_449' title='bbox 2027 2143 2098 3658; x_wconf 95' lang='lat' dir='ltr'><em> </em></span> 
     </span>
    </p>
   </div>
  </div>
 </body>
</html>
