2124 3744
266 220 359 270 102
882 215 1364 269 PLATONIS

257 361 422 428 ἥλιον
466 358 776 430 ὁμοιότητα
821 354 894 416 αὖ
940 361 1166 427 διεξιών,
1214 363 1263 416 εἴ
1306 381 1380 434 πῃ
1418 357 1753 424 ἀπολείπεις.
1793 360 1960 415 Ἀλλά

260 444 390 514 μήν,
436 442 606 509 εἶπον,
653 443 825 515 συχνοὶ
873 467 930 514 γε
975 444 1277 501 ἀπολείπω,
1364 445 1524 507 Μηδὲ
1571 442 1806 514 σμικρὸν
1850 451 1964 500 τοί-

264 550 393 593 νυν,
436 532 569 602 ἔφη,
628 533 962 606 παραλίπῃς.
1051 527 1220 599 Οἶμαι
1262 535 1388 598 μέν,
1446 518 1518 592 ἦν
1574 525 1622 579 δ’
1675 527 1807 597 ἐγώ,
1872 533 1965 583 καὶ

264 611 444 669 πολύ·
491 609 640 682 ὅμως
685 616 756 678 δέ,
803 611 907 668 ὅσα
951 612 991 680 γ’
1045 620 1103 667 ἐν
1146 615 1223 682 τῷ
1255 611 1497 680 παρόντι
1535 612 1791 677 δυνατόν,
1828 613 1966 667 ἑκών

161 696 216 749 D
271 696 374 753 οὐκ
413 695 724 772 ἀπολείψω.
816 696 917 764 Μὴ
960 697 1096 769 γάρ,
1142 701 1265 770 ἔφη.
1355 692 1586 760 Νόησον
1634 705 1851 760 τοίνυν,
1896 719 1967 764 ην

269 781 316 837 δ’
374 780 508 852 ἐγώ,
569 779 746 852 ὥςπερ
793 785 1045 851 λέγομεν,
1100 781 1201 836 δύο
1251 776 1401 834 αὐτώ
1451 778 1623 844 εἶναι,
1671 804 1760 836 και
1805 784 1968 851 βασι-

266 865 442 920 λεύειν
486 863 550 920 τὸ
596 870 697 935 μὲν
739 869 951 931 νοητοῦ
998 870 1187 931 γένους
1230 886 1287 918 τε
1331 865 1424 917 καὶ
1468 863 1663 927 τόπου,
1709 863 1772 920 τὸ
1809 864 1852 920 δ’
1894 858 1966 919 αὗ

264 947 494 1020 ὁρατοῦ,
539 954 634 1004 ἱνα
677 973 753 1021 μη
802 949 1048 1019 οὐρανοῦ
1096 947 1263 1003 είπών
1304 946 1440 1013 δόξω
1497 965 1586 1001 σοι
1629 953 1971 1023 σοφίζεσθαι,

263 1037 389 1105 περὶ
433 1031 497 1089 τὸ
547 1031 747 1104 ὄνομα.
792 1033 907 1089 ἀλλ’
963 1026 1064 1089 οὗν
1093 1039 1225 1104 ἔχεις
1261 1035 1437 1086 ταῦτα
1467 1029 1625 1085 διττὰ
1668 1035 1800 1101 ε’ίδη,
1835 1032 1971 1104 ‹39oe-

265 1116 384 1184 τόν,
430 1120 670 1189 νοητόν·,
702 1117 864 1190 ”Εχω.
913 1117 1130 1189 (Ὠςπερ
1174 1122 1368 1173 τοίνυν
1407 1113 1671 1186 γραμμὴν
1718 1122 1841 1190 δίχα
1888 1140 1969 1173 τε·

383 1283 433 1323 Ι).
481 1281 578 1324 δύο
622 1278 759 1323 αυτώ
801 1277 966 1334 εἶναι]
1029 1280 1120 1322 δύω
1162 1283 1262 1324 Par.
1297 1282 1347 1320 A.
1390 1285 1436 1319 ut
1468 1278 1562 1319 Lib.
1600 1278 1647 1321 V.
1687 1293 1714 1333 p
1768 1281 1868 1325 472
1919 1286 1968 1322 A

264 1341 337 1382 ubi
367 1353 406 1384 v.
438 1340 638 1383 Schneid.
676 1342 780 1382 Dein
815 1337 1010 1408 οὐρανὸν
1050 1344 1145 1380 Par.
1178 1341 1236 1382 A
1287 1336 1499 1391 probante
1537 1336 1691 1380 Herm.

381 1396 557 1450 λαβὼν
596 1393 718 1451 [α’ν]
753 1400 840 1439 ἴσα
872 1394 1137 1452 τμήματα]
1171 1397 1228 1437 V.
1251 1392 1392 1441 ἄνισα,
1423 1393 1539 1446 quod
1574 1395 1701 1436 etiam
1729 1395 1868 1436 Bekk.
1902 1399 1969 1435 te-

263 1456 372 1497 nuit.
416 1457 574 1509 Augei.
608 1456 671 1497 εἰς
710 1457 795 1499 ι’σα
829 1456 945 1497 Flor.
985 1469 1024 1496 a.
1059 1469 1093 1496 c.
1129 1469 1168 1495 α.
1206 1468 1244 1507 γ.
1281 1466 1321 1495 x,
1356 1467 1410 1491 αν
1441 1452 1694 1504 Z‘oa,q110d
1726 1451 1970 1502 Benedict„

263 1514 417 1564 Geer„
465 1516 558 1554 Ast.
593 1515 891 1555 restituerunt.
923 1514 1088 1567 Scripsi
1130 1507 1220 1566 [ἄν]
1257 1512 1340 1551 ἴσα.
1374 1522 1412 1552 v,
1444 1514 1590 1550 annot.
1623 1510 1739 1552 Dein
1769 1508 1972 1563 ἑκάτερον

265 1572 402 1624 τμῆμα
433 1573 599 1612 omisso
629 1571 676 1612 τὸ
708 1572 808 1613 Par.
841 1572 930 1612 ΑΚ.
966 1573 1064 1614 vat.
1100 1584 1155 1614 m.

379 1631 665 1684 σαφηνείᾳ
696 1631 780 1670 καὶ
814 1625 1059 1683 ἀσαφείᾳ
1092 1625 1228 1682 πρὸς
1259 1623 1494 1678 ἄλληλα]
1533 1626 1606 1666 Sic
1639 1624 1739 1667 Par
1774 1626 1825 1665 A.
1850 1623 1968 1666 Flor.

263 1743 493 1786 movenda.
525 1745 716 1785 Prorsus
748 1744 902 1786 eodem
938 1743 1070 1785 modo

264 1802 439 1845 Menon.
473 1816 513 1855 p.
548 1803 619 1846 86.
654 1803 715 1863 Ε.
747 1803 782 1842 εἰ
811 1799 876 1853 μή
906 1819 950 1843 τι
976 1800 1068 1853 οὖν,

260 1856 366 1900 α’λλὰ
403 1854 583 1913 σμικρόν
621 1859 670 1913 γέ
707 1873 780 1910 μοι
820 1860 898 1913 τῆς
938 1854 1071 1912 ἀρχῆς

260 1914 467 1969 χάλασον,
504 1919 575 1959 ubi
611 1918 896 1959 Heusdius
948 1917 1068 1959 huius

262 1978 344 2017 ioci
384 1976 615 2018 immemor
646 1976 777 2016 scribi
817 1975 992 2016 iubebat
1032 1974 1075 2015 εἰ

261 2031 319 2086 μή
358 2048 394 2074 τι
426 2027 508 2074 οὖν
539 2030 661 2080 ἄλλο,
703 2030 883 2087 σμικρὸν
913 2046 977 2085 γε.
1011 2056 1064 2063 -

264 2090 365 2132 Hoc
409 2091 534 2133 dicit:
596 2090 717 2132 Noli
771 2090 1066 2141 desinere,

263 2161 290 2189 ο
332 2148 620 2198 Socrates,
676 2147 721 2188 si
770 2160 869 2189 non
914 2147 1065 2189 aliud

261 2205 413 2261 quid,
469 2211 526 2248 at
571 2210 725 2246 certe
786 2218 1065 2259 compara-

261 2263 459 2306 tionem
529 2264 683 2304 iliam
757 2276 871 2304 cum
934 2264 1067 2304 sole

260 2317 457 2362 rursus
506 2321 792 2374 persequi,
863 2319 905 2360 si
962 2333 1065 2373 qua

260 2378 468 2430 aiiquid
512 2379 788 2430 reliquum
827 2377 962 2418 facis
998 2378 1063 2418 vei

259 2435 713 2507 praetermisisti.
798 2435 842 2476 ln
883 2448 968 2504 qno
1011 2448 1065 2476 ne

254 2493 354 2546 quis
385 2492 624 2535 desideret.
657 2493 704 2533 εἴ
725 2488 793 2544 πῄ
815 2507 863 2532 τι
893 2485 1065 2534 ἀπολεί-

257 2561 365 2599 πεις,
369 2549 522 2593 eodem
557 2550 689 2592 modo
730 2551 821 2592 sine
849 2550 1064 2591 accusa-ti-

253 2620 310 2649 vo
343 2608 501 2649 obiecti
521 2609 667 2650 atatim
690 2613 807 2662 post:
840 2604 952 2648 ἑκών
981 2602 1065 2650 οὐκ

252 2661 489 2716 ἀπολείψω.

312 2718 479 2774 Οἶμαι
521 2721 611 2773 μέν
645 2745 701 2751 -
734 2722 819 2762 καὶ
858 2719 1025 2763 πολύ·
1044 2722 1063 2776 ]

252 2781 396 2825 Inteli.
440 2781 730 2835 παραλείψειν.
805 2781 1064 2821 Arbitror

250 2838 493 2891 quidem,
552 2837 716 2891 inquit,
777 2837 1058 2880 admodum

253 2898 476 2938 muitum
516 2909 592 2937 me
637 2907 763 2935 esse
813 2901 1056 2947 praeter—

251 2954 557 2996 missurum.
607 2951 716 2993 Nam
752 2954 827 2992 καί
851 2958 950 2994 ante
981 2965 1058 2993 πο-

251 3008 303 3051 λύ
333 3011 520 3064 augendi
555 3011 624 3051 vel
646 3009 897 3051 intendendi
915 3010 955 3051 vi
978 3023 1058 3059 po-

250 3069 396 3109 situm.
431 3068 606 3110 Menon.
646 3080 689 3119 p.
722 3067 792 3111 99
833 3067 891 3107 C:
933 3062 1058 3108 οὗτοι

250 3123 424 3178 λέγουσι
474 3123 551 3174 μὲν
596 3118 742 3178 ἀληθῆ
788 3124 858 3165 καὶ
903 3123 1054 3167 πολλοί.

248 3181 380 3223 Plura
412 3182 532 3224 dabit
550 3181 741 3225 Elmsi.
772 3183 826 3223 ad
851 3183 1052 3225 Medeam

251 3252 358 3337 vD.
421 3292 590 3349 ὥςπερ
643 3296 904 3349 λέγομεν]
959 3298 1054 3338 wie

246 3361 462 3407 κόμαις
501 3369 540 3395 ν.
581 3353 637 3394 ad
674 3356 861 3406 Apoiog.
903 3368 944 3408 p.
982 3354 1052 3398 21.

246 3416 298 3453 A.
367 3410 440 3453 De
487 3411 629 3454 verbis
679 3409 749 3451 ἵνα
796 3408 852 3464 μὴ
918 3409 1053 3465 οὐρα-

244 3469 329 3509 νοῦ
395 3468 529 3512 εἰπών
594 3466 1068 3512 Schieiermacii..v

1159 1739 1461 1792 „Niimlich
1505 1740 1596 1781 das
1644 1739 1874 1792 Spieien
1918 1741 1968 1781 in

1160 1798 1382 1839 Worten
1427 1798 1568 1851 liegt
1615 1796 1726 1839 hier
1763 1797 1816 1838 in
1850 1797 1968 1839 dem

1156 1855 1534 1925 Gieichkiang
1579 1868 1679 1896 von
1717 1849 1970 1908 οὐρανός

1156 1912 1256 1954 und
1306 1908 1528 1966 ὁρατόν.
1591 1911 1661 1954 Im
1696 1913 1967 1968 Kratyios

1156 1970 1335 2012 findet
1365 1970 1476 2012 sich
1509 1983 1549 2023 p.
1583 1970 1651 2014 30.
1689 1970 1770 2011 ed.
1799 1971 1964 2013 Bekk.

1155 2027 1466 2079 iihffliches,
1499 2028 1679 2069 indem
1715 2025 1967 2081 οὐρανός

1153 2085 1469 2137 abgeleitet
1515 2085 1645 2127 wird
1695 2099 1794 2127 von
1836 2084 1966 2138 ὄψις

1154 2139 1339 2196 ὁρῶσα
1386 2140 1446 2183 τὰ
1494 2141 1617 2184 ἅνω.
1678 2142 1788 2184 Nur
1833 2145 1963 2186 wird

1152 2213 1209 2241 es
1243 2199 1374 2242 dort
1407 2203 1458 2241 in
1487 2201 1963 2256 Zuaammenhang

1152 2258 1322 2299 damit
1363 2258 1660 2311 gebracht,
1707 2259 1831 2300 dass
1867 2260 1963 2302 der

1151 2316 1313 2356 reine
1345 2316 1512 2357 Geist
1553 2329 1654 2357 von
1686 2318 1821 2359 oben
1869 2316 1963 2360 her

1149 2374 1385 2424 kommt,
1434 2372 1796 2428 wohingegen
1845 2374 1963 2417 hier

1151 2429 1499 2473 derHimmei
1533 2432 1664 2473 eber
1693 2433 1811 2474 dem
1836 2433 1958 2475 Rei·

1151 2489 1253 2529 che
1284 2488 1376 2529 des
1400 2489 1638 2532 Geistes
1666 2494 1960 2544 entgegen·

1149 2551 1383 2614 gesetzt
1414 2546 1559 2590 wird.
1566 2549 1598 2570 ‘⁶

1210 2596 1311 2656 [ἄν]
1354 2603 1440 2644 ἴσα
1479 2603 1749 2658 τμήματα]
1817 2605 1956 2661 Vulgo

1149 2659 1294 2702 ἄνισα.
1343 2660 1591 2703 Ficinua:
1625 2663 1866 2715 proinde
1897 2679 1957 2707 ac

1151 2719 1198 2759 ai
1270 2721 1567 2773 acceperis
1630 2721 1832 2762 lineam
1896 2724 1955 2764 in

1148 2776 1281 2817 duas
1304 2779 1581 2830 aequales
1602 2783 1814 2819 sectam
1837 2793 1953 2832 por

1149 2834 1350 2878 tiones.
1413 2834 1543 2888 Legit
1590 2835 1720 2887 igitur
1767 2836 1840 2876 ι”σα
1886 2842 1954 2881 ve!

1148 2890 1211 2932 εἰς
1237 2892 1328 2933 ἴσα.
1379 2890 1515 2932 Cuius
1545 2893 1742 2934 lectionis
1774 2897 1953 2950 vestigia

1145 2950 1344 2990 referunt
1373 2949 1503 2992 codd.
1533 2951 1608 3002 qui
1641 2946 1698 2990 ἄν
1729 2951 1801 2992 ἴσα
1828 2959 1952 2994 tuen·

1145 3014 1237 3058 tur,
1279 3013 1410 3059 atque
1442 3007 1632 3060 Angelic.
1678 3009 1749 3060 qui
1794 3010 1952 3062 liquido

1141 3063 1206 3105 als·
1236 3065 1307 3105 ἴσα
1326 3063 1457 3105 habet
1486 3065 1791 3118 perscriptum.
1827 3070 1951 3110 Anti-

1142 3134 1271 3176 quam
1302 3122 1442 3162 fuisse
1465 3121 1582 3162 litem
1605 3122 1659 3163 de
1689 3124 1771 3165 hac
1794 3127 1950 3168 lectio-

1138 3182 1204 3221 nis
1234 3178 1504 3228 diversitate,
1538 3192 1591 3220 ex
1612 3179 1757 3225 Scito!
1779 3182 1831 3223 ad
1857 3183 1934 3225 Ιι.1

1139 3242 1272 3291 patet.
1304 3236 1394 3277 Sed
1420 3232 1550 3276 ἄνισα
1580 3239 1814 3282 manifesto
1843 3185 1952 3295 legilt

1139 3301 1294 3336 auctor
1353 3292 1668 3342 Quaestionum
1743 3298 1948 3342 Platonn.

1138 3365 1253 3405 quae
1305 3351 1387 3391 sub
1435 3351 1729 3396 Plutarchi
1779 3358 1949 3398 nomine

1139 3409 1563 3463 circumferunturp.
1582 3411 1711 3457 1001.
1737 3413 1843 3453 B.C.
1873 3415 1946 3466 qui

1141 3465 1267 3508 ἄνισα
1287 3467 1443 3509 exinde
1463 3470 1668 3522 explicat,
1687 3470 1802 3523 quod
1823 3483 1944 3513 mun-
