2098 3658
31 2746 69 2989 l

35 3022 65 3159 ἶ

243 199 349 256 DE
392 199 836 255 REPUBIACA
893 199 1044 253 [ΑΒ.
1089 200 1194 255 111.
1247 201 1308 255 Ρ.
1346 203 1466 255 389.
1511 201 1591 255 St.
1683 205 1782 256 227

206 348 367 403 Ἀλλὰ
405 347 521 418 μὴν·
557 351 657 403 «καὶ
700 346 988 414 ἀλήθειάν
1013 370 1078 417 γε
1114 353 1237 420 περὶ
1265 352 1479 406 πολλοῦ
1506 356 1783 417 ποιητέον.

14 499 17 523 ·,
83 440 129 491 εὶ
170 431 284 504 γὰρ
327 432 525 503 ὀρθῶς
561 436 814 502 ἐλέγομεν
856 428 1004 503 ἄρτι,
1027 437 1120 487 καὶ
1165 436 1241 503 τῷ
1286 431 1410 490 ὄντι
1450 438 1658 491 θεοῖσιἶ
1679 438 1785 506 μὲν

14 563 17 574 .
81 516 365 590 ἄχρηστον
403 519 628 593 ψεῦδος,
652 515 991 589 ἀνθρώποις
1013 520 1071 573 δὲ
1103 518 1381 590 χρήσιμον
1422 517 1495 584 ὡς
1542 527 1600 574 ἐν
1636 541 1785 595 qap-

82 603 269 675 μάκου
295 602 440 671 εἵᾷει,
465 604 657 667 δῆλον,
686 599 874 657 ὅτιτό
899 623 959 670 ys
1004 605 1271 659 τοιοῦτον
1314 610 1530 674 ἰατροῖς
1573 607 1786 669 δοτέον,

85 688 335 751 ἰδιώταις
377 689 435 741 δὲ
480 682 585 756 οὐχ
627 684 856 742 ἁπτέον.
919 688 1124 754 Δῆλον,
1172 692 1294 763 ἔφη.
1360 691 1492 751 Τοῖς
1538 685 1783 760 ἄρχουσι,

84 771 153 841 δὴ
196 775 297 840 τῆς
337 767 579 839 πόλεως,
621 771 773 842 εἴπερ
817 779 962 826 τισὶν
1004 767 1224 837 ἄλλοις,
1271 771 1532 844 προςήκει
1587 775 1784 846 ψεύδε-

83 862 230 914 σθαι
276 853 623 925 ἢπολεμίων
678 851 714 922 ἢ
768 858 1012 911 πολιτῶν
1068 860 1227 912 ἕνεκα
1289 857 1363 913 ἐπ’
1412 855 1788 933 ὠφελείᾳ-τῆς

84 940 321 1008 πόλεως·
391 950 512 1004 τοῖς
572 943 629 997 δὲ
677 938 874 1005 ἄλλοις
905 942 1079 997 πᾶσιν
1110 940 1228 1013 ὀὐχ
1268 940 1480 999 ἁπτέον
1527 944 1628 997 τοῦ
1670 957 1790 998 τοι·

86 1102 153 1194 Ξει
193 1094 400 1162 dubium,
437 1095 543 1147 quin
582 1106 639 1135 ex
676 1094 951 1146 grammatici
995 1094 1182 1135 alicuius
1227 1096 1520 1136 annotatione
1569 1098 1789 1149 originem

119 1162 279 1194 uxent.

202 1211 255 1252 B.
314 1211 399 1251 καὶ
428 1209 498 1262 τῷ
529 1206 644 1249 ὄντι
663 1207 889 1262 θεοῖσι]
925 1207 983 1247 V.
1014 1206 1155 1261 θεοῖς.
1186 1209 1305 1262 quod
1337 1223 1360 1251 e
1391 1210 1492 1252 Par.
1527 1212 1583 1252 A.
1610 1210 1786 1254 Diiebn.

90 1270 192 1312 Vat.
227 1267 276 1314 Θ.
312 1274 418 1311 ven.
450 1267 503 1309 Π.
538 1268 675 1309 vind.
709 1267 864 1308 Ambr.
894 1267 996 1308 aliis
1026 1273 1253 1310 mutatum.

88 1399 277 1453 subinde
296 1399 613 1439 conceduntur.
659 1397 895 1437 Praeterea

89 1459 336 1499 detestatur
364 1456 659 1510 philosophus
692 1468 773 1508 per
801 1467 894 1494 om·

982 1395 1051 1436 vel
1105 1395 1336 1448 religionis
1386 1393 1667 1438 Christianae
1718 1390 1786 1437 vel

980 1454 1110 1496 etiam
1126 1454 1326 1496 cultioris
1348 1453 1637 1496 humanitatis
1658 1456 1790 1497 bene·

90 1517 167 1558 nia
194 1516 398 1557 fictiones
445 1528 542 1555 cum
573 1514 725 1567 aliqua
755 1513 893 1566 turpi-

89 1575 243 1615 tudine
293 1575 574 1624 coniunctas,
642 1579 691 1612 ut
735 1578 895 1623 turpe

92 1633 367 1675 mendacium
402 1638 521 1673 certe
550 1630 719 1683 ubique
749 1641 892 1671 remo·

92 1698 185 1733 tum
214 1691 340 1741 velit,
370 1695 524 1744 utpote
553 1688 777 1730 honestati
809 1687 892 1728 ini-

94 1750 267 1791 micum.
335 1747 467 1797 Quod
505 1759 610 1788 sane
663 1748 899 1799 aliquanto

94 1809 251 1849 melius
279 1812 347 1847 est
378 1819 510 1859 quam
545 1804 665 1858 quod
696 1805 900 1845 homines

95 1866 276 1920 quidam
296 1863 542 1906 Christiani
573 1862 768 1904 nominis
797 1874 900 1903 sua-

94 1929 268 1974 serunt,
300 1923 406 1964 boni
435 1922 606 1975 opinati
643 1933 801 1961 caussa
828 1919 900 1961 vel

94 1982 320 2027 dirissima
338 1981 506 2022 scelera
516 1980 731 2021 committi
751 1980 899 2019 licere.

96 2039 359 2083 Acceditad
388 2039 499 2080 haec
528 2038 649 2091 quod
680 2037 899 2078 mendacii

96 2112 225 2141 usum
264 2098 423 2139 detulit
469 2099 571 2137 unis
617 2095 902 2149 philosophis

96 2160 144 2200 iu
173 2158 302 2199 ideae
330 2156 438 2198 boni
467 2155 757 2197 meditatione
775 2153 901 2195 habi·

97 2215 319 2266 tantibns,
379 2226 493 2267 qnos
553 2221 671 2255 certe
722 2223 903 2266 sperare

97 2275 225 2317 licuit
265 2285 359 2315 non
404 2272 679 2326 petulanter,
707 2283 798 2311 non
835 2271 904 2311 in·

98 2335 230 2391 inste,
257 2342 351 2373 nou
378 2330 529 2385 inepte
559 2330 644 2372 hac
670 2329 718 2370 in
748 2341 906 2370 caussa

98 2397 279 2434 acturos
315 2402 428 2431 esse.
490 2389 635 2430 Porro
673 2388 807 2430 etiam
836 2399 904 2428 re-

100 2455 257 2505 putare
276 2448 500 2498 debemus,
522 2446 752 2488 Platonem
770 2445 909 2486 nimia

102 2520 211 2551 sane
262 2506 368 2548 idea
422 2505 617 2547 civitatis
676 2514 907 2556 supremae

103 2566 283 2608 ductum
311 2564 472 2605 unitati
513 2563 610 2605 eius
649 2569 693 2605 et
722 2572 908 2604 concor·

103 2625 205 2667 diae
235 2622 444 2664 tribuisse
473 2621 638 2673 omnia,
667 2625 717 2662 ut
747 2619 833 2662 hac
860 2619 908 2661 in

103 2696 180 2735 re,
209 2681 338 2724 sicuti
376 2682 422 2722 in
452 2679 555 2721 aliis
593 2678 725 2721 rebus
754 2677 910 2719 simili·

105 2743 245 2789 bns‚a
275 2740 393 2781 vitae
424 2738 668 2780 communis
697 2736 907 2788 humani-3

102 2805 196 2843 tate
240 2799 396 2851 ntique
442 2795 677 2839 deflexerit
715 2794 911 2849 ideoque

105 2859 239 2903 etiam
268 2855 544 2898 mendacium
573 2853 816 2901 admiserit,
835 2850 910 2893 nbi

105 2916 365 2969 neutiquam
435 2920 585 2956 careat
663 2911 911 2955 honestatis

35 2981 57 3015 Α
109 2974 373 3017 offensione.
433 2971 487 3014 In
530 2984 619 3026 quo
651 2977 797 3013 tamen
829 2981 913 3011 nee

107 3032 221 3076 iilud
270 3030 582 3085 negligendum
641 3036 734 3081 est,
790 3027 910 3082 quod

108 3089 403 3147 philosophus
419 3089 566 3131 bacin
595 3100 756 3131 caussa
778 3086 911 3128 etiam

36 3183 37 3186 η
54 3164 60 3170 ’
111 3147 362 3203 aequalium
378 3153 423 3190 et
432 3147 715 3202 popularium
730 3156 910 3188 suorum

35 3214 38 3226 ·
112 3210 327 3261 sequutus
363 3210 433 3247 est
473 3205 660 3253 iudicis,
690 3205 767 3259 qui
798 3207 915 3244 certe

114 3266 169 3307 de
228 3261 461 3307 mendacio
516 3264 586 3305 vel
633 3263 736 3306 ideo
778 3262 913 3314 lenge

114 3322 247 3367 aliter
289 3325 425 3375 atque
472 3322 613 3365 nostri
649 3319 914 3366 sentiebant,

117 3382 224 3438 quia
256 3392 341 3422 nee
378 3378 656 3423 inimieorum
698 3381 918 3422 noverant

115 3450 311 3483 amorem
348 3449 429 3480 nec
467 3437 524 3480 lis
571 3438 810 3481 utebantur
848 3436 917 3477 in-

27 3508 31 3564 s
66 3491 70 3510 ³
119 3497 286 3540 stitutis
326 3494 557 3547 civilibus,
586 3490 745 3550 quibus
781 3493 917 3538 hodie

978 1512 1080 1552 ficio
1112 1513 1290 1553 utimur.
1338 1511 1450 1552 Utut
1486 1514 1790 1567 est‚peccavit

979 1582 1086 1611 sane
1130 1571 1178 1610 in
1226 1571 1295 1611 his
1346 1570 1665 1626 philosophus,
1712 1573 1790 1612 sed

976 1628 1179 1682 peccavit
1254 1635 1407 1683 ropter
1452 1631 1598 1672 ideam
1647 1630 1789 1683 ipsius

976 1686 1225 1739 perfectiori
1246 1701 1282 1739 s,
1314 1698 1447 1739 quam
1480 1689 1650 1729 civitati
1683 1697 1791 1728 suae

982 1747 1211 1798 propi-iam
1242 1757 1339 1786 esse
1362 1747 1518 1797 voluit,
1539 1748 1644 1788 etin
1668 1745 1791 1787 frau-

985 1804 1101 1844 dem·
1117 1804 1326 1844 seductus
1359 1805 1633 1846 moribusset
1661 1805 1791 1846 insti-

984 1862 1091 1903 tutis
1123 1863 1281 1903 aetatis
1312 1874 1441 1914 suae,
1473 1864 1635 1916 quibus
1675 1876 1791 1904 mor-

985 1921 1098 1961 tales
1131 1920 1221 1960 fere
1251 1921 1351 1973 plus
1382 1922 1586 1962 minusve
1623 1922 1794 1963 servire

985 1984 1221 2031 coguntur.
1271 1978 1381 2019 Rem
1412 1980 1617 2021 subtilius
1652 1981 1793 2033 expli-

985 2038 1103 2078 cavit
1133 2035 1704 2080 Schleiermaeherus
1736 2039 1794 2080 ad

986 2095 1029 2135 h.
1070 2095 1100 2135 l.
1139 2107 1182 2148 p.
1215 2094 1297 2139 541
1337 2108 1400 2148 sq.
1460 2097 1528 2137 De
1558 2098 1792 2138 mendacio

987 2153 1210 2195 salubri
1256 2159 1432 2206 autem,
1480 2156 1602 2208 quod
1642 2155 1793 2197 Latini

987 2215 1165 2262 vocant,
1178 2212 1221 2252 A
1233 2225 1254 2252 s
1267 2212 1350 2252 tiu
1361 2225 1381 2253 s
1401 2214 1676 2267 comparavit
1694 2227 1793 2255 sen-

986 2271 1170 2311 tentiam
1201 2268 1332 2311 Darii
1368 2272 1486 2324 apud
1521 2272 1793 2314 Hei-odor.

987 2327 1454 2379 111‚72,SextumE
1475 2331 1795 2385 mp.adLogg·.

994 2387 1084 2429 vu.
1126 2387 1164 2440 ξ.
1208 2386 1284 2429 43.
1323 2400 1368 2440 p.
1413 2386 1500 2432 378
1578 2389 1796 2444 Respexit

990 2445 1049 2488 ad
1087 2445 1206 2486 hunc
1242 2446 1388 2497 locum
1429 2446 1616 2489 Liban.
1650 2446 1793 2502 Epist.

992 2502 1167 2545 cxxl.
1202 2516 1243 2556 p,
1275 2503 1350 2548 642
1383 2501 1557 2555 ἐψεύσω
1587 2505 1677 2557 μὲν,
1709 2502 1795 2547 ἀλλ’

992 2556 1019 2604 ὀ
1058 2565 1159 2603 παῖε
1198 2574 1270 2603 σοι
1305 2562 1363 2617 τῷ
1394 2561 1545 2614 ψεύδει
1577 2563 1801 2619 γεγένηται

991 2618 1193 2673 βελτίων,
1238 2619 1297 2674 τῷ
1332 2619 1380 2662 δὲ
1421 2618 1604 2679 τοιούτῳ
1648 2620 1798 2674 ψεύδει

994 2674 1074 2719 κᾶν
1117 2678 1167 2731 τῇ
1213 2675 1447 2722 Πλάτωνος
1487 2677 1606 2722 πόλει
1653 2677 1797 2735 χώραν·

993 2731 1164 2792 δρῶμεν
1194 2729 1347 2778 οὖσαν.
1377 2738 1638 2781 Laudarunt
1661 2741 1802 2781 verba

994 2793 1798 2851 stobaeueserm.x1,uv.p.317.

996 2853 1157 2894 Clem.
1193 2853 1266 2894 Al.
1297 2851 1459 2895 Sti-om.
1497 2855 1600 2896 vn.
1627 2868 1672 2911 p.
1695 2855 1796 2903 730.

997 2910 1047 2952 O.
1079 2909 1133 2955 Τ.
1164 2909 1230 2952 11.
1259 2924 1303 2966 p.
1334 2911 1435 2956 863.-
1472 2912 1638 2956 Potter.
1674 2916 1678 2923 '

1055 2963 1123 3010 mic
1178 2966 1238 3010 ἐν
1286 2966 1588 3024 φαρμάκου·
1631 2970 1796 3027 εἴδει]

998 3026 1129 3069 Conf.
1150 3027 1250 3072 libr.
1272 3027 1328 3070 V.
1349 3041 1391 3083 p.
1414 3026 1517 3075 459.
1534 3029 1610 3074 D'r
1637 3029 1802 3083 ἔφαμέν

999 3098 1087 3127 που
1119 3083 1166 3127 ἐν
1198 3083 1432 3140 φαρμάκου
1461 3085 1574 3131 effice·
1588 3085 1729 3132 πάντα
1750 3087 1799 3131 τὰ

999 3143 1174 3186 τοιαῦτα
1193 3142 1376 3199 χρήσιμα
1392 3138 1515 3189 eltae.
1543 3146 1799 3190 'Dictionem

998 3202 1123 3246 multi
1174 3203 1449 3257 posterioris
1474 3204 1659 3248 ‘seta-is'
1681 3206 1800 3249 'scri-

998 3266 1148 3316 ptores
1165 3262 1582 3319 celebrat-nunqnam
1598 3277 1799 3319 maguam

1000 3325 1168 3374 partem
1199 3318 1712 3365 laudaruntG—ataker.
1742 3322 1798 3366 ad

1002 3379 1219 3421 Antonin.
1263 3391 1307 3434 p.
1340 3378 1446 3437 ¹831.
1480 3385 1524 3422 et
1555 3380 1798 3434 wytten-

1001 3435 1152 3479 bacb.
1192 3435 1251 3480 ad
1282 3437 1507 3481 Plutarch.
1540 3438 1595 3481 de
1627 3439 1798 3484 educat.

1002 3506 1123 3547 puer.
1141 3507 1181 3549 p.
1201 3495 1244 3540 6.
1264 3495 1317 3537 Β.
1341 3508 1399 3537 =
1418 3495 1518 3541 106.
1551 3496 1619 3538 ed.
1653 3495 1799 3539 Oxon.

1325 3577 1386 3626 lz')
1426 3574 1451 3601 ⁸
