2124 3744
304 213 406 266 DE
445 209 901 267 REPUBLICA
943 210 1093 264 L-IB.
1134 208 1267 262 VII.
1313 210 1372 262 P.
1416 210 1535 261 515.
1580 207 1662 263 St.
1743 209 1842 261 123

132 361 414 427 πτούσαςς
502 361 639 422 Πῶς
677 357 817 428 γάρ,
865 360 1009 431 ἔφη,
1067 361 1113 410 εὶ
1166 353 1471 421 ἀκινήτους
1513 375 1572 424 γε
1619 352 1720 419 τὰς
1760 376 1844 410 κε-

45 449 58 508 s
132 443 324 520 φαλὰς
368 450 506 515 ἔχειν
552 443 967 513 ἠναγκασμένοι
1010 438 1116 495 εἶεν
1163 437 1254 494 διά
1284 442 1446 510 βίους
1516 442 1584 493 Τί
1629 442 1685 494 δὲ
1729 441 1845 493 τῶν
1903 447 1948 499 Β

131 533 649 604 παραιρερομένων;
715 525 782 583 οὐ
849 522 1063 580 ταύτὸν
1117 526 1330 593 τοῦτο,·
1426 527 1493 578 Τι’
1545 521 1688 595 μήνς
1784 526 1847 578 Εἰ

92 607 236 669 ὀὖν
278 616 646 680 διαλέγεσθαι
671 609 782 667 οἷοί
824 609 876 665 τ’
927 609 1034 665 εἷεν
1063 605 1208 680 πρὸς
1229 606 1524 675 ἀλλήλους,
1572 606 1638 662 οὐ
1666 605 1847 662 ταύτὰ

134 697 251 766 ἡγεῖ
311 694 385 751 ἄν
444 693 513 750 τὰ
581 693 864 767 παριόντα
934 691 1150 758 αὐτοὺς
1211 697 1452 765 νομίζειν
1509 689 1840 793 ὀνομάζειν,

129 781 275 853 ἅπερ
321 779 536 853 ὁρῷεν,·
621 779 881 850 Ἀνάγκη.
975 782 1043 833 Τι’
1089 777 1165 833 δ’·
1154 821 1169 849 ,
1228 785 1273 833 εὶ
1333 781 1427 833 καὶ
1491 773 1619 847 ἠχώ
1650 774 1715 831 τὸ
1764 779 1847 831 δε-

60 891 66 896 ·
130 864 444 937 σμωτήριον
500 872 557 918 ὲκ
614 867 717 919 τοῦ
781 861 1127 934 καταντικρὺ
1173 867 1311 934 ἔχοι,
1367 859 1540 917 ὁπότε
1605 882 1689 924 τις
1734 863 1847 915 τῶν

28 935 29 942 ¹
130 949 449 1021 παριόντων
495 948 842 1021 φθέγξαιτο,
889 947 992 1002 οἴει
1034 946 1110 1002 ἂν
1153 947 1295 1003 ἄλλο
1341 968 1397 1002 τι
1444 941 1656 1009 αὐτοὺς
1702 943 1848 1014 ἡγεῖ-

129 1040 277 1090 σθαι
321 1031 387 1088 τὸ
433 1034 835 1107 φθεγγόμενον
878 1029 913 1098 ἢ
961 1029 1066 1098 τὴν
1111 1034 1432 1102 παριοῦσαν
1476 1029 1670 1098 σκιάνς
1740 1028 1846 1084 Μά

130 1118 217 1175 Δί’
271 1117 374 1174 οὐκ
418 1116 604 1187 ἔγωγ’,
651 1123 775 1193 ἔφη.
861 1115 1213 1171 Παντάπασι
1259 1113 1359 1182 δή,
1401 1107 1472 1182 ἦν
1518 1112 1570 1168 δ’
1619 1110 1751 1184 ἐγώ,
1796 1118 1850 1169 οἱ

129 1205 385 1260 τοιοῦτοι.
426 1202 529 1257 οὐκ
575 1198 651 1256 ἂν
694 1199 836 1256 ἄλλο
883 1222 936 1255 τι
981 1203 1259 1270 νομίζοιεν
1303 1197 1367 1254 τὸ
1401 1198 1624 1265 ἀληθὲς
1668 1194 1701 1265 ἢ
1745 1196 1850 1262 τὰς
1890 1203 1935 1257 C

131 1291 241 1343 τῶν
285 1289 601 1343 σκευαστῶν
649 1284 830 1349 σκιάς.
918 1284 1116 1353 Πολλὴ
1168 1283 1420 1354 ἀνάγκη,
1476 1289 1602 1359 ἔφη.
1692 1281 1847 1337 Σκό·

129 1395 220 1429 πει
273 1371 374 1438 δή,
435 1363 505 1438 ἦν
551 1369 607 1426 ‹Y-
657 1369 791 1441 ἐγώ,
854 1368 1045 1424 αὐτῶν
1101 1368 1259 1425 λύσιν
1303 1390 1359 1424 τε
1404 1371 1498 1424 καὶ
1541 1367 1691 1422 ἴασιν
1737 1371 1849 1422 τῶν

129 1459 344 1527 δεσμῶν
382 1459 474 1510 καὶ
519 1458 620 1522 τῆς
662 1452 1008 1529 ἀφροσύνης,
1057 1459 1150 1509 οἵα
1197 1476 1280 1519 τις
1323 1451 1398 1508 ἂν
1443 1453 1542 1520 εἴη,
1588 1448 1848 1528 ermion

130 1540 323 1599 τοιάδε
365 1540 659 1611 ξυμβαίνοι
703 1538 928 1603 αὐτοῖς·
973 1537 1146 1594 ὁπότε
1192 1561 1275 1604 τις
1319 1542 1525 1604 λυθείη
1568 1539 1658 1591 καὶ
1705 1535 1848 1591 ἀνα-ι

127 1625 390 1697 γκάζοιτο
438 1626 704 1701 ἐξαίφνης
746 1625 1105 1681 ἀνίστασθαί
1157 1645 1215 1680 τε
1275 1626 1370 1678 καὶ
1415 1619 1700 1695 περιάγειν
1743 1618 1847 1678 τὸν

248 1818 300 1860 Β.
363 1813 427 1859 οὐ
466 1815 630 1859 ταύτὰ
674 1815 794 1872 ἡγεῖ
826 1817 914 1875 ἄν]
959 1816 1092 1861 ταύτά
1126 1820 1226 1862 Par.
1260 1819 1318 1859 A.
1355 1817 1456 1858 Vat.
1491 1831 1546 1858 m.
1578 1817 1702 1859 Flor.
1736 1831 1778 1861 a
1809 1834 1846 1861 c.

129 1889 173 1918 x.
206 1891 245 1930 γ
277 1878 399 1930 quod
428 1889 546 1919 nunc
575 1890 658 1930 pro
693 1879 813 1931 vulg.
847 1880 979 1920 ταῦτα
1009 1893 1107 1920 cum
1140 1878 1291 1918 Herm.
1322 1876 1610 1917 restituimus.
1669 1876 1846 1918 Deinde

86 1961 97 1971 ·
129 1948 211 1988 pro
243 1936 364 1988 vulg.
396 1931 444 1975 τὰ
477 1933 674 1988 παρόντα
704 1949 759 1978 ex
790 1938 888 1979 eod.
920 1938 1045 1979 Flor.
1077 1951 1119 1977 α.
1153 1935 1329 1988 scripsi
1355 1931 1403 1974 τὰ
1443 1931 1679 1987 παριόντα,
1724 1936 1847 1989 quod

129 1994 283 2034 Astius
315 1994 570 2034 coniectura
601 2000 697 2035 erat
725 2004 1005 2048 assequutus.
1064 1995 1107 2036 N
1114 2007 1238 2047 uperi
1270 1993 1464 2035 editores
1483 1998 1670 2045 excepto
1694 1994 1846 2035 Herm.

130 2052 251 2104 vulg.
286 2058 536 2094 tenuerunt

246 2108 297 2151 C.
356 2111 459 2150 τῶν
490 2124 542 2150 τε
572 2107 812 2163 δεσμῶν]
846 2110 922 2153 Sic
951 2112 1100 2164 vulgo.
1162 2108 1254 2153 Sed
1287 2121 1328 2148 τε
1361 2121 1448 2149 om.
1482 2107 1585 2149 Par.
1619 2108 1676 2148 A.
1714 2108 1842 2150 Vind.

132 2167 230 2210 Vut.
260 2182 317 2211 m.
349 2174 395 2209 et
422 2174 632 2221 quattuor
661 2168 927 2213 Florentini.
989 2168 1246 2211 Omiserunt
1278 2167 1411 2208 etiam
1448 2167 1617 2219 nuperi.

240 2223 296 2266 sl
320 2223 486 2278 φύσει
518 2223 705 2270 τοιάδε
735 2227 1063 2283 ξυμβαίνοι]
1106 2228 1155 2270 V.
1186 2223 1319 2278 φύσει
1349 2223 1392 2266 εἰ
1417 2224 1539 2268 Flor.
1572 2223 1619 2276 β.
1655 2223 1709 2264 In
1741 2225 1844 2267 Vat.

94 2400 101 2409 .
130 2368 321 2421 langas:
353 2363 520 2409 αὐτοὺς
547 2370 735 2421 νομίζειν
757 2383 815 2408 αν
835 2362 939 2408 ὄνο-

129 2422 277 2479 μάζοιν
316 2423 365 2467 τὰ
409 2423 621 2495 παριόντα
670 2422 799 2468 ταυτά
847 2427 942 2476 (eo-

130 2485 229 2525 dem
261 2482 466 2554 nomine)
500 2481 611 2536 ἅπερ
647 2478 809 2538 ὖρῳεν,
840 2485 868 2527 i.
903 2497 940 2527 e.

133 2540 308 2583 rotinus·
337 2539 447 2595 ἅπερ
479 2538 641 2596 ὁρῷεν.
694 2543 751 2584 Iu
783 2543 942 2595 vulgus

131 2607 238 2642 nota
305 2607 372 2643 est
441 2601 646 2655 loquutio
714 2596 943 2653 ὀνομάζειν

133 2658 322 2708 τοῦτο,
372 2659 477 2700 hoc
525 2659 750 2701 nomine
802 2658 942 2700 iusi·

130 2718 307 2770 guire,
340 2718 395 2759 de
429 2729 519 2770 qua
555 2730 595 2761 v.
628 2716 687 2759 ad
715 2715 867 2771 Symp.
899 2728 944 2771 p.

130 2775 231 2819 212.
271 2774 322 2817 C.
373 2775 600 2818 Phaedon.
655 2788 697 2828 p.
740 2775 841 2820 105.
880 2773 940 2815 D.

131 2832 367 2876 Sententia
396 2834 534 2885 igitur
564 2832 675 2874 haec
705 2839 795 2876 est:
828 2833 942 2875 viu-

132 2897 261 2932 ctos
334 2891 470 2933 illos
531 2903 714 2934 nonne
773 2896 942 2944 putas

133 2948 355 2991 uomina
393 2962 604 3001 rerum,
643 2962 787 3002 quas
819 2961 942 2991 eon-

133 3007 424 3060 spieerent
496 3008 783 3060 (conspicere
854 3007 942 3048 sibi

135 3064 413 3118 viderentur)
453 3066 522 3109 ad
566 3066 786 3108 umbras
819 3065 941 3107 illa·

134 3134 246 3163 rum
306 3129 753 3176 praetereuntes
822 3135 942 3165 esse

134 3180 199 3220 de
279 3191 429 3222 more
508 3182 939 3224 translaturos?

134 3236 271 3281 Quod
320 3251 372 3279 τα
419 3236 631 3292 παριόντα
677 3240 941 3293 recepimus,

133 3296 290 3337 eodem
322 3295 456 3338 modo
486 3297 533 3338 in
563 3299 849 3351 sequentibus
880 3299 941 3340 le

134 3354 256 3406 gitur
289 3350 366 3406 τὴν
395 3353 643 3407 παριοῦσαν
672 3356 811 3403 σκιάν,
842 3355 938 3424 ἔιια·

135 3422 240 3453 arev
271 3411 355 3451 ταῖν
386 3408 648 3465 παριόντων,
677 3410 726 3456 τὰ
760 3411 939 3467 παριόν·

138 3483 201 3518 ια,
231 3469 346 3511 tons.
380 3483 421 3522 p.
455 3469 555 3515 516.
590 3467 640 3516 O.
671 3473 729 3515 al.
789 3474 939 3525 Atque

1027 2381 1098 2409 res
1138 2369 1238 2422 ipsa
1280 2369 1456 2408 videtur
1499 2363 1712 2419 παριόντα
1751 2367 1843 2407 exi-

1027 2438 1147 2479 gere.
1206 2425 1323 2467 Nam
1369 2424 1490 2478 quod
1531 2424 1736 2466 homines
1778 2425 1844 2466 illi

1026 2485 1237 2526 dicuntur
1247 2485 1500 2533 nominare,
1516 2495 1607 2524 non
1628 2488 1695 2524 est
1717 2495 1844 2535 prae--

1028 2555 1130 2584 sens
1160 2543 1333 2595 aliquid
1367 2538 1574 2596 (παρόν),
1608 2542 1687 2582 sed
1718 2554 1842 2594 prae-

1026 2602 1253 2642 tervolans
1283 2613 1431 2641 rerum
1463 2599 1644 2652 umbre,
1676 2604 1726 2640 ut
1754 2600 1844 2640 iam

1030 2659 1232 2701 Aetius
1264 2659 1510 2712 perspexit.
1561 2658 1843 2699 Adversatur

1030 2719 1177 2758 tamen
1220 2717 1632 2766 Schneidewin,
1671 2715 1748 2768 qui
1793 2713 1843 2755 τὰ

1030 2771 1227 2827 παρόντα
1266 2774 1358 2828 (vel
1399 2770 1527 2825 ὄντα)
1567 2774 1671 2815 ideo
1712 2777 1842 2825 putat

1028 2833 1222 2886 requiri,
1263 2833 1370 2884 quia
1399 2829 1609 2874 Socrates
1641 2835 1842 2884 quaeret,

1030 2903 1088 2933 an
1146 2890 1213 2932 ini
1258 2890 1393 2938 haec,
1457 2901 1570 2942 quae
1622 2887 1841 2934 viderent,

1030 2955 1256 3001 tamquam
1297 2959 1370 2988 res
1418 2951 1700 2999 praesentes,
1749 2958 1841 2988 non

1030 3013 1255 3059 tamquam
1295 3005 1473 3047 umbras
1509 3010 1658 3046 essent
1688 3004 1839 3058 appel-

1031 3065 1178 3107 laturi.
1216 3063 1348 3112 Quod
1370 3063 1501 3104 valde
1528 3063 1726 3115 ineptum
1757 3067 1838 3106 est.

1032 3123 1227 3164 Verbum
1270 3121 1482 3176 νομίζειν,
1531 3121 1653 3173 quod
1690 3121 1840 3163 reddi-

1029 3193 1126 3223 mus
1166 3191 1263 3222 suo
1305 3179 1541 3233 quodam
1572 3178 1734 3221 modo
1768 3179 1838 3221 vel

1029 3251 1201 3288 more,
1233 3248 1551 3291 saepenumero
1581 3248 1678 3281 eam
1706 3237 1841 3279 habet

1030 3298 1143 3348 vim,
1189 3301 1237 3336 ut
1273 3296 1333 3338 sit
1371 3295 1752 3346 constituere,
1782 3295 1836 3337 in

1028 3365 1233 3397 morem
1267 3354 1685 3406 recipere‚lege
1715 3366 1836 3396 san-

1025 3415 1166 3462 cire,
1202 3411 1396 3453 solere.

1086 3471 1135 3511 C.
1198 3468 1248 3510 sl
1282 3466 1446 3520 φύσει
1489 3466 1677 3511 ιιοιάδε
1717 3468 1834 3521 ευμ-
