2124 3744
261 200 326 247 98
869 187 1347 241 PLATONIS

262 336 350 391 ὄιὰ
399 339 519 400 νοῦ,
566 333 709 392 οὕτω
758 336 812 387 δὲ
859 337 1041 388 καλῶν
1086 334 1418 408 ἀμφοτέρων
1461 328 1670 397 ὄντων,
1721 327 1970 396 γνώσεώς

263 442 318 476 ,τε
366 425 458 475 καὶ
507 419 807 487 ἀληθείας,
853 414 991 472 ἄλλο
1039 422 1129 471 καὶ
1178 418 1406 472 κάλλιον
1430 421 1508 469 ἔτι
1546 413 1761 469 τούτων
1804 410 1971 479 ἡγού-

259 597 316 625 ac
342 585 582 633 veritas,
611 584 652 623 si
676 583 873 622 bonum
894 581 1066 634 ipsum

259 642 408 683 aliud
470 653 620 694 quam
684 641 792 680 ista
850 643 905 679 et
958 639 1069 691 pnl-

262 701 412 740 crius
433 697 786 754 aestimabis,
814 701 968 736 recte
989 708 1071 749 pu-

263 766 315 800 ta
328 759 352 798 b
367 758 377 798 i
391 770 426 797 s.
441 754 587 798 Locus
603 754 729 796 valde
750 753 1004 806 impeditus,
1032 753 1074 793 in

263 828 351 868 quo
384 812 658 868 explanando
704 813 770 853 vel
804 809 1076 852 emendando

266 874 342 913 viri
381 872 497 914 docti
539 885 586 912 se
622 873 843 911 torserunt
884 868 1074 908 mirifice.

267 930 374 972 Nam
435 936 482 970 ut
535 929 756 970 mittamus
815 927 1079 979 antiquiores

268 988 446 1028 criticos
479 986 817 1038 etinterpretes,
850 997 903 1024 ne
929 996 1078 1024 recen-

268 1045 426 1086 tissimi
456 1044 630 1097 quidem
664 1042 859 1083 Platonis
905 1053 1078 1083 enarra-

269 1111 388 1144 tores
421 1115 517 1144 enm
560 1107 681 1143 recte
720 1099 918 1141 videntur
950 1111 1078 1151 expe-

270 1160 444 1202 divisse.
486 1158 662 1201 Etenim
696 1156 1080 1199 Schneiderus

271 1218 467 1271 quidem,
516 1217 641 1258 cuins
693 1213 948 1257 sententiam
989 1215 1081 1254 sine

271 1276 404 1318 dublo
444 1276 576 1316 etiam
623 1273 814 1327 amplexi
858 1277 958 1312 sunt
1007 1273 1080 1324 qui

272 1335 367 1375 eius
428 1334 654 1374 lectionem
723 1331 1080 1383 comprobarunt,

272 1393 388 1432 facta
422 1403 498 1441 ea,
540 1401 670 1443 quam
702 1400 831 1440 supra
869 1386 1082 1428 indicavi-

274 1448 396 1500 mus,
454 1449 686 1488 verborum
738 1445 1083 1498 interpunctione

274 1510 569 1558 susceptaque
602 1517 683 1557 pro
714 1501 785 1544 διὰ
812 1507 892 1543 νοῦ
930 1503 1083 1543 lectio-

274 1578 327 1605 ne
361 1564 558 1614 διανοοῦ,
596 1561 819 1604 existimat
837 1561 972 1602 totius
1003 1558 1083 1600 loci

275 1622 534 1664 sententiam
561 1618 667 1661 banc
690 1631 810 1660 esse.
843 1630 978 1671 quae
997 1630 1083 1659 co·

274 1677 621 1734 gnoscendis
673 1677 842 1718 rebus
893 1676 1086 1729 imper-

277 1738 384 1779 tiat
416 1736 744 1785 veritatem,
778 1733 1087 1775 hominibus

277 1791 663 1848 cognoscendi
714 1791 1087 1838 facultatem,

277 1853 441 1895 boni
460 1851 642 1892 dicito
701 1849 877 1890 ideam
936 1861 1088 1900 esse,

275 1910 369 1952 sed
409 1909 627 1962 cogita,
680 1919 933 1948 caussam
981 1905 1090 1961 qui-

276 1967 389 2010 dem
455 1963 740 2008 scientiae
808 1964 1089 2006 veritatis

278 2030 530 2079 tanquam
561 2020 970 2077 cognoscendae
1003 2021 1088 2063 bo

279 2082 331 2124 ni
381 2082 555 2124 ideam
599 2093 747 2126 esse,
787 2080 966 2133 ipsum
1009 2092 1088 2120 ve-

278 2154 336 2182 ro
365 2140 554 2180 bonum
587 2151 611 2179 a
643 2138 884 2179 scientia
918 2141 977 2178 et
1006 2150 1088 2178 ves

279 2199 451 2239 ritate
488 2195 770 2238 diversum
825 2200 880 2236 et
938 2198 1085 2235 utra-

279 2268 377 2308 que
411 2254 685 2308 pulcrius.
729 2250 851 2300 Quae
881 2252 1090 2305 interpre-

278 2312 386 2355 tatio
415 2324 543 2365 quam
577 2310 765 2353 difficilis
808 2311 865 2351 sit
907 2314 951 2351 et
989 2322 1095 2351 con·

280 2375 413 2420 torta,
436 2369 506 2410 vel
528 2382 581 2410 ex
601 2381 654 2409 eo
683 2367 955 2435 intelligitur,
978 2366 1096 2435 quo-d

279 2429 426 2469 locum
474 2429 538 2468 sic
577 2425 790 2467 intellexit
833 2438 883 2467 ac
914 2425 950 2465 si
987 2425 1093 2466 scri·

281 2491 405 2539 ptum
446 2487 590 2526 esset·
630 2483 813 2524 διανοοῦ
851 2483 896 2524 δὲ
955 2483 1097 2524 αἰτίαν

281 2545 356 2597 μὲν
403 2547 542 2583 ουσαν
589 2537 834 2593 ἐπιστήμης
880 2538 952 2580 καὶ
993 2538 1096 2595 ἅλη-

284 2600 412 2646 &elac
459 2598 517 2646 ὥς
554 2601 923 2658 γιγνωσκομένης,
974 2596 1091 2640 ουτω

283 2657 327 2699 δὲ
355 2657 492 2698 καλῶν
519 2651 987 2700 x12.Probnbiliorem
1011 2656 1091 2710 igi-

283 2721 353 2756 tur
390 2715 605 2757 rationem
654 2713 746 2754 iniit
801 2713 944 2757 Guil.
994 2725 1092 2754 van

282 2772 568 2814 Heusdius
618 2770 715 2812 lnit.
760 2768 924 2812 Philos.
986 2770 1090 2813 Plat.

282 2830 382 2872 Vol.
414 2830 476 2871 11.
518 2830 638 2872 Part.
678 2827 767 2871 111.
810 2841 852 2882 p.
886 2827 982 2880 46.,
1020 2828 1092 2882 qui

283 2886 397 2929 facta
452 2888 685 2930 verborum
754 2886 1093 2940 transpositione

285 2945 519 2998 legendum
562 2943 754 2986 censuit.
804 2942 925 2996 φάθι
970 2943 1096 2994 εἶ,ναι

286 3001 344 3048 ὡς
380 3005 726 3056 γιγνωσκομένην
763 3005 837 3054 μὲν
884 3001 953 3043 διὰ
1000 3005 1096 3051 νοῦ,

285 3060 428 3100 αἰτίαν
465 3060 511 3100 δὲ
554 3057 794 3112 ἐπιστήμης
841 3054 980 3100 ουσαν
1027 3075 1098 3099 και

283 3115 510 3169 ἀληθείας
543 3117 624 3158 hoc
654 3127 807 3157 sensu.
847 3115 966 3158 Hoc
997 3115 1095 3169 igi·

284 3179 391 3224 tur,
449 3175 599 3227 quod
662 3173 753 3221 iis,
807 3186 949 3227 quae
1009 3186 1093 3215 co·

283 3238 653 3284 gnoscuntur,
698 3232 996 3273 veritatem
1039 3236 1095 3274 et

284 3287 358 3335 ei,
398 3289 485 3340 qui
518 3290 846 3342 cognoscit,
891 3301 1092 3344 cogno·

282 3345 472 3400 scendi
541 3347 874 3387 facultatem
937 3359 1091 3400 prae-

283 3403 395 3451 bet,
443 3403 568 3444 boni
620 3414 750 3444 esse
798 3404 977 3446 ideam
1020 3403 1088 3443 di·

1158 582 1297 631 cito,
1335 580 1555 632 ‘quippe
1605 590 1745 631 quae
1801 577 1970 617 intel—

1157 640 1315 679 lectu
1363 636 1761 689 cognoscitur,
1819 645 1970 673 caus-

1159 709 1214 737 sa
1246 699 1424 736 autem
1467 695 1588 747 ipsa
1619 691 1889 733 scientiae
1923 697 1976 732 et

1161 753 1425 793 veritatis
1465 755 1565 792 est.
1595 750 1720 791 Haec
1749 749 1882 802 igitur
1904 761 1974 789 ra·

1162 811 1222 851 tio
1267 814 1362 860 est,
1417 821 1545 861 quam
1588 804 1881 862 Heusdilus
1920 807 1975 846 ad

1164 865 1455 909 removendas
1489 865 1574 907 loci
1607 865 1882 906 difficultates
1913 864 1976 904 in·

1166 927 1227 969 iit.
1288 925 1352 966 Ea
1384 936 1490 966 vero
1523 923 1796 976 quantumvis
1839 922 1977 975 prima

1167 983 1315 1038 specie
1337 981 1594 1034 blandiatur,
1622 987 1766 1022 tamen
1793 981 1976 1033 primum

1166 1040 1342 1095 quidem
1382 1039 1584 1092 displicet
1623 1043 1806 1092 propter
1834 1043 1978 1078 trans·

1169 1098 1400 1153 positionis
1427 1096 1669 1145 audaciam,
1701 1108 1828 1149 quum
1861 1095 1979 1136 nulla

1167 1158 1324 1199 caussa
1367 1154 1598 1208 permutati
1641 1155 1874 1195 verborum
1906 1165 1979 1193 or-

1168 1214 1276 1256 dinis
1326 1213 1579 1265 investigari
1621 1217 1779 1264 queat3
1822 1208 1980 1251 deinde

1167 1273 1299 1314 etiam
1342 1271 1589 1312 sententiae
1631 1269 1804 1311 nomine
1851 1267 1982 1309 babet

1167 1329 1484 1371 dubitationem
1510 1340 1594 1369 non
1617 1327 1978 1379 exiguam,quum

1169 1387 1419 1438 neutiquam
1471 1385 1787 1439 perspiciatur,
1828 1383 1981 1437 ’quam-

1168 1446 1316 1486 obrem
1360 1442 1502 1484 istud:
1550 1443 1801 1496 „quippe
1843 1454 1982 1495 quae

1168 1503 1474 1544 intellectu
1570 1499 1981 1554 cognoscitur“

1172 1558 1476 1613 interpositum
1508 1559 1563 1601 sit
1583 1564 1658 1601 aut
1677 1569 1884 1611 quorsum
1905 1556 1986 1598 de-.

1175 1618 1300 1670 nique
1331 1617 1560 1671 pertineat.
1609 1617 1699 1659 lam
1729 1627 1832 1657 vero
1861 1614 1986 1656 aliter

1172 1677 1318 1717 locum
1380 1678 1569 1716 tractare
1616 1673 1802 1715 instituit
1849 1671 1982 1715 Nae-

1175 1730 1544 1790 gelsbachius
1589 1731 1827 1786 Explicatt.
1874 1731 1981 1772 Plat.

1176 1805 1219 1845 p.
1249 1790 1320 1835 15.
1357 1803 1422 1842 sq.
1471 1789 1514 1830 ls
1547 1789 1657 1832 enim
1693 1802 1771 1842 pro
1805 1785 1874 1830 διὰ
1906 1790 1986 1828 νοῦ

1178 1851 1244 1892 vel
1276 1858 1356 1901 pro
1389 1847 1592 1899 διανοοῦ,
1627 1846 1743 1899 quod
1775 1847 1845 1888 alii
1876 1845 1985 1887 scri-

1178 1910 1383 1977 pserunt,
1425 1905 1719 1958 retingendum
1752 1905 1986 1946 arbitratur

1178 1962 1230 2004 δι’
1277 1961 1446 2013 αὐτοῦ,
1498 1967 1547 2003 ut
1601 1962 1683 2003 lioc
1723 1961 1915 2003 dicatur:
1961 1958 1982 2012 ἧ

1176 2020 1371 2074 ἀλήθεια
1402 2017 1685 2091 γιγνῴσκτται
1713 2022 1788 2074 μὲν
1822 2017 1874 2060 δι’
1906 2035 1986 2059 αυ-

1178 2094 1258 2120 του
1295 2077 1354 2133 (lt.
1388 2090 1425 2120 e.
1456 2075 1528 2118 διὰ
1562 2081 1642 2118 τοῦ
1662 2075 1883 2130 ἀγαθον),
1905 2075 1987 2117 αὐ-

1180 2136 1229 2176 τό
1278 2135 1320 2176 δὲ
1360 2133 1414 2176 τὸ
1444 2133 1624 2187 ἀγαθὸν
1661 2133 1768 2175 ἄλλο
1808 2136 1882 2175 καὶ
1924 2136 1988 2175 ἔτι

1177 2192 1351 2234 κάλλιον
1380 2191 1522 2244 αὐτῆς
1542 2193 1667 2236 ἐστιν,
1694 2191 1784 2234 Sed
1806 2205 1885 2234 nee
1906 2191 1989 2234 hoc

1178 2252 1236 2292 ita
1271 2255 1567 2304 comparatum
1602 2255 1684 2303 est,
1724 2255 1772 2292 ut
1796 2251 1882 2292 loci
1903 2249 1989 2290 dif-

1178 2310 1395 2350 ficultates
1450 2310 1576 2349 tollat
1629 2316 1704 2349 aut
1747 2313 1986 2350 removeat.

1179 2367 1330 2408 Manet
1365 2366 1475 2407 enim
1517 2366 1601 2408 isto
1642 2371 1774 2420 pacto
1805 2366 1990 2422 ,intrica-

1179 2425 1266 2465 tior
1296 2423 1527 2465 verborum
1565 2425 1858 2476 constructi03
1897 2437 1988 2466 ma·

1178 2480 1269 2522 net'
1293 2481 1397 2522 item
1440 2483 1685 2523 sententiae
1727 2482 1989 2532 obscuritas,

1179 2539 1430 2592 praesertim
1485 2550 1617 2591 quum
1681 2540 1991 2581 molestissime

1177 2596 1294 2638 idem
1334 2597 1402 2638 bis
1445 2597 1704 2639 enuntietur.
1774 2597 1863 2640 Sed
1908 2610 1990 2639 no—

1182 2655 1326 2695 lumus
1364 2666 1476 2695 nunc
1515 2655 1644 2696 etiam
1694 2656 1774 2696 alia
1819 2668 1989 2697 memo-

1179 2723 1276 2752 rare
1316 2711 1505 2754 virorum
1547 2714 1776 2754 doctorum
1815 2713 1869 2755 de
1917 2714 1990 2754 his

1180 2770 1323 2811 verbis
1382 2770 1563 2822 iudicia,
1625 2775 1673 2811 ut
1733 2771 1989 2822 Morgen—

1154 2827 1330 2870 ‚sternii
1363 2826 1556 2881 Symbol.
1595 2829 1712 2871 critt.
1754 2841 1796 2881 p.
1838 2827 1987 2872 XVII.

1180 2898 1261 2936 sq.‚
1292 2885 1365 2937 qui
1397 2890 1589 2927 veterem
1627 2886 1885 2939 scripturam
1918 2899 1989 2928 ar-

1181 2941 1363 2984 tificiose
1375 2942 1486 2984 tueri
1508 2947 1687 2985 conatus
1700 2947 1781 2992 est,
1793 2949 1836 2986 et
1850 2944 1927 2985 Wi
1942 2958 1988 2986 e-

1180 2999 1372 3052 gandi‚
1392 3001 1530 3053 quiin
1555 3001 1849 3044 Zimmerm
1867 3015 1988 3044 ann.

1183 3055 1298 3101 Diar.
1319 3057 1514 3099 Studior.
1542 3063 1696 3111 Antqq.
1715 3057 1991 3109 (Zeitschrift

1180 3114 1253 3155 fiir
1265 3115 1864 3170 Alter-thumswissenschaft)
1887 3130 1987 3160 ann.

1180 3171 1309 3216 1835.
1363 3171 1412 3230 N
1458 3169 1526 3216 52.
1575 3186 1616 3226 p.
1656 3172 1757 3218 424.
1814 3181 1990 3217 servata

1181 3232 1367 3288 lectione
1415 3229 1484 3270 διὰ
1530 3234 1609 3271 νοῦ
1657 3234 1799 3273 locum
1839 3238 1989 3275 censet

1179 3287 1352 3329 facilem
1408 3286 1565 3329 habere
1627 3291 1988 3342 explicationem3

1180 3346 1234 3386 de
1265 3357 1352 3398 quo
1385 3345 1507 3385 nobis
1540 3346 1715 3398 quidem
1757 3361 1809 3389 eo
1853 3348 1986 3389 {alsus

1141 3406 1143 3408 '
1179 3401 1371 3453 videtur,
1414 3402 1528 3455 quod
1565 3403 1737 3446 Platoni
1770 3405 1987 3459 impertiit,
