2106 3594
1572 142 1835 197 LXXIX

123 285 464 355 praeclarum
495 282 634 339 iuml
675 282 959 336 universae
1000 282 1352 337 humanitatis
1393 284 1698 354 perfectae,
1751 285 1830 338 iu-

122 356 306 410 stitiae
344 374 468 409 eum
535 355 808 425 sapientia.
866 353 1203 410 coniunctae.⁴
1243 354 1568 424 ¹innitentis,
1641 354 1829 409 aedifi-

121 428 266 480 cium
329 423 779 483 artificiosissime
840 445 907 481 eo
968 425 1154 493 mod0.‚
1191 426 1269 480 ut'
1303 427 1469 481 etiam
1504 425 1832 481 ,adversaria

121 500 239 552 eius
338 516 427 551 ars
476 517 551 567 „ex
620 497 888 552 iniustitia
948 497 1180 550 oriunda
1240 497 1605 552 collustretur.
1701 497 1829 567 Quo

120 519 497 643 ipso-demum
536 568 658 622 fieri
683 570 896 640 potuit,
930 578 996 622 ut
1031 570 1193 622 etiam
1221 570 1510 639 utriusque
1549 570 1829 624 ad-'felici-

116 651 284 696 tatem
350 648 407 693 et
474 641 851 696 infelicitatem
913 640 998 694 vis
1061 648 1119 693 et
1174 640 1431 701 efficacia
1494 642 1552 695 in
1627 642 1825 695 illustri

117 708 239 782 luce
294 711 563 767 collocata
627 707 730 766 sit.⁴
805 712 1006 781 Neque
1064 731 1197 766 vero
1253 713 1362 766 iam
1415 712 1629 783 reliqua
1681 732 1829 767 com-

115 784 318 857 positio
373 783 556 855 operis
607 802 708 855 sua
742 784 868 838 luce
902 783 1128 838 carebit.
1205 782 1384 838 Nullo·
1418 785 1560 838 enim
1600 786 1827 857 negotio

115 867 250 926 treS,
288 862 386 910 aut
422 855 471 909 si
495 855 622 926 quis
659 857 740 910 ita
776 855 947 925 malit,
988 863 1252 926 quattuor
1281 855 1398 911 eius
1436 855 1828 910 discernuntur

116 936 302 1000 partes
339 928 685 999 praecipuae·
708 927 790 998 ²⁸²),
842 928 997 998 inter
1024 946 1082 981 se
1122 947 1151 981 a
1194 927 1409 982 tissime
1449 947 1621 981 nexae
1659 936 1827 999 atque

115 999 425 1072 colligatae.
514 1000 661 1055 Nam
711 1000 780 1053 ab
829 999 987 1070 initio
1052 948 1273 1070 quigem
1324 998 1560 1070 duplicis
1612 1001 1826 1073 generis

114 1071 359 1126 iustitiae
405 1071 658 1142 notiones
696 1071 982 1125 dialectice
1027 1071 1522 1142 explorantur'siQ
1561 1080 1623 1125 ut
1659 1091 1827 1143 quae-

114 1143 347 1198 stionem
394 1141 466 1196 de
504 1143 716 1197 iustitia
748 1150 805 1197 et
839 1140 1111 1197 iniustitia
1146 1142 1329 1213 *deque
1366 1143 1465 1213 iis,
1518 1163 1659 1215 quae
1697 1144 1826 1199 inde

115 1216 202 1269 vel
252 1213 325 1268 ad
367 1214 570 1268 bon'am
628 1213 717 1269 vel
763 1213 836 1268 ad
890 1214 1087 1268 malam
1136 1215 1412 1277 fortunam
1462 1225 1828 1271 consecutura

112 1287 243 1356 sint,
282 1285 621 1359 disputatum
658 1287 726 1340 iri
761 1286 923 1341 facile
959 1304 1308 1359 auguremur.
1396 1285 1614 1355 Quibus
1655 1307 1825 1360 expo-

112 1359 274 1428 sitis,
313 1357 444 1412 dum
480 1358 724 1413 iustitiae
762 1365 825 1412 etr
873 1359 1180 1412 iniustitiae
1215 1360 1298 1429 vis
1335 1359 1438 1430 per
1475 1377 1536 1413 se
1575 1368 1828 1432 spectata

111 1429 445 1502 exquiritur,
496 1430 756 1486 conditur
804 1438 863 1485 et
912 1431 1110 1485 civitas
1169 1431 1376 1504 optima
1400 1463 1402 1465 -
1426 1438 1483 1485 et
1518 1430 1827 1487 illustratur

111 1501 609 1575 praestantissimi
632 1503 873 1557 hominis
905 1510 1135 1572 natura,
1183 1502 1241 1556 in
1300 1521 1412 1573 qua
1447 1504 1664 1558 iustitia
1699 1512 1823 1558 tan-

111 1570 275 1646 quam
309 1573 454 1628 ultro
490 1581 735 1647 emergat
770 1590 942 1645 seque
980 1581 1155 1628 totam
1182 1574 1627 1647 conspiciendam
1665 1596 1824 1648 prae-

112 1646 258 1700 beat.
345 1643 475 1714 Quo
524 1645 646 1718 ipso
697 1645 788 1715 fit,
838 1653 902 1700 ut
948 1647 1194 1718 speciem
1249 1653 1308 1700 et
1359 1647 1653 1701 imaoihem
1703 1668 1820 1702 om·
1890 1687 1896 1693 -

111 1717 199 1771 nis
254 1715 399 1770 vitae
458 1717 727 1772 humanae
787 1717 1004 1790 legibus
1068 1718 1368 1772 moralibus
1420 1738 1451 1771 a
1541 1738 1822 1774 ¹summam

109 1787 504 1860 perfectionem
551 1796 848 1861 provectae
909 1789 1063 1843 iuxta
1133 1808 1259 1843 cum
1317 1790 1533 1844 iustitia
1599 1810 1821 1846 cernere

109 1859 406 1930 videamur.
490 1859 558 1914 In
609 1879 720 1931 quo
769 1861 1022 1932 profecto
1067 1879 1313 1915 summus
1364 1869 1627 1933 tanquam
1694 1863 1822 1918 finis

109 1931 283 1986 totius
318 1951 353 1985 o
395 1933 502 1987 eris
538 1932 995 2004 praestantissimi
1032 1932 1367 2003 conspicuus
1405 1943 1506 1989 est.
1581 1932 1823 2007 Cognita

110 2021 241 2058 vero
289 2003 347 2057 in
390 2023 420 2058 e
466 2005 626 2059 simul
671 2001 944 2060 iniustitia
1008 2003 1270 2076 deinceps
1306 2005 1485 2059 'etiam
1534 2007 1820 2080 multiplex

107 2074 515 2146 demonstratur
566 2075 804 2131 defectio
853 2077 922 2130 ab
962 2076 1170 2147 optimo
1210 2077 1356 2130 vitae
1394 2077 1667 2133 humanae
1707 2088 1818 2134 tam

106 2148 354 2231 privatae
391 2168 556 2219 quam
606 2148 861 2221 publicae
898 2156 1051 2203 statu
1089 2149 1203 2218 sic,
1241 2157 1305 2203 ut
1335 2149 1603 2204 iustitiam
1641 2159 1696 2205 et
1734 2152 1819 2206 in-

107 2219 372 2276 iustitiam
407 2239 509 2293 pro
550 2228 633 2274 ter
670 2239 826 2274 suam
864 2219 1043 2291 ipsius
1080 2228 1332 2276 naturam
1372 2222 1455 2275 vel
1496 2242 1619 2277 cum
1657 2223 1818 2279 bonis

107 2291 196 2346 vel
243 2311 370 2347 cum
429 2241 589 2347 malis
648 2293 961 2348 necessario
1027 2311 1146 2347 esse
1206 2293 1556 2349 coniunctam
1615 2295 1818 2351 clarius

106 2381 270 2435 quam
327 2364 561 2419 antehac
610 2363 730 2419 fieri
777 2365 975 2437 -po'tuit
1012 2362 1366 2420 declaretur.
1464 2367 1610 2422 Nam
1669 2369 1818 2423 facta

107 2443 195 2490 est
238 2434 430 2506 utique
483 2437 649 2491 etiam
695 2435 754 2490 in
802 2436 1106 2510 superiore*
1136 2437 1510 2510 disputatione
1565 2439 1818 2511 adeoque

107 2506 213 2561 iam
251 2506 394 2561 libro
430 2507 608 2579 primo
647 2508 765 2563 eius
801 2509 880 2563 rei
914 2509 1100 2579 aliqua
1129 2509 1482 2582 significatio.
1553 2511 1813 2584 Denique

107 2578 269 2633 etiam
305 2578 453 2634 vitae
489 2578 746 2652 optimae,
783 2579 892 2635 hoc
926 2589 1014 2636 est
1047 2580 1314 2650 iustitiae,
1351 2590 1647 2638 externa
1692 2585 1813 2639 vin·

106 2649 362 2706 dieantur
395 2650 683 2707 commoda
718 2659 887 2723 atque
922 2653 1183 2725 praemia,
1222 2659 1287 2707 ut
1323 2672 1467 2724 quae
1501 2654 1661 2709 initio
1698 2675 1812 2711 ser-

106 2722 284 2778 monis
322 2722 426 2796 ipsi
459 2723 528 2778 ab
556 2723 635 2778 viis
672 2731 830 2778 erant
865 2731 1073 2797 erepta,
1113 2725 1210 2795 qui
1243 2725 1301 2779 in
1327 2725 1646 2799 vulgaribus
1681 2726 1812 2783 hae·

107 2803 292 2850 rentes
339 2793 690 2867 opinionibus
730 2813 908 2866 neque
956 2814 1045 2851 res
1099 2795 1370 2852 humanas
1416 2796 1486 2851 ad
1548 2799 1811 2855 scientiae

108 2885 350 2920 normam
401 2874 459 2921 et
503 2866 682 2952 legem
732 2868 1014 2940 exigentes
1072 2866 1140 2922 de
1199 2886 1397 2923 caussa
1458 2877 1812 2926 controversa

54 2981 68 2997 .
107 2937 369 2993 fecissent
413 2937 693 2995 iudicium.
782 2939 870 2994 Ex
933 2938 1134 3011 quibus
1195 2940 1448 2996 omnibus
1508 2942 1808 2999 clarissime

105 3018 337 3084 apparet
386 3029 525 3084 opus
576 3011 996 3084 amplissimum,
1046 3013 1399 3082 quantumvis
1445 3014 1680 3069 maxima
1724 3035 1810 3070 re-

105 3098 226 3137 rum
257 3081 420 3156 copia
455 3090 512 3138 et
546 3083 815 3139 varietate
851 3084 1142 3154 refertum,
1189 3090 1374 3140 tamen
1413 3086 1669 3143 omnibus
1707 3108 1808 3142 nu-

190 3267 235 3323 ‘)
275 3269 366 3313 Sex
392 3270 540 3327 operis
571 3278 718 3326 partos
763 3272 1030 3327 principales
1069 3271 1376 3315 discreverunt
1414 3260 1804 3316 Sehleie'rma-

276 3328 423 3371 cher.
462 3328 646 3375 Praes.
685 3330 742 3374 ad
783 3329 918 3374 Pom.
959 3337 1002 3372 et
1043 3325 1409 3374 Steluhartus
1453 3332 1619 3377 lntrod.
1659 3346 1700 3387 p.
1734 3332 1803 3377 67.

278 3397 345 3439 sq.
381 3397 468 3430 non
501 3393 648 3432 tamen
682 3389 745 3430 mi
778 3389 834 3430 eie
865 3389 918 3429 ἰίε
950 3389 1080 3442 plane
1113 3390 1456 3432 eonsentientes.
