2106 3594
205 130 311 182 CX

206 273 505 325 clarissime
530 270 823 337 indicatur,
865 268 1133 321 eiusmodi
1157 270 1379 340 placita,
1413 272 1595 340 qualia
1622 291 1654 324 a
1676 273 1907 325 Platone

207 346 263 396 in
301 343 501 396 Politia
541 341 790 422 exposita
826 348 971 408 sunt,
1009 340 1116 393 iam
1154 348 1279 395 ante
1318 341 1496 396 editos
1524 344 1758 397 Politiae
1797 363 1908 398 ser-

205 433 393 468 mones
443 433 475 466 a
524 413 701 483 poetis
748 411 973 465 comicis
1022 413 1080 464 in
1126 430 1292 467 scena
1327 414 1498 467 fuisse
1536 416 1710 469 irrisa.
1785 415 1908 469 Nec

204 505 331 538 vero
383 483 793 538 assentiendum
841 485 909 537 iis
970 493 1254 555 putamus,
1307 486 1402 554 qui
1464 488 1731 558 suspicati
1781 495 1908 540 sunt

203 559 437 638 fortasse
491 556 667 626 ipsius
720 556 967 608 Platonis
1012 554 1081 608 de
1118 555 1202 609 his
1238 558 1404 610 rebus
1439 558 1644 628 placita
1680 578 1780 631 per
1816 578 1907 611 ru-

202 645 379 681 mores
417 628 474 680 in
511 627 709 710 vulgus
749 645 1052 695 emanasse,
1090 635 1154 680 ut
1196 627 1424 682 Comico
1463 648 1562 698 ea,
1601 631 1733 684 licet
1766 650 1907 683 non-

202 699 333 752 dum
381 699 601 771 scriptis
649 698 957 767 illustrata,
1022 700 1394 770 perstringere
1432 701 1687 754 licuerit?
1762 702 1906 756 Nam

201 772 363 825 Plato
407 790 516 840 quo
542 778 790 853 tempore
814 770 1233 825 Ecclesiazusae
1272 772 1459 826 fabula
1494 781 1618 826 acta
1655 782 1760 841 est,
1798 775 1907 827 iam

202 844 315 896 fere
374 842 693 897 sexennium
752 842 989 896 Athenis
1045 843 1284 908 afuerat3
1336 843 1552 897 scholas
1618 852 1799 898 autem
1848 846 1907 897 in

200 913 507 968 Academia
553 929 683 984 post.
731 913 957 987 Olymp.
1009 913 1258 997 XCVIII.
1308 914 1524 969 demum
1573 915 1774 970 habere
1822 917 1907 969 in-

201 986 399 1040 stituit.
489 984 730 1039 Omnino
791 994 972 1039 autem
1020 986 1078 1039 in
1132 986 1238 1039 hac
1284 1005 1484 1040 caussa
1527 988 1773 1042 tenuisse
1821 989 1906 1041 iu·

200 1058 352 1111 vabit
388 1057 588 1111 similia
622 1057 877 1111 instituta
913 1067 1078 1128 atque
1116 1058 1406 1112 Platonica
1443 1078 1475 1111 a
1521 1060 1702 1130 poetis
1739 1060 1907 1114 comi-

200 1129 279 1183 cis
345 1129 579 1212 ipsoque
635 1129 1007 1201 Aristophane
1069 1131 1240 1182 multo
1288 1138 1432 1198 ante,
1494 1149 1657 1200 quam
1705 1131 1908 1185 Politia

201 1201 449 1254 Platonis
498 1201 558 1253 in
604 1200 843 1254 medium
881 1200 1157 1272 prodiret,
1204 1201 1266 1283 in
1299 1221 1466 1256 scena
1501 1202 1683 1257 derisa
1717 1203 1905 1257 fuisse.

203 1271 372 1355 Quod
421 1273 516 1342 qui
562 1291 749 1326 secum
795 1273 1203 1344 reputaverint,
1252 1273 1292 1325 ii
1339 1274 1502 1327 etiam
1552 1275 1769 1328 facilius
1801 1275 1907 1327 lar-

199 1344 420 1416 gientur
484 1345 803 1414 neutiquam
863 1363 1030 1427 opus·
1053 1363 1205 1412 esse,
1255 1353 1321 1398 ut
1370 1345 1786 1399 Ecclesiazusas
1836 1345 1907 1399 ad

199 1390 429 1469 ridenda
468 1415 716 1469 Platonis
756 1415 1030 1469 decreta
1015 1435 1073 1469 111
1122 1416 1328 1470 Politia
1365 1426 1647 1488 expromta
1685 1437 1906 1488 compo-

198 1488 330 1541 sitas
370 1505 493 1540 esse
531 1496 853 1540 statuamus.
930 1488 1050 1557 Itaq
1054 1507 1123 1541 ue
1174 1488 1569 1558 amplissimum
1607 1509 1747 1561 opus
1783 1489 1908 1559 phi-

197 1559 413 1630 losophi
452 1565 580 1629 post
618 1558 841 1630 Olymp.
877 1507 1084 1612 XCIX.
1123 1561 1173 1612 3.
1209 1559 1412 1612 editum
1450 1579 1570 1614 esse
1606 1561 1768 1633 longe
1806 1580 1906 1632 pu·-

196 1639 376 1684 tamus
416 1649 537 1683 esse
573 1629 1039 1684 verisimillimum.

341 1701 465 1772 Exp
469 1703 710 1755 osuimus
762 1701 1057 1769 hactenus,
1124 1700 1258 1770 quid
1316 1701 1476 1754 nobis
1529 1701 1597 1754 de
1657 1711 1906 1774 tempore

197 1774 367 1826 natali
420 1773 656 1826 Politiae
709 1773 972 1827 videatur.
1047 1772 1381 1826 Accedimus
1429 1792 1576 1826 nunc
1625 1773 1694 1826 ad
1735 1793 1903 1843 quae-

111 1910 115 1914 >
198 1845 428 1899 stionem
467 1843 852 1898 subdifficilem
891 1853 946 1898 et
981 1844 1212 1898 multum
1247 1864 1426 1915 nuper
1446 1845 1726 1916 agitatam,
1768 1865 1905 1915 quo·-

198 1936 323 1970 nam
374 1924 619 1986 tempore
668 1935 974 1984 sermones,
1014 1917 1071 1968 in
1111 1915 1197 1968 his
1234 1915 1389 1969 libris
1426 1917 1688 1984 enam-affl,
1731 1917 1904 1971 habiti

196 1989 491 2060 fingantur.
567 1988 656 2041 De
707 2007 817 2056 qua
853 2007 911 2040 re
949 2006 1149 2059 magna
1187 2005 1317 2040 sane
1355 1997 1550 2060 regnat
1587 1989 1904 2060 opinionum

197 2060 488 2113 dissensiO.
575 2059 653 2112 Et
698 2059 827 2112 olim
912 2059 1097 2112 uidem
1151 2059 1398 2130 plerique
1434 2067 1699 2131 putarunt
1735 2060 1905 2114 collo

199 2132 387 2201 quium
410 2131 658 2186 habitum
701 2149 786 2184 ess
795 2151 824 2184 e
865 2078 1089 2203 glymp.
1129 2131 1421 2183 LXXXII.
1460 2131 1547 2184 vel
1589 2132 1903 2186 LXXXIII.

198 2211 518 2275 propterea,
570 2202 719 2272 quod
769 2203 1003 2274 Lysiam,
1053 2203 1151 2272 qui
1200 2201 1420 2274 Olymp.
1471 2203 1811 2256 LXXXIV.
1856 2207 1902 2258 1.

200 2277 287 2345 (a.
324 2277 447 2327 444.
487 2294 535 2328 a.
585 2274 716 2327 Chr.
755 2276 867 2343 n.)
897 2273 1211 2343 quindecim
1263 2293 1529 2328 annorum
1577 2274 1900 2328 adolescens

198 2346 436 2399 Thurios
470 2346 699 2414 abierit,
710 2408 713 2412 .
749 2346 831 2398 illi
867 2345 1048 2399 adhuc
1083 2345 1328 2414 intersit,
1370 2358 1425 2399 et
1460 2354 1643 2400 mutus
1683 2346 1903 2415 quidem

199 2418 445 2485 intersit,
498 2417 647 2487 quod
682 2437 911 2489 puerum
948 2416 1007 2470 id
1045 2417 1242 2471 aetatis
1292 2418 1380 2470 vel
1418 2419 1649 2471 maxime
1688 2417 1902 2487 deceat,

199 2508 264 2542 ac
313 2497 454 2542 teste
509 2489 923 2543 Plutarcho,
966 2489 1104 2542 Vitt.
1151 2489 1226 2543 X.
1266 2488 1490 2544 Orator.
1538 2511 1590 2562 p.
1629 2493 1752 2543 452.
1793 2489 1900 2543 Ce-

197 2560 393 2632 phalus
442 2560 537 2614 illo
585 2562 706 2632 ipso
750 2568 997 2632 tempore
1043 2569 1292 2614 mortuus
1341 2562 1525 2616 fuerit.
1600 2561 1780 2629 Quam
1817 2570 1900 2615 ta—

197 2651 320 2685 men
357 2633 653 2701 rationem‚
703 2640 996 2704 postquam
1031 2633 1506 2704 prosopographia
1543 2634 1781 2686 Politiae
1816 2633 1900 2686 di-

196 2705 456 2774 ligentius
507 2713 592 2758 est
655 2723 915 2773 excussa,
981 2705 1138 2758 adeo
1182 2705 1366 2758 multis
1429 2705 1721 2779 obnoxiam
1779 2723 1898 2758 esse

198 2775 616 2830 difficultatibus
652 2776 991 2829 intellectum
1029 2784 1131 2844 est,
1170 2785 1235 2828 ut
1270 2775 1423 2830 nullo
1458 2785 1622 2845 pacto
1659 2777 1767 2828 iam
1803 2775 1900 2829 de·-

197 2845 348 2899 fendi
403 2855 582 2917 queat.
674 2848 1074 2902 Pervertuntur
1125 2849 1267 2901 enim
1330 2847 1424 2899 illa
1481 2848 1715 2918 probata
1793 2848 1900 2901 alia

197 2917 393 2985 omnia,
436 2937 575 2988 quae
614 2919 875 3000 credibile
899 2928 984 2974 est
1023 2939 1056 2972 a
1091 2920 1361 2989 scriptore
1384 2918 1604 2972 minime
1643 2918 1899 2990 neglecta

196 3007 253 3042 es
231 3006 344 3056 se,
393 2989 556 3060 longe
621 2990 935 3071 miserrime.
1032 2991 1205 3045 Nam
1229 2989 1488 3044 Socrates
1542 2989 1765 3060 quidem
1801 2990 1896 3044 illo

199 3069 445 3129 tempore
494 3059 673 3113 adhuc
733 3062 946 3115 iuvenis
1009 3063 1130 3115 fuit
1167 3061 1371 3132 viginti
1422 3062 1596 3115 ferme
1654 3061 1896 3131 quinque

197 3150 482 3199 annorum,
523 3150 692 3213 quum
728 3140 911 3185 tamen
950 3142 1006 3186 et
1045 3133 1399 3214 gravissimos
1425 3132 1492 3185 de
1531 3132 1692 3185 rebus
1719 3133 1895 3185 civili-

197 3204 300 3255 bus
342 3221 616 3256 sermones
662 3203 914 3256 instituat
951 3212 1006 3258 et
1041 3225 1171 3258 vero
1210 3204 1374 3256 etiam
1412 3205 1480 3257 ab
1518 3203 1675 3257 initio
1714 3205 1895 3275 operis

195 3275 242 3326 is
281 3274 632 3341 informetur,
687 3275 781 3343 qui
818 3283 882 3328 ut
919 3276 1188 3330 senectuti
1226 3275 1448 3346 propior
1483 3294 1607 3328 cum
1647 3274 1894 3346 Cephalo

200 3345 265 3397 de
317 3346 611 3398 senectutis
665 3346 964 3399 commodis
1025 3358 1079 3399 et
1125 3346 1480 3400 incommodis
1533 3346 1893 3415 colloquatur
