2098 3658
272 138 375 189 280
876 130 1361 189 PLATONIS

270 285 362 336 καὶ
417 278 557 350 πρὸς
619 284 910 352 στρατείας
954 285 1046 336 καὶ
1089 281 1230 354 πρὸς
1272 284 1524 352 ἑδραίους
1567 290 1624 337 ὲν
1668 283 1824 338 πόλει
1866 283 1969 356 ἀρ·-

265 362 372 436 χάς
414 361 700 430 δύςκολος’
748 362 812 421 τὸ
859 369 914 423 δὲ
960 363 1024 434 δὴ
1068 372 1353 438 μέγιστον,
1410 363 1500 421 ὅτι
1542 370 1635 422 καὶ
1679 365 1820 438 πρὸς
1863 391 1966 439 μα-

178 446 225 501 C
276 447 472 515 θήσεις
515 446 849 513 άςτιναςοῦν
894 454 987 505 καὶ
1031 450 1311 518 ἐννοήσεις
1357 472 1414 505 τε
1445 454 1537 506 καὶ
1561 455 1789 522 μελέτας
1831 451 1971 525 πρὸς

270 531 472 589 ἑαυτὸν
512 534 747 604 χαλεπή,
793 537 1041 611 κεφαλῆς
1075 557 1233 600 τινας
1275 534 1361 590 ἀεὶ
1398 535 1677 599 διατάσεις
1700 540 1793 590 καὶ
1837 540 1971 608 ἰλίγ-

269 639 404 687 γους
455 615 847 674 ὑποπτεύουσα
907 624 999 674 καὶ
1057 626 1352 690 αἰτιωμένη
1406 626 1462 673 ὲκ
1504 623 1843 695 φιλοσοφίας
1886 629 1972 690 ἐγω

268 700 582 771 γίγνεσθαι,
626 701 775 768 ὥςτε,
821 701 931 781 ὅπῃ
976 700 1136 773 αὕτη,
1179 704 1349 781 ἀρετῇ
1393 703 1700 759 ἀσκεῖσθαι
1743 708 1835 760 καὶ
1876 709 1971 762 δο-

268 786 608 857 κιμάζεσθαι
675 787 858 865 πάντῃ
914 787 1192 859 ἐμπόδιος.
1264 787 1495 859 κάμνειν
1567 787 1675 860 γάρ
1743 789 1971 845 οἴεσθαι

269 883 414 926 ποιεῖ
455 869 543 927 άεὶ
588 875 680 927 καὶ
725 872 1001 929 ὠδίνοντα
1044 874 1256 943 μήποτε
1312 871 1500 943 λήγειν
1546 877 1668 945 περὶ
1715 878 1816 931 τοῦ
1865 876 1972 930 σώ-

268 1091 638 1154 consentientibus
668 1093 784 1137 Flor.
818 1094 864 1148 β.
900 1108 943 1138 ιι.
977 1110 1018 1138 x.
1062 1098 1162 1142 Par.
1195 1097 1354 1141 ΑΒΚ.
1394 1097 1505 1139 Ven.
1540 1098 1591 1141 Π.
1637 1097 1756 1143 vind,
1786 1099 1886 1140 Vnt.
1924 1097 1974 1141 Θ.

269 1157 388 1199 Μοιι.
422 1155 525 1196 vat.
558 1169 590 1198 r.
622 1153 860 1195 delevimus
890 1161 1126 1206 praeeunte
1159 1155 1374 1197 Bekkero.

360 1213 433 1256 .C.
495 1223 646 1254 τινας
685 1207 766 1252 άεὶ
803 1210 1113 1266 διατάσεις]
1157 1214 1230 1254 Sic
1274 1213 1391 1255 Flor.
1436 1227 1477 1254 α.
1522 1214 1679 1265 Augei.
1719 1213 1877 1255 Galen.
1911 1214 1966 1258 V.

267 1287 307 1327 p.
338 1271 438 1316 874.
470 1284 568 1313 cum
602 1271 844 1325 Stephano.
904 1270 1050 1313 Ceteri
1082 1271 1173 1312 libri
1207 1285 1359 1313 omnes
1391 1267 1653 1319 διαστάσεις,
1686 1276 1735 1312 ιιι
1764 1270 1892 1313 Turr.
1927 1277 1971 1314 et

267 1329 470 1375 Schneid.

383 1380 534 1435 ὢςτε,
568 1381 677 1438 ὅπῃ
710 1383 865 1455 αὕτη]
900 1388 998 1429 Par.
1036 1386 1190 1428 ΑΒΚ.
1223 1387 1382 1438 aliique
1414 1382 1519 1427 ὥςτε
1551 1382 1637 1438 ὅπῃ
1659 1383 1804 1439 ταύτῃ,
1836 1386 1968 1428 Male.

265 1447 403 1488 Plene
444 1444 674 1486 dicendum
718 1445 797 1486 suit
839 1459 925 1497 οπῃ
967 1441 1075 1498 αὕτη
1106 1440 1150 1499 (ἦ
1185 1446 1472 1497 νοσοτροφία)
1512 1443 1639 1488 ἐστίν.
1702 1445 1808 1486 Dein
1842 1444 1970 1487 codd⁴

266 1504 470 1545 meliores
505 1508 676 1556 praeter
706 1504 809 1545 Vat.
847 1500 895 1544 Θ.
928 1502 1018 1545 fere
1051 1517 1202 1544 omnes
1234 1492 1421 1544 άσκεῖται
1452 1504 1520 1544 καὶ
1553 1500 1831 1555 δοκιμάζεται.
1895 1503 1971 1546 Ni-

266 1562 417 1604 mirum
452 1561 633 1603 offendit
665 1561 860 1602 librarios
893 1566 1138 1602 structurae
1170 1562 1293 1611 ratio,
1331 1561 1386 1602 de
1417 1575 1501 1614 qua
1534 1575 1574 1602 v.
1609 1566 1754 1602 annot.

382 1621 465 1661 καὶ
498 1610 766 1660 ὠδίνοντα
797 1615 1007 1673 μήποτε
1040 1618 1108 1671 t]
1143 1619 1216 1660 Sic
1249 1620 1343 1660 libri
1378 1633 1530 1667 omnes
1564 1625 1738 1672 praeter
1767 1620 1866 1662 Par.
1900 1621 1968 1671 D„

264 1676 303 1717 in
337 1691 422 1730 quo
459 1672 698 1728 ὢδινόμενα
728 1680 931 1732 scriptum
954 1684 1111 1720 exstat.
1144 1677 1293 1731 steph.
1326 1676 1466 1719 edidit
1496 1671 1797 1729 ὀδυνώμενονι
1831 1680 1971 1719 nesci-

265 1748 361 1778 mus
394 1737 521 1778 unde.

595 1736 790 1777 Ficinus:
831 1749 1004 1789 neque
1041 1735 1357 1777 desinamus
1401 1747 1628 1786 unquam
1675 1735 1739 1777 de
1779 1735 1970 1778 habitu

264 1795 518 1847 corporis
549 1795 721 1847 queri.
784 1793 966 1847 Legisse
1003 1795 1136 1848 igitur
1167 1795 1339 1835 videtur
1371 1788 1656 1847 ὀδυρόμενον.

266 1965 362 2017 περὶ
395 1965 476 2005 τοῦ
505 1962 716 2015 σώματος.
773 1968 978 2008 Ceterum
1003 1968 1073 2007 καὶ

265 2021 350 2078 γὰρ
393 2029 484 2065 est:
531 2037 644 2065 nam
688 2026 880 2075 etiam,
924 2031 973 2066 ut
1011 2028 1073 2066 al·

266 2088 362 2124 tero
409 2082 478 2121 καὶ
524 2094 609 2123 non
655 2097 765 2136 opus
805 2083 884 2132 sit,
936 2096 975 2123 V.
1015 2083 1069 2124 ad

266 2140 472 2192 Sympos,
507 2153 548 2192 p.
582 2139 681 2184 176.
718 2141 766 2181 Β.

317 2197 368 2241 C.
421 2199 661 2251 κεφαλῆς
691 2213 724 2239 τ.
757 2193 1068 2251 διατάσεις]

260 2256 466 2309 capitis
500 2255 898 2307 distentiones,
920 2271 1070 2310 quem-

259 2312 494 2355 admodum
536 2314 730 2356 Celsus
770 2315 842 2364 ΙΙ,
875 2315 916 2358 4.
952 2321 997 2356 et
1027 2314 1068 2358 8.

261 2371 384 2423 Vm,
426 2371 468 2415 4.
512 2372 567 2429 in.
607 2372 713 2414 dixit
764 2386 1065 2421 nervorum

259 2428 658 2472 distentiones.

319 2481 420 2541 ὅπῃ
454 2484 606 2542 αὕτη,
638 2484 801 2542 α’ρετῇ
834 2484 946 2531 α’σκ.
979 2489 1066 2544 -—]

258 2550 334 2595 ut,
369 2546 456 2588 ubi
487 2547 599 2588 ista
634 2548 923 2600 invaserit,
959 2549 1067 2589 vir-

259 2605 366 2645 tuti
399 2605 619 2646 omnino
652 2605 905 2657 officiat,
938 2618 1069 2659 quo-

259 2662 437 2705 minus
480 2664 741 2704 exerceri
783 2665 1069 2717 factisque

259 2721 614 2774 comprobari
658 2723 857 2772 possit,
919 2722 1069 2776 ltaque

260 2773 491 2819 ἀσκεῖσθαι
531 2780 599 2819 καὶ
645 2777 954 2833 δοκιμάζεσθαι
992 2794 1066 2822 ex·-

261 2837 505 2889 plicatiouis
524 2850 656 2879 causa
678 2838 886 2880 additum.
912 2838 946 2878 Ε
969 2842 1064 2880 vul-

259 2895 350 2947 gari
384 2894 588 2948 loquendi
619 2897 785 2937 ratione
817 2892 955 2950 αὐτήν
991 2910 1068 2938 ex·-

260 2957 564 3005 spectaveras3
604 2953 682 2995 sed
723 2954 778 2996 cle
801 2949 963 2996 ‘dativo
994 2967 1071 3007 per

260 3011 562 3053 attractionem
604 3012 820 3065 quandam
852 3012 906 3054 ad
939 3009 1070 3062 ἐμπό-

260 3064 356 3106 διος
388 3069 529 3109 relato
563 3082 601 3112 v,
637 3069 690 3111 ad
722 3069 859 3124 Gorg.
893 3084 937 3124 p.
964 3069 1065 3114 513.

259 3123 313 3164 E.
346 3129 390 3165 et
425 3125 479 3165 ad
514 3126 604 3170 libr.
624 3127 663 3168 Ι.
694 3127 748 3169 de
770 3129 882 3182 Rep.
905 3142 946 3180 p.
965 3128 1067 3172 342.

259 3181 313 3222 Β.
392 3181 538 3223 Virtus
600 3198 714 3227 nunc
761 3184 1070 3240 δοκιμάζεσθαι

261 3238 439 3290 dicitur,
471 3246 681 3291 quatenus
713 3243 771 3286 ita
803 3245 986 3296 colitur,
1022 3249 1070 3284 ut

262 3295 450 3349 spectari
491 3302 536 3337 et
577 3303 780 3353 tanquam
825 3303 960 3355 proba
991 3315 1064 3343 co-

260 3354 410 3407 gnosci
444 3355 597 3406 possit.
633 3379 682 3386 -
749 3358 853 3400 Mox
890 3359 1008 3412 quod
1043 3354 1067 3412 ἦ

262 3414 534 3466 νοσοτροφία
574 3413 732 3456 dicitur
772 3416 971 3467 efficere,
1021 3421 1068 3457 ut

1157 1968 1254 2021 quis
1293 1971 1505 2020 perpetuo
1556 1963 1690 2017 ῶδίνῃ
1742 1966 1840 2016 περὶ
1890 1969 1969 2008 τοῦ

1158 2023 1378 2076 σώματος,
1423 2026 1748 2078 elegantissime
1785 2020 1968 2074 ὠδίνειν,

1156 2083 1273 2137 quod
1308 2083 1484 2136 proprie
1518 2082 1678 2124 dicitur
1718 2082 1772 2124 de
1804 2082 1966 2125 dolori·

1157 2143 1239 2183 bus
1290 2141 1644 2194 parturientium,
1708 2142 1969 2183 transfertur

1158 2201 1212 2241 ad
1254 2213 1360 2250 eos,
1410 2198 1481 2251 qui
1537 2199 1786 2240 morborum
1835 2213 1968 2241 curae

1158 2270 1328 2310 semper
1371 2257 1643 2306 indulgentes
1685 2269 1788 2309 prae
1821 2271 1966 2299 moro·

1159 2317 1288 2357 sitate
1322 2315 1432 2356 alios
1465 2320 1596 2367 atque
1636 2316 1745 2356 alios
1790 2315 1967 2356 dolores

1155 2375 1319 2418 sentire
1349 2373 1431 2413 sibi
1463 2372 1676 2416 videntur.

1212 2427 1655 2482 ἀποκεκριμένον
1703 2431 1967 2483 ἴσχοντας

1155 2489 1212 2532 ἐν
1263 2484 1478 2543 αὐτοῖς]
1537 2488 1763 2541 vulgatam
1814 2491 1965 2530 lectio·

1156 2563 1250 2591 nem
1293 2543 1632 2599 ἀποκεκριμένον
1681 2546 1730 2588 F.
1776 2550 1965 2590 Anton.

1155 2608 1473 2648 Saracenus
1526 2605 1640 2658 apud
1702 2604 1966 2660 Stephan-

1160 2669 1316 2706 Annot.
1357 2663 1412 2705 Τ.
1446 2663 1509 2703 11.
1541 2677 1582 2716 p.
1615 2662 1686 2707 78.
1730 2665 1794 2705 sic
1829 2665 1960 2705 inter-

1158 2727 1374 2776 pretatur,
1415 2725 1464 2762 ut
1495 2720 1612 2762 dicat
1644 2721 1822 2775 intelligi
1855 2723 1962 2763 affe-

1157 2782 1344 2823 ctionem
1398 2778 1673 2829 morbosam,
1718 2791 1831 2830 quae
1869 2792 1964 2820 cer-

1156 2845 1244 2880 tam
1307 2838 1488 2889 aliquam
1552 2838 1748 2888 corporis
1814 2837 1963 2879 sedem

1157 2909 1340 2950 eamque
1370 2894 1555 2935 maxime
1587 2898 1808 2936 externam
1832 2908 1964 2936 occu-

1156 2954 1344 3008 paverit3
1376 2952 1566 3003 ideoque
1586 2953 1783 2993 morbum
1819 2966 1960 2994 secre-

1156 3018 1245 3053 tum
1282 3012 1348 3052 vel
1385 3014 1657 3062 separatum,
1698 3011 1769 3062 qui
1811 3012 1964 3063 singu·

1157 3071 1292 3111 larem
1326 3068 1515 3120 aliquam
1549 3069 1743 3119 corporis
1777 3074 1962 3121 partem,

1154 3140 1237 3168 non
1263 3130 1400 3166 totum
1423 3136 1582 3176 corpus
1604 3124 1782 3167 afficiat.
1825 3128 1963 3169 Quem

1156 3185 1274 3225 verbi
1295 3194 1419 3223 usum
1441 3182 1521 3222 etsi
1540 3194 1668 3223 nemo
1691 3183 1790 3225 dum
1815 3198 1962 3225 exem-

1155 3242 1237 3297 plis
1270 3255 1293 3280 e
1326 3240 1545 3282 veteribus
1580 3240 1761 3282 medicis
1781 3241 1963 3283 Graecis

1154 3298 1448 3346 confirmavit,
1491 3302 1636 3338 tamen
1677 3301 1857 3342 alteram
1903 3302 1962 3340 le-

1154 3359 1339 3399 ctionem
1397 3352 1776 3408 ἀποκεκρυμμένος
1835 3359 1963 3411 plane

1154 3415 1269 3458 nihili
1337 3427 1435 3457 esse
1495 3427 1747 3468 persuasum
1810 3415 1961 3457 liabeo.
