2098 3658
331 177 435 230 310
895 174 1480 232 ARGUMENTUM

328 340 493 392 opum
544 328 598 373 et
636 317 944 374 divitiarum
985 328 1167 373 careat
1204 320 1435 387 auxiliO,
1490 321 1762 388 quomodo
1795 324 2015 377 tandem

334 393 530 446 ‘oterit
579 411 701 448 cum
737 388 970 445 finitima
1009 392 1259 460 civitate,
1302 410 1440 461 quae
1479 392 1738 462 opulenta
1775 395 1864 463 sit,
1903 396 2014 449 bel—

325 413 436 517 fum
486 462 711 536 gerere?
792 462 1065 516 Nimirum
1114 465 1289 535 primo
1339 463 1486 517 cives
1531 465 1703 516 nostri
1754 466 1820 519 ab
1870 469 2015 520 omni

327 536 558 592 aberunt
597 534 868 604 ‚mollitie,
931 554 1070 605 quae
1121 535 1328 605 frangit
1377 533 1607 587 militum
1654 535 1796 590 vires
1854 550 2016 607 atque

324 605 551 675 animos,
589 600 825 676 ideoque
861 605 996 659 alios
1034 605 1354 660 fortitudine
1388 605 1616 659 multum
1654 606 2015 677 superabunt3

325 676 524 731 deinde
550 685 792 750 'propter
838 676 1055 730 laudem
1103 676 1497 744 continentiae,
1550 697 1659 747 qua
1695 679 1842 749 apud
1881 680 2016 735 alios

325 748 629 819 florebunt,
678 745 839 802 facile
887 768 1010 802 cum
1057 750 1274 821 populis
1314 748 1745 819 opulentioribus
1784 752 2015 806 societao

322 829 434 874 tem
469 822 818 892 coniungent.
910 819 1020 874 Sed
1058 829 1120 874 ut
1170 821 1410 874 finitima·
1437 820 1618 890 aliqua
1656 821 1848 876 civitas
1899 824 2016 894 opi-

324 890 427 947 bus
484 893 777 964 plurimum
837 891 1042 956 valeat3
1093 901 1273 947 tamen
1320 910 1385 945 ea
1431 892 1651 945 minime
1703 894 1861 948 nobis
1913 896 2017 948 erit
2077 903 2080 906 ’

324 961 632 1018 metuenda.
715 963 937 1017 Etenim
986 963 1252 1017 eiusmodi
1304 963 1497 1017 civitas
1535 982 1724 1017 revera
1760 985 1870 1018 non
1907 987 2015 1020 una

325 1043 427 1103 est,
468 1030 566 1089 sed
602 1042 829 1107 propter
875 1035 1218 1104 inaequalem
1255 1035 1453 1089 civium
1492 1034 1857 1090 conditionem
1894 1036 2014 1108 plu—

321 1122 410 1161 res
465 1107 523 1160 in
578 1124 637 1162 se
676 1105 1059 1179 complectitur
1091 1107 1372 1176 civitates,
1419 1107 1658 1169 :invicem
1704 1108 1847 1160 inter
1895 1129 2013 1163 sese

322 1186 645 1251 pugnantes.
719 1176 995 1245 Quocirca
1030 1186 1182 1232 caret
1203 1176 1512 1232 firmissimo
1536 1178 1727 1232 salutis
1763 1179 2016 1248 publicae

319 1251 683 1318 munimentO,
734 1246 936 1304 civium
987 1249 1298 1305 concordia.
1381 1247 1656 1316 Quamdiu
1713 1250 1884 1321 igitur
1918 1272 2013 1305 no-

321 1328 435 1375 stra
469 1320 780 1392 respublica
813 1319 962 1373 illam
1000 1321 1244 1374 servabit
1280 1320 1685 1391 simplicitatem
1722 1329 1778 1374 et
1815 1341 2014 1393 aequa-

320 1389 489 1446 litatis
542 1391 936 1460 constantiam,
1009 1410 1172 1474 quam
1219 1392 1275 1444 in
1324 1392 1446 1462 ipsa
1505 1392 1682 1446 inesse
1743 1393 2013 1464 volumuS,

318 1470 430 1517 tam
470 1458 564 1517 diu
602 1464 704 1517 erit
741 1464 1143 1533 potentissima,
1185 1471 1241 1516 et
1277 1470 1501 1534 propter
1523 1463 1790 1516 internam
1828 1465 2014 1537 singu,-

320 1535 495 1589 larum
556 1535 796 1612 partium
848 1532 1286 1589 convenientiam
1385 1553 1568 1589 rorsus
1630 1536 1855 1589 invicta.
1949 1538 2011 1593 Ρ.·

317 1610 441 1661 421.
481 1607 546 1662 (3.
585 1639 655 1647 -
692 1609 817 1661 423.
854 1604 921 1660 Β.
1004 1610 1190 1678 Atque
1246 1625 1313 1660 ex
1388 1607 1436 1661 is
1472 1606 1636 1661 etiam
1672 1607 2013 1679 intelligitur,

321 1696 608 1750 quousque
642 1678 796 1735 salva
829 1678 1054 1749 publica
1087 1679 1265 1733 salute
1301 1685 1480 1732 terrae
1517 1678 1656 1733 fines
1694 1699 2015 1749 promovere

317 1751 493 1807 liceat.
567 1749 749 1818 Quam
803 1749 898 1803 diu
934 1750 1078 1803 enim
1114 1750 1351 1804 civitatis
1389 1750 1567 1804 unitas
1605 1752 2016 1806 conservabitur

316 1841 494 1891 neque
535 1822 655 1894 ipsa
691 1822 809 1877 eius
851 1821 1229 1894 magnitudine
1254 1821 1612 1893 singularum,
1650 1822 1848 1890 quibus
1883 1843 2014 1878 con-

315 1901 453 1962 stat,
499 1894 737 1964 partium
775 1894 1154 1947 convenientia
1188 1892 1438 1960 tolletur,
1487 1900 1596 1947 tam
1636 1891 1730 1946 diu
1768 1913 2013 1949 crescere

316 1965 434 2019 eius
484 1966 722 2020 ambitus
765 1965 984 2036 poterit.
1083 1964 1361 2032 Quocirca
1410 1964 1744 2036 reipublicae
1794 1974 2013 2020 nostrae

319 2035 696 2092 moderatores
744 2056 857 2090 non
909 2044 1021 2091 tam
1057 2035 1117 2088 id
1154 2035 1509 2108 spectabunt,
1571 2044 1636 2090 ut
1679 2036 1817 2093 fines
1865 2037 2013 2093 illius

315 2106 644 2178 dilatentur,
697 2126 861 2179 quam
907 2115 973 2161 ut
1015 2108 1198 2162 unitas
1253 2123 1309 2161 et
1342 2106 1639 2162 concordia
1686 2107 1743 2162 in
1780 2127 1846 2162 ea
1878 2128 2012 2166 ,con-

315 2188 597 2248 servetur,
646 2186 703 2232 at
747 2197 828 2232 ue-
859 2179 981 2249 ipsa
1043 2179 1147 2234 sibi
1195 2176 1266 2232 ad
1311 2198 1369 2233 se
1429 2178 1692 2233 tuendam
1751 2180 2009 2234 sufficiat.

313 2250 440 2304 Fiet
489 2258 670 2304 autem
707 2199 825 2304 (iioc
873 2251 1035 2304 etiam
1082 2250 1310 2319 melius,
1359 2249 1405 2304 si
1453 2249 1688 2320 quisque
1749 2250 1823 2304 ad
1875 2251 2012 2306 illud

312 2341 510 2376 munus
561 2323 619 2375 in
667 2322 888 2376 civitate
937 2321 1346 2390 admovebitur,
1385 2320 1455 2375 ad
1494 2321 1640 2392 quod
1690 2330 1884 2377 natura
1933 2326 2013 2377 fa-

313 2400 435 2448 ctus
471 2393 757 2462 videatur,
810 2401 866 2446 et
902 2394 951 2446 si
987 2394 1044 2446 in
1081 2394 1293 2448 musica
1325 2400 1381 2447 et
1417 2394 1757 2466 gymnastica
1791 2394 2012 2450 institu-

310 2465 463 2519 tione
513 2465 580 2519 ab
618 2465 715 2533 iis,
768 2483 907 2533 quae
954 2465 1265 2537 posuimus,
1327 2483 1397 2518 ne
1448 2464 1726 2519 minimum
1791 2466 2011 2535 quidem

311 2535 599 2590 recedetur
610 2557 624 2603 3
672 2536 916 2606 alioquin
962 2537 1106 2590 enim
1153 2534 1506 2590 metuendum
1543 2543 1652 2606 est,
1701 2558 1774 2593 ne
1808 2538 2008 2591 civium

313 2627 492 2662 mores
530 2607 914 2678 depraventur.
987 2608 1188 2680 Neque
1222 2616 1405 2662 tamen
1442 2606 1567 2662 ideo
1606 2607 1786 2681 legum
1822 2629 2009 2664 nume-

309 2698 402 2734 rus
438 2686 641 2733 temere
678 2679 963 2750 augendus
1001 2687 1101 2735 est.
1187 2679 1301 2748 Qui
1350 2678 1495 2733 enim
1541 2679 1841 2736 liberaliter
1877 2680 2008 2734 edu-

310 2751 420 2805 cati
466 2758 523 2805 et
568 2751 808 2806 instituti
844 2751 1082 2820 fuerint,
1134 2752 1176 2805 ii
1211 2752 1270 2804 in
1306 2751 1550 2822 privatae
1587 2752 1734 2807 vitae
1770 2753 2007 2824 negotiis

310 2841 412 2876 sua
459 2830 655 2894 sponte
707 2822 1081 2877 observabunt
1127 2842 1266 2894 quae
1301 2822 1516 2893 legibus
1555 2821 1873 2895 diligentius
1911 2822 2004 2877 de-

309 2893 456 2948 finiri
490 2893 786 2964 potuerint.
861 2892 1047 3018 quare
1082 2914 1185 2948 nec
1210 2894 1277 2948 de
1316 2892 1554 2947 civitatis
1592 2894 2003 2962 constitutione,

313 2964 382 3018 de
418 2966 744 3019 feminarum
794 2983 859 3019 ac
917 2965 1188 3019 iberorum
1227 2965 1627 3032 communione,
1665 2965 1784 3020 aliis
1819 2966 2002 3033 rebUS,

310 3035 625 3107 singulatim
674 3043 760 3091 est
803 3036 1268 3109 praecipiendum.
1354 3035 1511 3102 Quae
1551 3043 1733 3089 autem
1773 3037 1843 3090 ad
1880 3038 2002 3090 reli-

309 3105 526 3178 gionem
575 3115 630 3161 et
665 3108 870 3162 cultum
907 3107 1131 3162 deorum
1164 3107 1462 3179 pertinent,
1512 3125 1594 3172 ea,
1634 3107 1678 3161 si
1720 3123 1858 3176 quae
1897 3110 2001 3161 ori-

310 3184 471 3231 antur
523 3177 927 3248 dubitationeS,
966 3197 1033 3236 cx
1071 3179 1412 3233 oraculorum
1451 3175 1628 3231 effatis
1665 3179 2000 3244 instituenda

310 3255 439 3302 sunt
475 3256 638 3319 atque
674 3250 1002 3322 peragenda.
1077 3251 1138 3303 P.
1179 3252 1298 3304 423.
1337 3250 1401 3301 Β.
1442 3279 1509 3288 -·
1551 3252 1671 3303 427.
1712 3250 1775 3304 C.

449 3320 751 3390 Postquam
785 3321 889 3374 hac
927 3323 1133 3376 ratione
1171 3321 1362 3375 civitas
1400 3320 1621 3374 condita
1660 3323 1997 3391 est·„Socra-

308 3397 391 3444 tes
431 3410 647 3460 omnes,
698 3393 790 3461 qui
839 3391 1070 3462 adsunt,
1110 3393 1522 3463 circumspicere
1562 3393 1738 3463 iubet,
1779 3394 1998 3447 ubinam
