2124 3744
274 191 379 238 41ss
903 187 1382 242 PLATONIS

276 353 408 400 γον,
478 323 544 397 ἦν
611 332 662 386 δ’
717 332 850 402 ἐγώ,
908 332 1010 401 τὴν
1053 339 1154 404 μὲν
1202 334 1690 408 ἄλλουπονηρίαν
1733 332 1976 392 απολλύ·

278 438 374 471 ναι
428 437 512 478 τι,
575 414 678 483 τὴν
735 421 790 472 δὲ
850 417 1029 473 αὑτοῦ
1089 419 1181 490 μή.
1253 417 1518 488 ”Αλογον.
1600 418 1810 474 Ἐννόει
1853 420 1977 490 γάρ,

186 519 236 571 Ε
276 492 347 566 ἦν
393 499 446 554 δ’
500 497 619 568 ἐγώ,
665 493 704 555 ὦ
750 501 1037 566 Γλαύκων,
1067 502 1156 557 ὅτι
1186 503 1306 558 οὐδ’
1347 502 1454 560 ὑπὸ
1497 507 1598 570 τῆς
1635 506 1745 558 τῶν
1794 508 1979 558 σιτίων

286 591 584 655 πονηρίας,
637 583 670 651 ἢ
726 585 802 640 ἂν
855 578 887 663 ᾗ
944 585 1133 642 αὐτῶν
1190 593 1434 653 ἐκείνων,
1507 589 1611 643 ε’ίτε
1670 586 1981 653 παλαιότης

286 669 390 724 ε’ίτε
434 666 719 739 σαπρότης
762 671 866 725 ε’ίτε
909 669 1135 737 ἡτιςοῦν
1178 671 1348 739 οὐσα,
1408 672 1509 728 οὐκ
1565 670 1811 743 οἰόμεθα
1867 675 1980 727 δεῖν

278 756 437 823 σῶμα
493 751 891 809 ἀπόλλυσθαι·
952 755 1078 810 ἀλλ’
1144 753 1244 811 ἐὰν
1301 759 1403 828 μὲν
1459 761 1656 835 ἐμποιῇ
1718 756 1980 823 ἡαύτῶν

276 842 523 907 πονηρία
568 841 678 892 τῶν
721 844 909 893 σιτίων
955 843 1031 910 τῷ
1078 838 1291 909 σώματι
1339 841 1594 912 σώματος
1636 845 1979 913 μοχθηρίαν,

277 922 532 997 φήσομεν
573 921 716 978 αὐτὸ
763 923 836 978 δι’
900 932 1078 979 ἐκεῖνα
1121 922 1232 979 ὑπὸ
1280 929 1379 991 τῆς
1423 925 1599 981 αὑτοῦ
1647 931 1841 990 κακίας
1885 924 1978 981 νό-

138 1014 243 1066 610
281 1026 384 1061 σου
431 1003 604 1073 οὔσης
641 1005 1018 1062 ἀπολωλέναι·
1064 1006 1174 1064 ὑπὸ
1226 1013 1281 1064 δὲ
1330 1016 1520 1069 σιτίων
1564 1015 1835 1081 πονηρίας
1880 1008 1980 1065 ἅλ-

278 1095 390 1146 λων
428 1086 607 1150 ὄντων
656 1090 796 1148 ἄλλο
844 1089 912 1148 ὃν
954 1090 1027 1148 τὰ
1061 1096 1246 1164 σῶμα,
1300 1093 1410 1150 ὑπὸ
1461 1094 1760 1166 ἀλλοτρίου
1805 1101 1978 1149 κακοῦ

279 1173 355 1246 μὴ
400 1174 809 1245 ἐμποιήσαντος
854 1175 919 1232 τὸ
963 1183 1212 1252 ἔμφυτον
1257 1178 1460 1242 κακόν,
1508 1178 1771 1235 οὐδέποτε
1816 1178 1980 1246 ἀξιω-

280 1278 461 1331 σομεν.
506 1263 977 1333 διαφθείρεσθαι.
1059 1262 1367 1335 Ὀρθότατ’
1429 1261 1529 1329 ἄν,
1581 1270 1719 1340 ἔφη,
1787 1267 1979 1334 λέγοις.

282 1341 422 1421 Cap.
465 1343 540 1399 X.
588 1343 755 1399 Κατὰ
806 1344 907 1402 τὸν
951 1345 1130 1402 αὐτὸν
1163 1348 1597 1418 »τοίνυν-λόγον,
1641 1341 1712 1415 ἦν
1759 1348 1806 1403 δ’
1861 1347 1981 1419 ἐγώ,

278 1427 378 1483 ἐὰν
420 1426 496 1499 μὴ
564 1427 822 1500 σώματος
863 1436 1103 1500 πονηρία
1147 1436 1299 1509 ψυχῇ
1344 1435 1526 1509 ψυχῇς
1568 1437 1846 1503 πονηρίαν
1891 1439 1981 1503 ἐμ-

287 1515 446 1590 ποιῇ,
505 1512 591 1581 μή.
642 1535 777 1570 ποτε
831 1514 1070 1585 ἀξιῶμεν
1112 1514 1205 1571 ὑπ’
1271 1515 1572 1587 ἀλλοτρίου
1626 1520 1801 1573 κακοῦ
1846 1514 1981 1573 ἄνευ

282 1600 383 1664 τῆς
434 1600 578 1662 ἰδίας
633 1604 907 1673 πονηρίας
965 1599 1151 1675 ψυχὴν
1195 1600 1594 1668 ἀπόλλυσθαι,
1661 1605 1739 1671 τῷ
1794 1608 1980 1675 ἑτέρου

397 1794 451 1834 E.
515 1790 540 1847 ἢ
579 1809 641 1834 αν
678 1789 705 1846 ᾗ
743 1792 923 1836 αὐτῶν
927 1796 1062 1867 Ὴέκ]
1096 1798 1170 1838 Sic
1204 1798 1302 1839 Par.
1340 1799 1576 1841 AKVat.
1615 1796 1662 1839 Θ.
1696 1797 1979 1840 vind.1‹*10r.

280 1864 318 1891 a.
357 1865 393 1891 c.
429 1865 470 1892 x.
504 1867 542 1905 γ.
577 1853 621 1905 β.
687 1853 828 1907 Vulgo
860 1851 888 1908 ἢ
916 1851 972 1895 ἄν
1003 1849 1042 1908 ᾖ.
1076 1857 1235 1909 Ange!
1270 1855 1385 1898 Fior.
1418 1871 1459 1897 α.
1493 1852 1522 1910 ἤ
1553 1856 1624 1897 οἵα
1649 1851 1705 1903 ἄν
1738 1847 1779 1907 ἦ.
1840 1891 1842 1893 .

396 1913 634 1964 πονηρία
674 1925 775 1951 των
816 1914 1032 1968 σιτίων]
1086 1889 1177 1954 Sicb
1203 1914 1304 1955 Par.
1349 1915 1504 1956 ΑΒΚ.
1550 1916 1644 1955 vat.
1680 1910 1729 1954 Θ.
1770 1914 1882 1955 Ven.
1926 1913 1977 1955 ΙΙ.

280 1966 405 2065 Vinctit.
442 1967 556 2066 Nlon.
592 1971 706 2023 Ang.
745 1971 838 2012 Vat.
873 1984 928 2012 m.
963 1986 996 2013 r
1031 1977 1074 2014 et
1106 1972 1359 2013 Florentini.
1397 1974 1517 2014 Vett.
1553 1972 1677 2013 editt.
1721 1972 1810 2012 τῶν
1835 1974 1982 2012 σιτίων

277 2038 365 2065 om·
410 2038 462 2065 un

397 2083 448 2124 P.
482 2085 580 2127 610.
644 2079 922 2139 Ὀρθότατ’
965 2084 1048 2139 ἄν,
1083 2086 1210 2148 ἔφηἔ
1249 2084 1469 2140 Idyma]
1509 2086 1556 2126 V.
1591 2085 1738 2139 λέγεις.
1800 2085 1977 2136 Optati-

279 2154 376 2181 vum
413 2144 711 2194 praebuerunt
755 2145 858 2186 Ven.
895 2145 942 2189 Ξ.
977 2151 1020 2186 et
1053 2143 1169 2186 Flor.
1205 2158 1243 2197 γ.
1281 2145 1466 2186 Bekker.
1507 2150 1714 2201 suscepto
1761 2138 1981 2200 ὀρθότατα

282 2204 327 2240 et
359 2207 533 2240 seruato
575 2200 808 2242 indicativo
849 2199 904 2242 ἄν
947 2202 1106 2243 delevit
1151 2202 1373 2244 codicibus
1419 2196 1619 2242 omnibus
1654 2203 1809 2244 invitis.
1869 2202 1981 2242 Eum

282 2259 453 2308 sequuti
486 2263 585 2298 sunt
618 2259 745 2299 etiam
766 2259 894 2301 ’.Γιιι-ι·
945 2260 1190 2301 Nobiscum
1223 2261 1328 2301 facit
1361 2260 1512 2301 Herm.
1565 2259 1849 2301 Indicativum
1883 2268 1978 2299 cum

281 2311 335 2354 ἄν
358 2321 656 2357 constructum
691 2317 798 2359 miro
830 2317 991 2359 iudicio
1024 2320 1215 2359 servavit
1248 2317 1557 2367 Schneiderus‚
1592 2331 1717 2371 quem
1750 2328 1866 2359 stare
1896 2329 1980 2358 non

283 2386 414 2425 posse
448 2377 576 2414 etiam
613 2374 867 2416 Klotzius
898 2376 951 2417 ad
987 2377 1140 2417 Devar.
1181 2391 1221 2429 p.
1255 2375 1355 2419 141.
1390 2376 1573 2417 consuit

398 2431 505 2485 Cap.
538 2431 594 2473 X.
657 2428 749 2472 ἐὰν
785 2430 852 2488 μὴ
895 2431 1170 2487 σώματος]
1211 2431 1266 2487 μὴ
1314 2429 1339 2487 ἢ
1381 2431 1577 2484 σώματος
1618 2432 1732 2476 Flor.
1769 2432 1813 2486 β.
1856 2432 1978 2473 Mon.

282 2572 350 2611 καὶ
381 2570 523 2624 ψυχὴν
555 2569 719 2615 σκόπει.
754 2575 920 2618 Similia
954 2577 1087 2616 inter-

282 2632 428 2680 peilati
477 2635 690 2673 sermonis
743 2639 939 2687 exempla
988 2639 1090 2674 sunt

279 2688 458 2728 Menon.
512 2703 551 2742 p.
591 2690 662 2733 81.
707 2693 763 2731 A.
819 2691 997 2733 Pontio.
1046 2705 1086 2745 p.

278 2746 379 2789 277.
414 2746 464 2787 Ε.
502 2748 695 2817 Sophist.
727 2762 770 2801 p
803 2749 902 2793 265.
944 2749 994 2790 C.

343 2803 392 2843 E.
463 2802 488 2858 ἢ
538 2802 600 2845 ἂν
649 2799 674 2858 ᾗ
727 2801 904 2847 αυταῖν
946 2806 1087 2847 ἐκει-

283 2878 308 2902 ι
319 2862 417 2915 ων]
450 2862 488 2903 Ιι.
524 2878 561 2904 e.
596 2877 708 2917 qnae
741 2866 846 2934 ipsi's
879 2866 982 2906 iilis
979 2878 1087 2924 pro-

285 2921 375 2973 pria
418 2921 487 2961 sit.
549 2921 599 2961 In
645 2924 856 2974 proximis
901 2937 997 2963 των
1025 2936 1087 2963 σι-

283 2980 384 3018 τίων
424 2983 526 3031 post
568 2975 712 3019 αὐτων
747 2994 899 3023 rursus
934 2983 995 3021 sie
1025 2983 1089 3021 in-

282 3037 558 3087 terpreteris.
613 3050 798 3079 verum
851 3042 892 3079 si
943 3037 1090 3092 ipso·-

284 3106 397 3133 rum
471 3098 769 3146 pravitas
842 3096 1086 3137 ciborum

283 3153 509 3202 corpori
566 3155 826 3206 corporis
878 3155 1088 3195 vitiosi-

283 3214 453 3248 tatem
488 3209 708 3251 afferat.
739 3235 790 3242 ——-
851 3205 919 3252 δι’
952 3211 1089 3252 ἐκεῖ·

282 3279 362 3311 ν,α
416 3273 619 3308 monente
659 3271 849 3320 Astio,
894 3282 1089 3311 caussam

279 3323 562 3365 remotiorem
597 3339 632 3365 s.
668 3301 930 3368 exteriorem
977 3329 1087 3369 indi-

281 3386 366 3428 cat„
405 3388 587 3432 propter
618 3396 744 3434 quam
779 3386 881 3425 talia
914 3386 1031 3427 fiant.

343 3439 390 3480 P.
425 3438 522 3481 610.

602 3437 878 3492 ’Opt‘ffo'tcet’
926 3441 988 3483 ἅν
1036 3466 1090 3474 —-

1175 2575 1398 2629 λέγοις.]
1435 2575 1561 2616 Hanc
1591 2548 1857 2617 assentiendi
1889 2573 1980 2614 for-

1174 2635 1333 2676 mulam
1375 2635 1445 2686 qui
1488 2646 1671 2686 semper
1702 2632 1979 2674 indicativum

1176 2694 1399 2746 postulare
1419 2692 1500 2733 sibi
1521 2692 1738 2745 persuasit
1759 2690 1981 2731 Schnei-

1176 2751 1366 2801 derus,
1427 2751 1460 2790 is
1522 2750 1649 2796 etiam
1712 2750 1979 2789 soloecismo

1175 2809 1370 2849 admisso
1425 2804 1480 2847 ἄν
1516 2831 1574 2838 ——
1611 2807 1744 2861 λέγεις
1790 2806 1976 2846 retinuit.

1174 2866 1307 2911 Quasi
1338 2866 1443 2906 reto
1468 2865 1572 2906 haec
1591 2866 1781 2906 formum
1798 2874 1976 2914 usquam

1165 2922 1227 2964 ἄν
1265 2926 1350 2964 isto
1397 2930 1525 2976 pacto
1565 2923 1758 2964 additum
1796 2920 1978 2961 habeat.

1178 2987 1235 3022 At
1265 2981 1461 3022 nimirum
1495 2981 1739 3022 rectissime
1769 2993 1817 3020 se
1847 2979 1981 3019 habet

1177 3034 1395 3094 defidtar'-
1416 3033 1481 3079 ὃν
1500 3038 1673 3107 λὲέγσιε,
1682 3050 1814 3089 quum
1841 3037 1978 3077 Glau-

1175 3112 1226 3139 co
1259 3099 1300 3138 in
1333 3110 1379 3136 re
1418 3097 1470 3138 ad
1510 3093 1788 3137 iudicandum
1825 3094 1979 3135 diffici-

1176 3158 1283 3197 liore
1325 3156 1524 3206 loquatur
1560 3154 1816 3195 modestius.
1890 3152 1978 3192 Eo—

1172 3213 1274 3254 dem
1306 3212 1439 3253 modo
1457 3211 1664 3252 Germani
1687 3211 1777 3251 fere
1809 3209 1978 3251 dicunt:

1176 3269 1417 3312 Dan-hant
1445 3268 1511 3308 du
1542 3281 1676 3322 ganz
1707 3268 1891 3309 recht:
1936 3274 1979 3308 et

1175 3331 1216 3370 in
1249 3340 1404 3368 caussa
1428 3326 1687 3368 difficiliore:
1728 3329 1798 3367 Da
1828 3325 1976 3366 diirt'-

1176 3390 1292 3428 t-est
1322 3384 1399 3425 ·du
1442 3384 1579 3426 wohl
1626 3398 1765 3439 ganz
1817 3382 1980 3424 recht

1178 3443 1364 3486 haben.
1437 3442 1491 3483 Id
1530 3455 1615 3484 non
1655 3444 1901 3486 sentientes»
1928 3441 1974 3482 li-
