2124 3744
343 211 446 262 ⁶270

949 206 1437 263 PLATONIS

341 359 433 410 καὶ
474 353 615 424 μετὰ
666 357 776 408 τῶν
813 354 1112 423 χρημάτων
1156 362 1343 410 αἰτίαν
1366 354 1672 427 μισόδημος
1710 355 1867 420 εἶναι,
1911 358 2037 416 τότε

743 430 765 452 ,5

341 437 408 504 δὴ
471 430 668 502 οὗτος,
728 461 768 491 ω
831 443 1038 508 ἑταῖρε,
1079 438 1246 494 ’κατὰ
1295 436 1396 494 τὸν
1457 443 1685 512 Κροίσῳ
1742 439 2039 512 γενόμενον

336 520 589 594 χρησμὸν

539 662 552 666 ,
1062 604 1438 679 πολυψήφιδα
1479 605 1612 676 παρ’
1651 604 1863 677 ’Έρμον

473 665 616 764 φεύ)
617 712 680 754 ει,
728 688 857 743 οὐδὲ
900 694 1064 757 μένει,
1113 689 1225 745 οὐδ’
1278 693 1513 744 αἰδεῖται
1558 689 1727 756 κακὸς
1771 691 1926 747 εἶναι.

343 774 420 831 Οὐ
469 771 577 844 γὰρ
622 772 721 838 ἄν,
767 777 906 847 ἔφη,
940 774 1220 844 δεύτερον
1267 767 1445 837 αὖθις
1489 778 1796 842 αἰδεσθείη.

1879 775 2035 835 Ὁδέ

334 881 408 927 γε,
459 859 643 929 οἶμαι·,
689 879 760 924 ην
805 856 853 911 δ’
897 856 1028 925 ἐγώ,
1076 861 1466 931 καταληφθεὶς
1509 860 1756 930 θανάτῳ
1801 863 2034 918 δίδοται.

332 943 593 1010 Ἀνάγκη.
631 941 690 997 Ὁ
717 946 772 997 δὲ
814 939 881 1008 δὴ
929 941 1254 1014 προστάτης
1295 950 1498 1006 ἐκεῖνος
1536 943 1709 1008 αὐτὸς
1753 948 1923 1012 δῆλον
1965 945 2032 1014 δὴ

239 1030 292 1082 D
330 1027 418 1085 ὅτι
461 1034 631 1097 μέγας
671 1029 975 1097 μεγαλωστὶ
1020 1024 1086 1081 ού
1130 1038 1320 1091 κεῖται,
1365 1025 1506 1081 ἀλλὰ
1553 1027 1889 1099 καταβαλών
1933 1028 2032 1085 άλ-

329 1118 461 1176 λους
505 1109 749 1177 πολλοὺς
796 1117 1018 1177 ἕστηκεν
1062 1117 1120 1165 ὲν
1159 1114 1239 1180 τῷ
1279 1115 1456 1185 δίφρῳ
1502 1115 1601 1179 τῆς
1645 1113 1879 1178 πόλεως,
1937 1116 2033 1170 τύ-

329 1218 536 1270 ραννος
577 1196 708 1251 ἀντὶ
749 1196 1069 1266 προστάτου
1124 1194 1635 1266 άποτετελεσμένος.
1727 1202 1794 1252 Τι’

327 1286 508 1352 μέλλει
523 1302 538 1351 3
583 1285 709 1356 ἔφη.

1850 1197 1896 1253 δ’
1965 1199 2030 1255 οὐ

458 1362 596 1442 Cap.
648 1360 844 1419 XVII.
902 1367 1226 1434 Διέλθωμεν
1267 1360 1333 1430 δὴ
1381 1364 1484 1430 τὴν
1528 1361 1989 1438 εὐδαιμονίαν,
1958 1391 2029 1436 ην

326 1448 370 1505 δ’
420 1447 543 1518 ἐγώ,
589 1451 690 1504 τοῦ
734 1469 791 1502 τε
835 1445 1046 1520 ἀνδρὸς
1090 1450 1182 1502 καὶ
1229 1451 1328 1513 τῆς
1374 1448 1611 1511 πόλεως,

1675 1444 2026 1526 ὲνῇὀὶνὸ

323 1537 579 1597 τοιοῦτος
625 1530 829 1604 θροτὸς
874 1538 1186 1602 ὲγγένηταιῑ,
1235 1529 1403 1585 Πάνυ
1439 1535 1542 1602 μὲν
1568 1525 1686 1599 οὗν,
1730 1539 1849 1610 ἔφη,
1893 1539 2027 1592 διέλ-

323 1621 540 1690 θωμεν.
567 1610 685 1717 Αρ’
739 1610 857 1683 οὖν,
903 1615 1073 1691 εἶπον,
1120 1614 1185 1672 ού
1227 1626 1350 1680 ’ταῖς
1376 1619 1484 1685 μὲν
1511 1616 1757 1688 πρώταις
1798 1617 2028 1694 ἡμέραις

325 1725 383 1759 τε
429 1706 523 1758 καὶ
561 1701 746 1777 χρόνῳ
791 1705 1068 1772 προςγελᾷ
1112 1723 1167 1756 τε
1212 1704 1303 1756 καὶ
1347 1698 1658 1769 ἀσπάζεται
1696 1701 1938 1771 πάντας,
1982 1700 2024 1776 ᾧ

379 1871 540 1925 ‚qnod
573 1877 692 1920 recte
722 1871 951 1912 Bekkerus
992 1883 1070 1923 pro
1103 1867 1467 1940 πολυθρύλλητον
1497 1870 1706 1922 reposuit
1767 1871 1888 1912 Illius
1921 1873 2022 1913 scri-

320 1937 475 1984 ptume
507 1930 731 1970 veritatem
767 1934 953 1969 testatur
984 1931 1158 1979 praeter
1190 1929 1302 1967 alios
1331 1925 1533 1968 Eustath.
1566 1927 1620 1967 ad
1644 1927 2021 1978 11.xxlll,396,

437 1988 487 2029 C.
521 1982 880 2038 πολυψήφιδα
916 1999 965 2026 π.
985 1983 1072 2041 Ἕ.]
1126 1985 1200 2026 Sic
1233 1985 1332 2028 Par.
1368 1987 1418 2025 A.
1457 1983 1552 2029 Vat.
1590 1980 1638 2028 Θ.
1672 1985 1798 2028 vind.
1827 1987 1931 2029 Vat.
1964 2001 2021 2033 m.

321 2047 467 2099 Vulgo
510 2043 807 2101 πολυψηφῖὸμι
866 2043 992 2085 Illam
1043 2043 1300 2097 scripturam
1347 2039 1677 2096 praeferendam
1726 2056 1825 2087 esse
1870 2042 2022 2088 docuit

321 2103 542 2159 Spitzner.
573 2102 627 2144 de
656 2115 770 2145 vers
801 2102 901 2143 hen
931 2115 971 2156 p.
1000 2100 1071 2145 50

320 2257 395 2286 su·
437 2248 488 2285 et
523 2243 610 2296 qui
653 2247 933 2295 praeterea
971 2254 1126 2282 accu—

317 2308 488 2352 satur,
532 2301 670 2354 quod
707 2300 958 2353 populum
1003 2299 1123 2341 ode-

316 2361 388 2404 rit.
420 2359 657 2400 oraculum
691 2358 848 2411 legitur
875 2356 989 2410 apud
1027 2358 1125 2398 He-

316 2419 485 2461 rodot.
518 2417 551 2469 l,
584 2416 679 2465 55.‚
724 2427 910 2468 quocum
945 2428 1125 2467 compa-

314 2489 403 2526 res,
434 2474 507 2525 sis,
539 2485 650 2527 quae
666 2473 919 2514 scholiastes
944 2471 1127 2514 adhunc

314 2537 458 2577 locum
469 2531 704 2573 annotavit.
717 2531 906 2584 Egregie
915 2532 1125 2584 interpre-

314 2598 432 2634 tatur
479 2588 1030 2631 Seh÷leier1nacherust
1064 2599 1122 2619 »ψ’

316 2650 483 2701 „Zum
516 2646 931 2689 ‘kieselreichen
995 2645 1122 2687 Her-

314 2720 426 2750 mus
473 2703 647 2747 Flieht
696 2717 750 2747 er
794 2704 896 2745 und
951 2705 1123 2745 bleibt

316 2764 459 2807 nicht
507 2762 672 2814 mehr,
729 2762 859 2804 noch
917 2761 1122 2804 schamt

315 2836 370 2866 er
402 2820 510 2863 sich
541 2821 688 2872 feige
715 2833 776 2861 zu
806 2820 1032 2862 heissen.
1066 2842 1121 2851 —

314 2882 460 2922 Ganz
491 2876 853 2931 rechss‘sagte
890 2891 958 2922 er.
1002 2881 1118 2919 Zum·

314 2938 687 2981 zweitenmale
773 2936 982 2979 mochte
1025 2951 1028 2957 ’
1064 2948 1120 2976 er

313 2995 443 3037 auch
489 2994 635 3035 nicht
678 2994 873 3036 wieder
917 2995 967 3036 in
1003 2994 1119 3035 -den

311 3054 427 3096 Fan
461 3054 709 3094 kommen.
1121 3069 1123 3073 ¹

369 3107 591 3164 θανάτῳ
625 3107 868 3163 δίδοται]
902 3112 1012 3152 leto
1032 3109 1116 3150 da-

312 3173 411 3209 tur.
449 3181 489 3211 v.
530 3167 588 3208 ad
621 3167 812 3210 Phaedr.
851 3181 894 3221 p.
925 3168 1025 3212 254.
1063 3167 1116 3210 Ε.

368 3225 420 3268 Ι).
482 3224 656 3295 μέγας
698 3226 1010 3279 μεγαλωστὶ
1052 3223 1118 3265 οὐ

312 3287 493 3331 κεῖται,
543 3280 662 3323 αλλὰ
699 3285 786 3337 —.-]
833 3283 870 3324 h.
918 3298 956 3324 e.
1004 3283 1116 3324 adeo

311 3353 396 3382 non
427 3338 541 3381 humi
574 3340 767 3383 deiectus
803 3341 934 3393 iacet,
964 3350 1011 3383 ut
1035 3354 1114 3395 po-

312 3399 396 3439 tius
427 3399 536 3439 alios
557 3399 716 3440 multos
730 3400 1015 3451 prostraverit
1034 3404 1113 3442 ctr.

313 3454 481 3509 Lepide
513 3466 564 3497 ac
593 3455 735 3498 facete
773 3467 881 3496 usus
919 3463 985 3498 est
1016 3469 1112 3499 ver-

1210 2242 1274 2282 bis
1307 2241 1555 2284 Homericis
1591 2242 1647 2283 de
1664 2243 1900 2294 Cebrione,
1927 2244 2018 2286 He·-

1211 2299 1346 2339 etot-is
1365 2299 1582 2352 auriga‚'a
1610 2301 1818 2342 Patroclo
1847 2303 2017 2343 occiso=

1211 2357 1340 2398 Κε-ῖτο
1372 2356 1503 2411 μέγας
1532 2359 1779 2412 μεγαλωστί,
1808 2360 1856 2401 ΙΙ.
1891 2361 2017 2403 XVI.

1209 2429 1250 2456 ν.
1284 2416 1381 2459 776.
1421 2416 1526 2457 Dein
1559 2416 1679 2469 quod
1717 2422 1923 2469 tyrannus
1954 2417 2018 2458 di-

1212 2475 1325 2515 eitur
1352 2472 1571 2527 ἑστηκέναι
1601 2472 1647 2515 ἐν
1666 2472 1809 2529 δίφρῳ
1842 2476 1917 2529 τῆς
1935 2472 2015 2516 πό·

1211 2535 1330 2582 λεως,
1362 2533 1467 2573 satis
1482 2538 1660 2574 const-at
1676 2533 1889 2586 principes
1921 2546 2017 2574 cum

1209 2591 1369 2642 aurigis
1413 2591 1675 2644 comparari,
1727 2590 1798 2643 qul
1840 2596 2017 2633 teneant

1209 2649 1400 2691 civitatis
1432 2646 1636 2691 habenas.
1664 2648 1940 2690 v.-Dorvill.
1959 2648 2014 2689 ad

1209 2706 1375 2748 Charit.
1407 2719 1448 2759 p.
1468 2705 1570 2750 556.
1614 2704 1724 2747 Nam
1757 2704 1918 2759 δίφρος
1946 2706 2013 2746 in-

1206 2764 1355 2819 primis
1372 2769 1440 2805 est
1457 2763 1588 2804 sedes
1603 2763 1781 2813 aurigae
1801 2764 1843 2804 in
1867 2775 2011 2815 curru,

1207 2829 1264 2875 ut>
1284 2822 1337 2862 Il.
1371 2819 1538 2864 XXlI-I.
1573 2833 1612 2861 v.
1643 2820 1742 2867 435.
1775 2819 2010 2873 Xenoph.

1208 2881 1329 2922 Anab
1359 2880 1394 2930 1,
1427 2879 1469 2930 8,
1500 2878 1583 2927 1Ο.,
1613 2878 1655 2919 id
1674 2878 1788 2931 quod
1820 2879 1903 2919 iam
1932 2879 2009 2919 ob-

1206 2938 1394 2980 servavit
1425 2936 1688 3017 Scheffer.
1727 2934 1782 2978 de
1814 2947 1860 2977 re
1891 2935 2010 2977 vehi-

1207 2998 1297 3038 cul.-
1322 3001 1427 3035 wtt.
1460 2994 1512 3042 ll,
1545 2990 1634 3038 15;’
1759 3005 1762 3011 ·

1220 3024 1571 3106 Cap.xv'11.
1623 3043 1684 3089 οὐ
1745 3052 1863 3088 ταῖς
1917 3047 2009 3099 μὲν

1206 3108 1440 3166 πρωταις
1488 3132 1544 3138 -—
1586 3103 2006 3161 περιτυγχάνῃ,·]

1200 3181 1372 3211 nonne
1389 3168 1574 3221 primis
1591 3165 1775 3206 diebus
1793 3178 1853 3205 ac
1878 3170 2009 3206 tem-

1200 3227 1453 3280 poribus,
1481 3223 1533 3264 in
1563 3223 2005 3275 quoscunquein-

1199 3283 1418 3332 ciderit,
1461 3293 1553 3322 eos
1590 3286 1671 3323 ctr.
1703 3276 1778 3322 Ὃς
1815 3294 1871 3319 αν
1903 3285 2007 3333 post

1197 3351 1421 3383 numerum
1469 3339 1673 3390 pluralem
1714 3339 1876 3380 illatum
1922 3339 2003 3380 iam

1198 3400 1293 3440 libr.
1323 3397 1400 3439 1v.
1438 3409 1480 3448 p.
1518 3394 1618 3439 426.
1658 3397 1707 3440 C.
1747 3395 2005 3436 notavimus.

1197 3456 1295 3498 Alia
1328 3454 1526 3508 exempla
1567 3453 1650 3494 vid.
1684 3452 1738 3495 ad
1771 3453 2001 3506 Protagor.
