<?xml version="1.0" encoding="UTF-8"?>
<!DOCTYPE html PUBLIC "-//W3C//DTD XHTML 1.0 Transitional//EN"
    "http://www.w3.org/TR/xhtml1/DTD/xhtml1-transitional.dtd">
<html xmlns="http://www.w3.org/1999/xhtml" xml:lang="en" lang="en">
 <head>
  <title>
</title>
<meta http-equiv="Content-Type" content="text/html;charset=utf-8" />
  <meta name='ocr-system' content='tesseract 3.04.00' />
  <meta name='ocr-capabilities' content='ocr_page ocr_carea ocr_par ocr_line ocrx_word'/>
</head>
<body>
  <div class='ocr_page' id='page_1' title='image "./operaomniarecens03platuoft/operaomniarecens03platuoft_0510.png"; bbox 0 0 2098 3658; ppageno 0'>
   <div class='ocr_carea' id='block_1_1' title="bbox 188 1676 244 1727">
    <p class='ocr_par' dir='ltr' id='par_1_1' title="bbox 188 1676 244 1727">
     <span class='ocr_line' id='line_1_1' title="bbox 188 1676 244 1727; baseline 0 0"><span class='ocrx_word' id='word_1_1' title='bbox 188 1676 244 1727; x_wconf 85' lang='lat'><strong>1)</strong></span> 
     </span>
    </p>
   </div>
   <div class='ocr_carea' id='block_1_2' title="bbox 285 162 1368 217">
    <p class='ocr_par' dir='ltr' id='par_1_2' title="bbox 285 162 1368 217">
     <span class='ocr_line' id='line_1_2' title="bbox 285 162 1368 217; baseline 0.003 -3"><span class='ocrx_word' id='word_1_2' title='bbox 285 166 388 214; x_wconf 65' lang='lat'><strong>3638</strong></span> <span class='ocrx_word' id='word_1_3' title='bbox 899 162 1368 217; x_wconf 76' lang='lat' dir='ltr'><strong>PLATONIS</strong></span> 
     </span>
    </p>
   </div>
   <div class='ocr_carea' id='block_1_3' title="bbox 280 307 1994 1991">
    <p class='ocr_par' dir='ltr' id='par_1_3' title="bbox 280 307 1994 1991">
     <span class='ocr_line' id='line_1_3' title="bbox 284 307 1989 384; baseline 0.003 -20"><span class='ocrx_word' id='word_1_4' title='bbox 284 312 403 379; x_wconf 78' lang='grc' dir='ltr'><strong><em>ἐμοὶ</em></strong></span> <span class='ocrx_word' id='word_1_5' title='bbox 449 311 625 373; x_wconf 82' lang='grc' dir='ltr'><strong><em>δοκεῖ,</em></strong></span> <span class='ocrx_word' id='word_1_6' title='bbox 690 307 759 363; x_wconf 73' lang='grc' dir='ltr'><strong>τὰ</strong></span> <span class='ocrx_word' id='word_1_7' title='bbox 816 309 868 363; x_wconf 83' lang='grc' dir='ltr'><strong>δ’</strong></span> <span class='ocrx_word' id='word_1_8' title='bbox 932 309 1078 366; x_wconf 80' lang='grc' dir='ltr'><strong>αὐτά</strong></span> <span class='ocrx_word' id='word_1_9' title='bbox 1136 318 1339 367; x_wconf 73' lang='grc' dir='ltr'><strong><em>ἕκαστα</em></strong></span> <span class='ocrx_word' id='word_1_10' title='bbox 1383 310 1562 366; x_wconf 81' lang='grc' dir='ltr'><strong><em>αὐτοῦ</em></strong></span> <span class='ocrx_word' id='word_1_11' title='bbox 1609 312 1844 367; x_wconf 77' lang='grc' dir='ltr'><em>ἑκάστου</em></span> <span class='ocrx_word' id='word_1_12' title='bbox 1888 312 1989 384; x_wconf 83' lang='grc' dir='ltr'><strong>μό·</strong></span> 
     </span>
     <span class='ocr_line' id='line_1_4' title="bbox 285 391 1986 471; baseline 0.002 -23"><span class='ocrx_word' id='word_1_13' title='bbox 285 415 404 450; x_wconf 82' lang='grc' dir='ltr'><strong>νον.</strong></span> <span class='ocrx_word' id='word_1_14' title='bbox 500 391 613 448; x_wconf 79' lang='grc' dir='ltr'><strong>Οὐκ</strong></span> <span class='ocrx_word' id='word_1_15' title='bbox 657 397 900 464; x_wconf 72' lang='grc' dir='ltr'><strong>ἔμαθον,</strong></span> <span class='ocrx_word' id='word_1_16' title='bbox 945 399 1069 471; x_wconf 78' lang='grc' dir='ltr'><strong><em>ἔφη.</em></strong></span> <span class='ocrx_word' id='word_1_17' title='bbox 1163 396 1276 452; x_wconf 75' lang='grc' dir='ltr'><strong>Οὐκ</strong></span> <span class='ocrx_word' id='word_1_18' title='bbox 1321 400 1548 466; x_wconf 68' lang='grc' dir='ltr'><strong><em>ἔμαθες,</em></strong></span> <span class='ocrx_word' id='word_1_19' title='bbox 1592 402 1748 470; x_wconf 79' lang='grc' dir='ltr'><em>ἔφην,</em></span> <span class='ocrx_word' id='word_1_20' title='bbox 1791 394 1877 452; x_wconf 80' lang='grc' dir='ltr'><strong>ὅτι</strong></span> <span class='ocrx_word' id='word_1_21' title='bbox 1921 395 1986 451; x_wconf 82' lang='grc' dir='ltr'><strong>τὸ</strong></span> 
     </span>
     <span class='ocr_line' id='line_1_5' title="bbox 284 478 1989 550; baseline 0.002 -18"><span class='ocrx_word' id='word_1_22' title='bbox 284 481 468 549; x_wconf 83' lang='grc' dir='ltr'><strong><em>μεῖζον</em></strong></span> <span class='ocrx_word' id='word_1_23' title='bbox 513 479 778 533; x_wconf 80' lang='grc' dir='ltr'><strong>τοιοῦτόν</strong></span> <span class='ocrx_word' id='word_1_24' title='bbox 823 485 988 544; x_wconf 76' lang='grc' dir='ltr'><em>ἐστιν,</em></span> <span class='ocrx_word' id='word_1_25' title='bbox 1037 479 1159 535; x_wconf 80' lang='grc' dir='ltr'><strong>οἷον</strong></span> <span class='ocrx_word' id='word_1_26' title='bbox 1206 478 1358 544; x_wconf 83' lang='grc' dir='ltr'><em>τινὸς</em></span> <span class='ocrx_word' id='word_1_27' title='bbox 1385 480 1525 535; x_wconf 86' lang='grc' dir='ltr'><strong><em>εἶναι</em></strong></span> <span class='ocrx_word' id='word_1_28' title='bbox 1553 485 1770 550; x_wconf 73' lang='grc' dir='ltr'><strong>μεῖζονς</strong></span> <span class='ocrx_word' id='word_1_29' title='bbox 1818 480 1989 536; x_wconf 86' lang='grc' dir='ltr'><strong>Πάνυ</strong></span> 
     </span>
     <span class='ocr_line' id='line_1_6' title="bbox 284 561 1988 635; baseline 0.001 -17"><span class='ocrx_word' id='word_1_30' title='bbox 284 584 362 630; x_wconf 78' lang='grc' dir='ltr'><strong>γε.</strong></span> <span class='ocrx_word' id='word_1_31' title='bbox 453 561 676 618; x_wconf 80' lang='grc' dir='ltr'><strong><em>Οὐκοῦν</em></strong></span> <span class='ocrx_word' id='word_1_32' title='bbox 724 566 823 618; x_wconf 82' lang='grc' dir='ltr'><strong>τοῦ</strong></span> <span class='ocrx_word' id='word_1_33' title='bbox 871 565 1204 632; x_wconf 72' lang='grc' dir='ltr'><strong>ἐλάττονοςς</strong></span> <span class='ocrx_word' id='word_1_34' title='bbox 1292 567 1428 619; x_wconf 87' lang='grc' dir='ltr'><strong><em>Ναί.</em></strong></span> <span class='ocrx_word' id='word_1_35' title='bbox 1523 563 1600 620; x_wconf 82' lang='grc' dir='ltr'><strong>Τὸ</strong></span> <span class='ocrx_word' id='word_1_36' title='bbox 1639 569 1695 619; x_wconf 74' lang='grc' dir='ltr'><strong>δέ</strong></span> <span class='ocrx_word' id='word_1_37' title='bbox 1742 587 1800 635; x_wconf 78' lang='grc' dir='ltr'><strong>γε</strong></span> <span class='ocrx_word' id='word_1_38' title='bbox 1847 566 1988 620; x_wconf 71' lang='grc' dir='ltr'><strong><em>πολὺ</em></strong></span> 
     </span>
     <span class='ocr_line' id='line_1_7' title="bbox 284 641 1990 720; baseline 0.002 -18"><span class='ocrx_word' id='word_1_39' title='bbox 284 649 470 718; x_wconf 81' lang='grc' dir='ltr'><strong><em>μεῖζον</em></strong></span> <span class='ocrx_word' id='word_1_40' title='bbox 514 650 655 702; x_wconf 65' lang='lat' dir='ltr'><strong>uiola)</strong></span> <span class='ocrx_word' id='word_1_41' title='bbox 711 646 1027 713; x_wconf 78' lang='grc' dir='ltr'><strong>ἐλάττονος.</strong></span> <span class='ocrx_word' id='word_1_42' title='bbox 1086 641 1117 715; x_wconf 77' lang='grc' dir='ltr'><strong><em>ἧ</em></strong></span> <span class='ocrx_word' id='word_1_43' title='bbox 1175 648 1313 720; x_wconf 66' lang='lat'><strong>&gt;0293</strong></span> <span class='ocrx_word' id='word_1_44' title='bbox 1386 652 1523 704; x_wconf 81' lang='grc' dir='ltr'><strong><em>Ναί.</em></strong></span> <span class='ocrx_word' id='word_1_45' title='bbox 1575 641 1699 720; x_wconf 72' lang='lat' dir='ltr'><strong>TAp&#39;</strong></span> <span class='ocrx_word' id='word_1_46' title='bbox 1752 642 1855 705; x_wconf 79' lang='grc' dir='ltr'><strong>οὖν</strong></span> <span class='ocrx_word' id='word_1_47' title='bbox 1884 654 1990 705; x_wconf 86' lang='grc' dir='ltr'><strong>καὶ</strong></span> 
     </span>
     <span class='ocr_line' id='line_1_8' title="bbox 285 729 1993 805; baseline 0.002 -19"><span class='ocrx_word' id='word_1_48' title='bbox 285 729 350 787; x_wconf 83' lang='grc' dir='ltr'><strong>τὸ</strong></span> <span class='ocrx_word' id='word_1_49' title='bbox 395 735 531 788; x_wconf 79' lang='grc' dir='ltr'><strong><em>ποτὲ</em></strong></span> <span class='ocrx_word' id='word_1_50' title='bbox 576 735 763 802; x_wconf 85' lang='grc' dir='ltr'><strong><em>μεῖζον</em></strong></span> <span class='ocrx_word' id='word_1_51' title='bbox 807 736 941 788; x_wconf 81' lang='grc' dir='ltr'><strong><em>ποτὲ</em></strong></span> <span class='ocrx_word' id='word_1_52' title='bbox 984 732 1298 799; x_wconf 78' lang='grc' dir='ltr'><strong>ἐλάττονος,</strong></span> <span class='ocrx_word' id='word_1_53' title='bbox 1343 739 1436 788; x_wconf 79' lang='grc' dir='ltr'><strong>καὶ</strong></span> <span class='ocrx_word' id='word_1_54' title='bbox 1483 730 1546 788; x_wconf 80' lang='grc' dir='ltr'><strong>τὸ</strong></span> <span class='ocrx_word' id='word_1_55' title='bbox 1591 733 1851 805; x_wconf 78' lang='grc' dir='ltr'><strong>ἐσόμενον</strong></span> <span class='ocrx_word' id='word_1_56' title='bbox 1877 746 1993 805; x_wconf 75' lang='grc' dir='ltr'><strong><em>μεῖ-</em></strong></span> 
     </span>
     <span class='ocr_line' id='line_1_9' title="bbox 285 811 1991 888; baseline 0.002 -17"><span class='ocrx_word' id='word_1_57' title='bbox 285 820 380 885; x_wconf 82' lang='grc' dir='ltr'><strong>ζον</strong></span> <span class='ocrx_word' id='word_1_58' title='bbox 434 822 696 887; x_wconf 77' lang='grc' dir='ltr'><em>ἐσομένου</em></span> <span class='ocrx_word' id='word_1_59' title='bbox 746 815 1077 887; x_wconf 71' lang='grc' dir='ltr'><strong>ὲλάττονοςς</strong></span> <span class='ocrx_word' id='word_1_60' title='bbox 1155 815 1322 873; x_wconf 78' lang='grc' dir='ltr'><strong>Ἀλλά</strong></span> <span class='ocrx_word' id='word_1_61' title='bbox 1380 824 1434 873; x_wconf 85' lang='grc' dir='ltr'><strong>τί</strong></span> <span class='ocrx_word' id='word_1_62' title='bbox 1486 818 1627 888; x_wconf 75' lang='grc' dir='ltr'><strong>μήνς</strong></span> <span class='ocrx_word' id='word_1_63' title='bbox 1698 811 1730 885; x_wconf 78' lang='grc' dir='ltr'><strong><em>ἦ</em></strong></span> <span class='ocrx_word' id='word_1_64' title='bbox 1793 816 1849 874; x_wconf 83' lang='grc' dir='ltr'><strong>δ’</strong></span> <span class='ocrx_word' id='word_1_65' title='bbox 1911 819 1991 883; x_wconf 84' lang='grc' dir='ltr'><strong>ὅς.</strong></span> 
     </span>
     <span class='ocr_line' id='line_1_10' title="bbox 286 900 1991 973; baseline 0.001 -17"><span class='ocrx_word' id='word_1_66' title='bbox 286 904 402 956; x_wconf 89' lang='grc' dir='ltr'><strong>Και</strong></span> <span class='ocrx_word' id='word_1_67' title='bbox 465 901 534 955; x_wconf 77' lang='grc' dir='ltr'><strong>τά</strong></span> <span class='ocrx_word' id='word_1_68' title='bbox 598 905 761 956; x_wconf 80' lang='grc' dir='ltr'><strong><em>π)ει’ω</em></strong></span> <span class='ocrx_word' id='word_1_69' title='bbox 817 901 884 969; x_wconf 79' lang='grc' dir='ltr'><strong>δὴ</strong></span> <span class='ocrx_word' id='word_1_70' title='bbox 925 901 1066 973; x_wconf 81' lang='grc' dir='ltr'><strong><em>πρὸς</em></strong></span> <span class='ocrx_word' id='word_1_71' title='bbox 1109 901 1178 958; x_wconf 82' lang='grc' dir='ltr'><strong>τά</strong></span> <span class='ocrx_word' id='word_1_72' title='bbox 1221 900 1433 965; x_wconf 77' lang='grc' dir='ltr'><strong><em>ἐλάττω</em></strong></span> <span class='ocrx_word' id='word_1_73' title='bbox 1476 925 1567 958; x_wconf 82' lang='grc' dir='ltr'><strong>και</strong></span> <span class='ocrx_word' id='word_1_74' title='bbox 1611 901 1682 958; x_wconf 79' lang='grc' dir='ltr'><strong>τά</strong></span> <span class='ocrx_word' id='word_1_75' title='bbox 1727 903 1991 959; x_wconf 66' lang='grc' dir='ltr'><strong>διπὶάσια</strong></span> 
     </span>
     <span class='ocr_line' id='line_1_11' title="bbox 284 981 1994 1060; baseline 0.002 -19"><span class='ocrx_word' id='word_1_76' title='bbox 284 984 425 1057; x_wconf 81' lang='grc' dir='ltr'><strong><em>πρὸς</em></strong></span> <span class='ocrx_word' id='word_1_77' title='bbox 469 984 538 1040; x_wconf 78' lang='grc' dir='ltr'><strong>τά</strong></span> <span class='ocrx_word' id='word_1_78' title='bbox 583 984 779 1056; x_wconf 79' lang='grc' dir='ltr'><strong><em>ἡμίσεα</em></strong></span> <span class='ocrx_word' id='word_1_79' title='bbox 819 990 914 1041; x_wconf 86' lang='grc' dir='ltr'><strong>καὶ</strong></span> <span class='ocrx_word' id='word_1_80' title='bbox 958 986 1149 1042; x_wconf 82' lang='grc' dir='ltr'><em>πάντα</em></span> <span class='ocrx_word' id='word_1_81' title='bbox 1195 986 1264 1042; x_wconf 81' lang='grc' dir='ltr'><strong>τά</strong></span> <span class='ocrx_word' id='word_1_82' title='bbox 1312 990 1578 1052; x_wconf 84' lang='grc' dir='ltr'><strong><em>τοιαῦτα,</em></strong></span> <span class='ocrx_word' id='word_1_83' title='bbox 1635 992 1726 1044; x_wconf 81' lang='grc' dir='ltr'><strong>καὶ</strong></span> <span class='ocrx_word' id='word_1_84' title='bbox 1772 981 1845 1043; x_wconf 77' lang='grc' dir='ltr'><strong>αὖ</strong></span> <span class='ocrx_word' id='word_1_85' title='bbox 1888 992 1994 1060; x_wconf 79' lang='grc' dir='ltr'><strong>βα-</strong></span> 
     </span>
     <span class='ocr_line' id='line_1_12' title="bbox 284 1069 1992 1147; baseline 0.001 -21"><span class='ocrx_word' id='word_1_86' title='bbox 284 1069 487 1143; x_wconf 79' lang='grc' dir='ltr'><strong><em>ρύτερα</em></strong></span> <span class='ocrx_word' id='word_1_87' title='bbox 534 1069 676 1143; x_wconf 82' lang='grc' dir='ltr'><strong><em>πρὸς</em></strong></span> <span class='ocrx_word' id='word_1_88' title='bbox 721 1069 1040 1147; x_wconf 74' lang='grc' dir='ltr'><strong><em>κουφότερα</em></strong></span> <span class='ocrx_word' id='word_1_89' title='bbox 1084 1075 1178 1127; x_wconf 82' lang='grc' dir='ltr'><strong>καὶ</strong></span> <span class='ocrx_word' id='word_1_90' title='bbox 1222 1072 1424 1127; x_wconf 76' lang='grc' dir='ltr'><em>θάττω</em></span> <span class='ocrx_word' id='word_1_91' title='bbox 1480 1072 1620 1144; x_wconf 83' lang='grc' dir='ltr'><strong><em>πρὸς</em></strong></span> <span class='ocrx_word' id='word_1_92' title='bbox 1656 1072 1992 1145; x_wconf 79' lang='grc' dir='ltr'><strong><em>βραδύτερα,</em></strong></span> 
     </span>
     <span class='ocr_line' id='line_1_13' title="bbox 282 1155 1991 1233; baseline 0.001 -22"><span class='ocrx_word' id='word_1_93' title='bbox 282 1160 381 1211; x_wconf 85' lang='grc' dir='ltr'><strong><em>καὶ·</em></strong></span> <span class='ocrx_word' id='word_1_94' title='bbox 432 1160 514 1211; x_wconf 74' lang='grc' dir='ltr'><strong>ἔτι</strong></span> <span class='ocrx_word' id='word_1_95' title='bbox 566 1177 624 1225; x_wconf 74' lang='grc' dir='ltr'><strong>γε</strong></span> <span class='ocrx_word' id='word_1_96' title='bbox 682 1158 751 1211; x_wconf 81' lang='grc' dir='ltr'><strong>τά</strong></span> <span class='ocrx_word' id='word_1_97' title='bbox 811 1157 1003 1227; x_wconf 78' lang='grc' dir='ltr'><strong><em>θερμὰ</em></strong></span> <span class='ocrx_word' id='word_1_98' title='bbox 1067 1156 1208 1227; x_wconf 81' lang='grc' dir='ltr'><strong><em>πρὸς</em></strong></span> <span class='ocrx_word' id='word_1_99' title='bbox 1264 1155 1332 1210; x_wconf 80' lang='grc' dir='ltr'><strong>τά</strong></span> <span class='ocrx_word' id='word_1_100' title='bbox 1405 1156 1596 1233; x_wconf 78' lang='grc' dir='ltr'><strong><em>ψυχρά</em></strong></span> <span class='ocrx_word' id='word_1_101' title='bbox 1651 1161 1742 1212; x_wconf 81' lang='grc' dir='ltr'><strong>καὶ</strong></span> <span class='ocrx_word' id='word_1_102' title='bbox 1802 1157 1991 1212; x_wconf 85' lang='grc' dir='ltr'><em>πάντα</em></span> 
     </span>
     <span class='ocr_line' id='line_1_14' title="bbox 284 1233 1992 1313; baseline 0.002 -19"><span class='ocrx_word' id='word_1_103' title='bbox 284 1238 353 1294; x_wconf 79' lang='grc' dir='ltr'><strong>τὰ</strong></span> <span class='ocrx_word' id='word_1_104' title='bbox 414 1237 635 1304; x_wconf 82' lang='grc' dir='ltr'><strong><em>τούτοις</em></strong></span> <span class='ocrx_word' id='word_1_105' title='bbox 691 1239 863 1311; x_wconf 86' lang='grc' dir='ltr'><strong><em>ὅμοια</em></strong></span> <span class='ocrx_word' id='word_1_106' title='bbox 909 1233 1007 1313; x_wconf 80' lang='grc' dir='ltr'><strong>ἆρ’</strong></span> <span class='ocrx_word' id='word_1_107' title='bbox 1071 1241 1172 1312; x_wconf 85' lang='grc' dir='ltr'><strong>οὐχ</strong></span> <span class='ocrx_word' id='word_1_108' title='bbox 1231 1239 1409 1306; x_wconf 82' lang='grc' dir='ltr'><strong><em>οὕτως</em></strong></span> <span class='ocrx_word' id='word_1_109' title='bbox 1454 1246 1589 1312; x_wconf 61' lang='grc' dir='ltr'><strong><em>ἔχεις</em></strong></span> <span class='ocrx_word' id='word_1_110' title='bbox 1677 1239 1850 1296; x_wconf 88' lang='grc' dir='ltr'><strong>Πάνυ</strong></span> <span class='ocrx_word' id='word_1_111' title='bbox 1891 1247 1992 1312; x_wconf 76' lang='grc' dir='ltr'><strong>μὲν</strong></span> 
     </span>
     <span class='ocr_line' id='line_1_15' title="bbox 282 1316 1993 1398; baseline 0.002 -18"><span class='ocrx_word' id='word_1_112' title='bbox 282 1316 402 1380; x_wconf 77' lang='grc' dir='ltr'><strong>οὖν.</strong></span> <span class='ocrx_word' id='word_1_113' title='bbox 497 1325 572 1381; x_wconf 66' lang='lat' dir='ltr'><strong>Ti</strong></span> <span class='ocrx_word' id='word_1_114' title='bbox 627 1329 683 1380; x_wconf 78' lang='grc' dir='ltr'><strong>δὲ</strong></span> <span class='ocrx_word' id='word_1_115' title='bbox 740 1324 810 1380; x_wconf 78' lang='grc' dir='ltr'><strong>τά</strong></span> <span class='ocrx_word' id='word_1_116' title='bbox 870 1330 991 1395; x_wconf 85' lang='grc' dir='ltr'><strong><em>περὶ</em></strong></span> <span class='ocrx_word' id='word_1_117' title='bbox 1053 1324 1158 1390; x_wconf 72' lang='grc' dir='ltr'><strong>τὰς</strong></span> <span class='ocrx_word' id='word_1_118' title='bbox 1202 1325 1536 1397; x_wconf 69' lang='grc' dir='ltr'><strong><em>ἐπιστήμαςς</em></strong></span> <span class='ocrx_word' id='word_1_119' title='bbox 1599 1325 1701 1398; x_wconf 80' lang='grc' dir='ltr'><strong>οὐχ</strong></span> <span class='ocrx_word' id='word_1_120' title='bbox 1742 1325 1772 1382; x_wconf 88' lang='grc' dir='ltr'><strong>ὀ</strong></span> <span class='ocrx_word' id='word_1_121' title='bbox 1818 1324 1993 1392; x_wconf 72' lang='grc' dir='ltr'><strong><em>αὐτὸς</em></strong></span> 
     </span>
     <span class='ocr_line' id='line_1_16' title="bbox 281 1407 1992 1481; baseline 0.002 -17"><span class='ocrx_word' id='word_1_122' title='bbox 281 1407 490 1480; x_wconf 80' lang='grc' dir='ltr'><strong><em>τρόπος</em></strong></span> <span class='ocrx_word' id='word_1_123' title='bbox 506 1430 525 1477; x_wconf 90' lang='lat'><strong>,·</strong></span> <span class='ocrx_word' id='word_1_124' title='bbox 587 1409 864 1479; x_wconf 78' lang='grc' dir='ltr'><em>ἐπιστήμη</em></span> <span class='ocrx_word' id='word_1_125' title='bbox 917 1414 1019 1480; x_wconf 82' lang='grc' dir='ltr'><strong>μὲν</strong></span> <span class='ocrx_word' id='word_1_126' title='bbox 1064 1407 1207 1478; x_wconf 80' lang='grc' dir='ltr'><strong><em>αὐτὴ</em></strong></span> <span class='ocrx_word' id='word_1_127' title='bbox 1255 1410 1610 1481; x_wconf 77' lang='grc' dir='ltr'><strong><em>μαθήματος</em></strong></span> <span class='ocrx_word' id='word_1_128' title='bbox 1655 1409 1834 1466; x_wconf 80' lang='grc' dir='ltr'><strong><em>αὐτοῦ</em></strong></span> <span class='ocrx_word' id='word_1_129' title='bbox 1877 1419 1992 1468; x_wconf 70' lang='grc' dir='ltr'><strong>ἐπι·</strong></span> 
     </span>
     <span class='ocr_line' id='line_1_17' title="bbox 280 1491 1991 1567; baseline 0.001 -18"><span class='ocrx_word' id='word_1_130' title='bbox 280 1492 463 1564; x_wconf 83' lang='grc' dir='ltr'><em>στήμη</em></span> <span class='ocrx_word' id='word_1_131' title='bbox 507 1497 655 1548; x_wconf 76' lang='grc' dir='ltr'><em>ἐστὶν</em></span> <span class='ocrx_word' id='word_1_132' title='bbox 701 1491 733 1562; x_wconf 80' lang='grc' dir='ltr'>ἢ</span> <span class='ocrx_word' id='word_1_133' title='bbox 779 1492 916 1550; x_wconf 84' lang='grc' dir='ltr'><strong><em>ὅτου</em></strong></span> <span class='ocrx_word' id='word_1_134' title='bbox 962 1498 1042 1549; x_wconf 83' lang='grc' dir='ltr'><strong>δεῖ</strong></span> <span class='ocrx_word' id='word_1_135' title='bbox 1102 1499 1297 1549; x_wconf 76' lang='grc' dir='ltr'><strong>θεῖναι</strong></span> <span class='ocrx_word' id='word_1_136' title='bbox 1337 1494 1441 1561; x_wconf 77' lang='grc' dir='ltr'><strong>τὴν</strong></span> <span class='ocrx_word' id='word_1_137' title='bbox 1486 1495 1818 1567; x_wconf 79' lang='grc' dir='ltr'><em>ἐπιστήμην,</em></span> <span class='ocrx_word' id='word_1_138' title='bbox 1877 1504 1991 1551; x_wconf 75' lang='grc' dir='ltr'><strong><em>ἐπι-</em></strong></span> 
     </span>
     <span class='ocr_line' id='line_1_18' title="bbox 285 1577 1992 1649; baseline 0.002 -16"><span class='ocrx_word' id='word_1_139' title='bbox 285 1577 464 1649; x_wconf 84' lang='grc' dir='ltr'><em>στήμη</em></span> <span class='ocrx_word' id='word_1_140' title='bbox 521 1581 577 1634; x_wconf 81' lang='grc' dir='ltr'><strong>δέ</strong></span> <span class='ocrx_word' id='word_1_141' title='bbox 631 1600 714 1644; x_wconf 82' lang='grc' dir='ltr'><strong>τις</strong></span> <span class='ocrx_word' id='word_1_142' title='bbox 760 1582 853 1634; x_wconf 86' lang='grc' dir='ltr'><strong>καὶ</strong></span> <span class='ocrx_word' id='word_1_143' title='bbox 908 1577 1044 1635; x_wconf 85' lang='grc' dir='ltr'><strong>ποιά</strong></span> <span class='ocrx_word' id='word_1_144' title='bbox 1105 1601 1188 1644; x_wconf 79' lang='grc' dir='ltr'><strong>τις</strong></span> <span class='ocrx_word' id='word_1_145' title='bbox 1243 1583 1410 1635; x_wconf 86' lang='grc' dir='ltr'><strong><em>ποιοῦ</em></strong></span> <span class='ocrx_word' id='word_1_146' title='bbox 1468 1601 1620 1646; x_wconf 83' lang='grc' dir='ltr'><strong><em>τινος</em></strong></span> <span class='ocrx_word' id='word_1_147' title='bbox 1673 1585 1764 1636; x_wconf 83' lang='grc' dir='ltr'><strong>καὶ</strong></span> <span class='ocrx_word' id='word_1_148' title='bbox 1824 1581 1992 1646; x_wconf 80' lang='grc' dir='ltr'><em>τινός.</em></span> 
     </span>
     <span class='ocr_line' id='line_1_19' title="bbox 283 1660 1993 1737; baseline 0.001 -19"><span class='ocrx_word' id='word_1_149' title='bbox 283 1667 416 1732; x_wconf 81' lang='grc' dir='ltr'><em>λέγω</em></span> <span class='ocrx_word' id='word_1_150' title='bbox 463 1665 519 1718; x_wconf 80' lang='grc' dir='ltr'><strong>δὲ</strong></span> <span class='ocrx_word' id='word_1_151' title='bbox 568 1660 630 1718; x_wconf 85' lang='grc' dir='ltr'><strong>τὸ</strong></span> <span class='ocrx_word' id='word_1_152' title='bbox 677 1664 928 1720; x_wconf 85' lang='grc' dir='ltr'><strong>τοιόνδε·</strong></span> <span class='ocrx_word' id='word_1_153' title='bbox 977 1662 1078 1720; x_wconf 83' lang='grc' dir='ltr'><strong>οὐκ</strong></span> <span class='ocrx_word' id='word_1_154' title='bbox 1122 1661 1308 1731; x_wconf 75' lang='grc' dir='ltr'><strong><em>ἐπειδὴ</em></strong></span> <span class='ocrx_word' id='word_1_155' title='bbox 1355 1669 1532 1730; x_wconf 71' lang='grc' dir='ltr'><strong><em>οἰκίας</em></strong></span> <span class='ocrx_word' id='word_1_156' title='bbox 1573 1669 1834 1737; x_wconf 72' lang='grc' dir='ltr'><strong>ἐργασίας</strong></span> <span class='ocrx_word' id='word_1_157' title='bbox 1879 1673 1993 1720; x_wconf 78' lang='grc' dir='ltr'><em>ἑπι-</em></span> 
     </span>
     <span class='ocr_line' id='line_1_20' title="bbox 283 1746 1992 1820; baseline 0.001 -16"><span class='ocrx_word' id='word_1_158' title='bbox 283 1746 464 1819; x_wconf 82' lang='grc' dir='ltr'><em>στήμη</em></span> <span class='ocrx_word' id='word_1_159' title='bbox 509 1753 753 1817; x_wconf 71' lang='grc' dir='ltr'><strong>ἐγένετο,</strong></span> <span class='ocrx_word' id='word_1_160' title='bbox 797 1748 1040 1820; x_wconf 78' lang='grc' dir='ltr'><em>διήνεγκε</em></span> <span class='ocrx_word' id='word_1_161' title='bbox 1084 1753 1196 1805; x_wconf 83' lang='grc' dir='ltr'><strong>τῶν</strong></span> <span class='ocrx_word' id='word_1_162' title='bbox 1238 1746 1424 1805; x_wconf 80' lang='grc' dir='ltr'><em>ἄλλων</em></span> <span class='ocrx_word' id='word_1_163' title='bbox 1469 1753 1805 1820; x_wconf 76' lang='grc' dir='ltr'><em>ἐπιστημῶν,</em></span> <span class='ocrx_word' id='word_1_164' title='bbox 1862 1747 1992 1816; x_wconf 64' lang='lat' dir='ltr'><strong>(ficte</strong></span> 
     </span>
     <span class='ocr_line' id='line_1_21' title="bbox 284 1826 1992 1906; baseline 0.001 -17"><span class='ocrx_word' id='word_1_165' title='bbox 284 1831 605 1903; x_wconf 75' lang='grc' dir='ltr'><strong><em>οἰκοδομικὴ</em></strong></span> <span class='ocrx_word' id='word_1_166' title='bbox 664 1836 986 1903; x_wconf 73' lang='grc' dir='ltr'><em>κληθῆναις</em></span> <span class='ocrx_word' id='word_1_167' title='bbox 1077 1838 1143 1888; x_wconf 81' lang='grc' dir='ltr'><strong>Τι’</strong></span> <span class='ocrx_word' id='word_1_168' title='bbox 1200 1832 1346 1906; x_wconf 66' lang='grc' dir='ltr'><em>μήνζ,</em></span> <span class='ocrx_word' id='word_1_169' title='bbox 1415 1826 1571 1905; x_wconf 70' lang='lat' dir='ltr'><strong>⁷Ap&#39;v</strong></span> <span class='ocrx_word' id='word_1_170' title='bbox 1618 1834 1684 1890; x_wconf 83' lang='grc' dir='ltr'><strong>οὐ</strong></span> <span class='ocrx_word' id='word_1_171' title='bbox 1731 1837 1808 1906; x_wconf 80' lang='grc' dir='ltr'><strong>τῷ</strong></span> <span class='ocrx_word' id='word_1_172' title='bbox 1853 1835 1992 1892; x_wconf 80' lang='grc' dir='ltr'><strong>ποιά</strong></span> 
     </span>
     <span class='ocr_line' id='line_1_22' title="bbox 283 1916 1991 1991; baseline 0.002 -19"><span class='ocrx_word' id='word_1_173' title='bbox 283 1939 363 1982; x_wconf 84' lang='grc' dir='ltr'><strong>τις</strong></span> <span class='ocrx_word' id='word_1_174' title='bbox 406 1917 565 1984; x_wconf 83' lang='grc' dir='ltr'><strong><em>εἶναι,</em></strong></span> <span class='ocrx_word' id='word_1_175' title='bbox 608 1923 702 1974; x_wconf 81' lang='grc' dir='ltr'><strong>οἵα</strong></span> <span class='ocrx_word' id='word_1_176' title='bbox 746 1923 903 1991; x_wconf 78' lang='grc' dir='ltr'><strong><em>ἑτέρα</em></strong></span> <span class='ocrx_word' id='word_1_177' title='bbox 952 1916 1180 1990; x_wconf 80' lang='grc' dir='ltr'><strong><em>οὐδεμία</em></strong></span> <span class='ocrx_word' id='word_1_178' title='bbox 1225 1920 1336 1973; x_wconf 78' lang='grc' dir='ltr'><strong>τῶν</strong></span> <span class='ocrx_word' id='word_1_179' title='bbox 1379 1916 1595 1985; x_wconf 74' lang='grc' dir='ltr'><em>άλλωνς</em></span> <span class='ocrx_word' id='word_1_180' title='bbox 1671 1921 1800 1974; x_wconf 83' lang='grc' dir='ltr'><strong><em>Ναί.</em></strong></span> <span class='ocrx_word' id='word_1_181' title='bbox 1886 1919 1991 1975; x_wconf 80' lang='grc' dir='ltr'><strong>(Ιὺ-</strong></span> 
     </span>
    </p>
   </div>
   <div class='ocr_carea' id='block_1_4' title="bbox 282 2080 1993 2662">
    <p class='ocr_par' dir='ltr' id='par_1_4' title="bbox 282 2080 1990 2199">
     <span class='ocr_line' id='line_1_23' title="bbox 401 2080 1990 2139; baseline 0 -13"><span class='ocrx_word' id='word_1_182' title='bbox 401 2086 450 2129; x_wconf 87' lang='grc' dir='ltr'><strong>Β.</strong></span> <span class='ocrx_word' id='word_1_183' title='bbox 512 2080 643 2126; x_wconf 79' lang='grc' dir='ltr'><strong>αὐτὰ</strong></span> <span class='ocrx_word' id='word_1_184' title='bbox 689 2084 890 2126; x_wconf 75' lang='grc' dir='ltr'><strong><em>ἕκαστα</em></strong></span> <span class='ocrx_word' id='word_1_185' title='bbox 930 2081 1113 2126; x_wconf 74' lang='grc' dir='ltr'><strong><em>αὐτοῦ</em></strong></span> <span class='ocrx_word' id='word_1_186' title='bbox 1152 2083 1402 2126; x_wconf 82' lang='grc' dir='ltr'><strong>ἑκάστου</strong></span> <span class='ocrx_word' id='word_1_187' title='bbox 1441 2083 1659 2139; x_wconf 53' lang='lat' dir='ltr'><strong>adven]</strong></span> <span class='ocrx_word' id='word_1_188' title='bbox 1707 2084 1797 2126; x_wconf 88' lang='lat' dir='ltr'><strong>Pro</strong></span> <span class='ocrx_word' id='word_1_189' title='bbox 1841 2080 1990 2131; x_wconf 70' lang='grc' dir='ltr'><strong>αΰνοῦ,</strong></span> 
     </span>
     <span class='ocr_line' id='line_1_24' title="bbox 282 2141 1989 2199; baseline 0 -15"><span class='ocrx_word' id='word_1_190' title='bbox 282 2145 403 2197; x_wconf 75' lang='lat' dir='ltr'><strong>qnod</strong></span> <span class='ocrx_word' id='word_1_191' title='bbox 433 2145 562 2184; x_wconf 83' lang='lat' dir='ltr'><strong>codd.</strong></span> <span class='ocrx_word' id='word_1_192' title='bbox 594 2143 794 2196; x_wconf 80' lang='lat' dir='ltr'>plerique</span> <span class='ocrx_word' id='word_1_193' title='bbox 824 2157 976 2185; x_wconf 86' lang='lat' dir='ltr'><strong>omnes</strong></span> <span class='ocrx_word' id='word_1_194' title='bbox 1009 2145 1316 2199; x_wconf 83' lang='lat' dir='ltr'><strong>exhibuerunt,</strong></span> <span class='ocrx_word' id='word_1_195' title='bbox 1346 2148 1452 2187; x_wconf 82' lang='lat' dir='ltr'><strong>vett.</strong></span> <span class='ocrx_word' id='word_1_196' title='bbox 1486 2145 1610 2185; x_wconf 84' lang='lat' dir='ltr'><strong>editt.</strong></span> <span class='ocrx_word' id='word_1_197' title='bbox 1634 2145 1796 2186; x_wconf 87' lang='lat' dir='ltr'><strong>vitiose</strong></span> <span class='ocrx_word' id='word_1_198' title='bbox 1828 2141 1874 2184; x_wconf 83' lang='grc' dir='ltr'><strong>ἐκ</strong></span> <span class='ocrx_word' id='word_1_199' title='bbox 1897 2145 1989 2184; x_wconf 85' lang='grc' dir='ltr'><strong><em>τοῦ.</em></strong></span> 
     </span>
    </p>

    <p class='ocr_par' dir='ltr' id='par_1_5' title="bbox 282 2199 1991 2370">
     <span class='ocr_line' id='line_1_25' title="bbox 399 2199 1991 2255; baseline 0.001 -13"><span class='ocrx_word' id='word_1_200' title='bbox 399 2201 448 2242; x_wconf 86' lang='lat' dir='ltr'><strong>C.</strong></span> <span class='ocrx_word' id='word_1_201' title='bbox 508 2199 689 2242; x_wconf 73' lang='grc' dir='ltr'><em>θάττω</em></span> <span class='ocrx_word' id='word_1_202' title='bbox 733 2199 874 2255; x_wconf 71' lang='grc' dir='ltr'><strong><em>πρὸς</em></strong></span> <span class='ocrx_word' id='word_1_203' title='bbox 916 2199 1262 2255; x_wconf 79' lang='grc' dir='ltr'><strong><em>βραδύτερα]</em></strong></span> <span class='ocrx_word' id='word_1_204' title='bbox 1307 2202 1354 2242; x_wconf 92' lang='lat' dir='ltr'><strong>V.</strong></span> <span class='ocrx_word' id='word_1_205' title='bbox 1397 2199 1510 2253; x_wconf 66' lang='grc' dir='ltr'><strong>πρόέ</strong></span> <span class='ocrx_word' id='word_1_206' title='bbox 1554 2199 1601 2242; x_wconf 78' lang='grc' dir='ltr'><strong>τὰ</strong></span> <span class='ocrx_word' id='word_1_207' title='bbox 1632 2202 1726 2255; x_wconf 60' lang='lat' dir='ltr'><strong>fio„</strong></span> <span class='ocrx_word' id='word_1_208' title='bbox 1777 2203 1894 2255; x_wconf 87' lang='lat' dir='ltr'><strong>quod</strong></span> <span class='ocrx_word' id='word_1_209' title='bbox 1937 2214 1991 2243; x_wconf 83' lang='lat' dir='ltr'><strong>ex</strong></span> 
     </span>
     <span class='ocr_line' id='line_1_26' title="bbox 282 2258 1990 2313; baseline 0 -13"><span class='ocrx_word' id='word_1_210' title='bbox 282 2259 425 2300; x_wconf 83' lang='lat' dir='ltr'><strong>Paris.</strong></span> <span class='ocrx_word' id='word_1_211' title='bbox 458 2258 515 2300; x_wconf 87' lang='lat' dir='ltr'><strong>K.</strong></span> <span class='ocrx_word' id='word_1_212' title='bbox 550 2265 593 2299; x_wconf 91' lang='lat' dir='ltr'><strong>et</strong></span> <span class='ocrx_word' id='word_1_213' title='bbox 621 2261 722 2302; x_wconf 83' lang='lat' dir='ltr'><strong>Vat.</strong></span> <span class='ocrx_word' id='word_1_214' title='bbox 753 2273 788 2302; x_wconf 90' lang='lat' dir='ltr'><strong>r.</strong></span> <span class='ocrx_word' id='word_1_215' title='bbox 821 2266 1050 2310; x_wconf 89' lang='lat' dir='ltr'><strong>mutatum,</strong></span> <span class='ocrx_word' id='word_1_216' title='bbox 1089 2265 1332 2313; x_wconf 82' lang='lat' dir='ltr'><strong>praeeunte</strong></span> <span class='ocrx_word' id='word_1_217' title='bbox 1368 2260 1587 2302; x_wconf 80' lang='lat' dir='ltr'><strong>Bekkero.</strong></span> <span class='ocrx_word' id='word_1_218' title='bbox 1652 2261 1855 2301; x_wconf 74' lang='lat' dir='ltr'><strong>naiterus</strong></span> <span class='ocrx_word' id='word_1_219' title='bbox 1886 2262 1990 2302; x_wconf 77' lang='lat' dir='ltr'><strong>arti-</strong></span> 
     </span>
     <span class='ocr_line' id='line_1_27' title="bbox 282 2315 1612 2370; baseline 0.003 -14"><span class='ocrx_word' id='word_1_220' title='bbox 282 2318 427 2359; x_wconf 82' lang='lat' dir='ltr'>culum</span> <span class='ocrx_word' id='word_1_221' title='bbox 459 2320 588 2358; x_wconf 87' lang='lat' dir='ltr'><strong>etiam</strong></span> <span class='ocrx_word' id='word_1_222' title='bbox 621 2324 723 2357; x_wconf 80' lang='lat' dir='ltr'><strong>ante</strong></span> <span class='ocrx_word' id='word_1_223' title='bbox 758 2315 906 2358; x_wconf 78' lang='grc' dir='ltr'><em>θάττω</em></span> <span class='ocrx_word' id='word_1_224' title='bbox 939 2319 1189 2360; x_wconf 84' lang='lat' dir='ltr'><strong>addendum</strong></span> <span class='ocrx_word' id='word_1_225' title='bbox 1223 2332 1318 2359; x_wconf 83' lang='lat' dir='ltr'><strong>esse</strong></span> <span class='ocrx_word' id='word_1_226' title='bbox 1348 2319 1612 2370; x_wconf 79' lang='lat' dir='ltr'><strong>suspicatur.</strong></span> 
     </span>
    </p>

    <p class='ocr_par' dir='ltr' id='par_1_6' title="bbox 282 2371 1993 2546">
     <span class='ocr_line' id='line_1_28' title="bbox 401 2371 1993 2432; baseline 0.001 -17"><span class='ocrx_word' id='word_1_227' title='bbox 401 2372 427 2428; x_wconf 78' lang='grc' dir='ltr'><em>ἢ</em></span> <span class='ocrx_word' id='word_1_228' title='bbox 459 2371 592 2416; x_wconf 85' lang='grc' dir='ltr'><strong><em>ὅτου</em></strong></span> <span class='ocrx_word' id='word_1_229' title='bbox 626 2375 710 2415; x_wconf 85' lang='grc' dir='ltr'><strong>δεῖ</strong></span> <span class='ocrx_word' id='word_1_230' title='bbox 737 2376 946 2432; x_wconf 75' lang='grc' dir='ltr'><strong>θεῖναι]</strong></span> <span class='ocrx_word' id='word_1_231' title='bbox 987 2377 1088 2418; x_wconf 85' lang='lat' dir='ltr'><strong>l’ar.</strong></span> <span class='ocrx_word' id='word_1_232' title='bbox 1124 2380 1172 2419; x_wconf 78' lang='grc' dir='ltr'><strong>Α.</strong></span> <span class='ocrx_word' id='word_1_233' title='bbox 1209 2378 1310 2417; x_wconf 82' lang='lat' dir='ltr'><strong>Vat.</strong></span> <span class='ocrx_word' id='word_1_234' title='bbox 1344 2391 1399 2420; x_wconf 89' lang='lat' dir='ltr'><strong>m.</strong></span> <span class='ocrx_word' id='word_1_235' title='bbox 1431 2383 1535 2429; x_wconf 83' lang='lat' dir='ltr'><strong>post</strong></span> <span class='ocrx_word' id='word_1_236' title='bbox 1569 2372 1674 2416; x_wconf 85' lang='grc' dir='ltr'><strong><em>ὅτου</em></strong></span> <span class='ocrx_word' id='word_1_237' title='bbox 1706 2377 1993 2428; x_wconf 84' lang='lat' dir='ltr'><strong>interponunt</strong></span> 
     </span>
     <span class='ocr_line' id='line_1_29' title="bbox 283 2432 1992 2488; baseline -0.001 -14"><span class='ocrx_word' id='word_1_238' title='bbox 283 2432 360 2488; x_wconf 83' lang='grc' dir='ltr'><strong>δή,</strong></span> <span class='ocrx_word' id='word_1_239' title='bbox 406 2436 527 2487; x_wconf 83' lang='lat' dir='ltr'><strong>quod</strong></span> <span class='ocrx_word' id='word_1_240' title='bbox 567 2435 814 2488; x_wconf 80' lang='lat' dir='ltr'><strong>probarunt</strong></span> <span class='ocrx_word' id='word_1_241' title='bbox 854 2435 985 2477; x_wconf 84' lang='lat' dir='ltr'><strong>Turr.</strong></span> <span class='ocrx_word' id='word_1_242' title='bbox 1062 2435 1209 2476; x_wconf 90' lang='lat' dir='ltr'><strong>Nobis</strong></span> <span class='ocrx_word' id='word_1_243' title='bbox 1250 2432 1302 2488; x_wconf 77' lang='grc' dir='ltr'><strong>δὴ</strong></span> <span class='ocrx_word' id='word_1_244' title='bbox 1349 2448 1402 2474; x_wconf 79' lang='lat' dir='ltr'><strong>ex</strong></span> <span class='ocrx_word' id='word_1_245' title='bbox 1449 2432 1515 2474; x_wconf 69' lang='lat' dir='ltr'><strong>Bet·</strong></span> <span class='ocrx_word' id='word_1_246' title='bbox 1551 2441 1695 2475; x_wconf 85' lang='lat' dir='ltr'><strong>ortum</strong></span> <span class='ocrx_word' id='word_1_247' title='bbox 1738 2435 1912 2475; x_wconf 84' lang='lat' dir='ltr'><strong>videtur</strong></span> <span class='ocrx_word' id='word_1_248' title='bbox 1942 2447 1992 2474; x_wconf 74' lang='lat' dir='ltr'><strong>nc</strong></span> 
     </span>
     <span class='ocr_line' id='line_1_30' title="bbox 282 2493 780 2546; baseline 0.006 -13"><span class='ocrx_word' id='word_1_249' title='bbox 282 2493 585 2546; x_wconf 81' lang='lat' dir='ltr'><strong>dittographia</strong></span> <span class='ocrx_word' id='word_1_250' title='bbox 615 2499 780 2536; x_wconf 85' lang='lat' dir='ltr'><strong>natum.</strong></span> 
     </span>
    </p>

    <p class='ocr_par' dir='ltr' id='par_1_7' title="bbox 282 2546 1989 2662">
     <span class='ocr_line' id='line_1_31' title="bbox 398 2546 1989 2606; baseline 0 -15"><span class='ocrx_word' id='word_1_251' title='bbox 398 2550 506 2604; x_wconf 85' lang='lat' dir='ltr'><strong>Cap.</strong></span> <span class='ocrx_word' id='word_1_252' title='bbox 541 2550 665 2592; x_wconf 91' lang='lat' dir='ltr'>XIV.</span> <span class='ocrx_word' id='word_1_253' title='bbox 705 2551 759 2591; x_wconf 86' lang='lat' dir='ltr'><strong>E.</strong></span> <span class='ocrx_word' id='word_1_254' title='bbox 803 2551 892 2591; x_wconf 77' lang='grc' dir='ltr'><strong>καὶ</strong></span> <span class='ocrx_word' id='word_1_255' title='bbox 923 2546 987 2591; x_wconf 81' lang='grc' dir='ltr'><strong>οὕ</strong></span> <span class='ocrx_word' id='word_1_256' title='bbox 1019 2565 1064 2590; x_wconf 81' lang='grc' dir='ltr'><strong>τι</strong></span> <span class='ocrx_word' id='word_1_257' title='bbox 1096 2550 1257 2606; x_wconf 72' lang='grc' dir='ltr'><strong><em>λέγω]</em></strong></span> <span class='ocrx_word' id='word_1_258' title='bbox 1293 2549 1368 2590; x_wconf 92' lang='lat' dir='ltr'><strong>Sic</strong></span> <span class='ocrx_word' id='word_1_259' title='bbox 1400 2549 1503 2591; x_wconf 87' lang='lat' dir='ltr'><strong>Par.</strong></span> <span class='ocrx_word' id='word_1_260' title='bbox 1536 2551 1593 2590; x_wconf 87' lang='lat' dir='ltr'><strong>A.</strong></span> <span class='ocrx_word' id='word_1_261' title='bbox 1625 2550 1738 2592; x_wconf 89' lang='lat' dir='ltr'><strong>Ven.</strong></span> <span class='ocrx_word' id='word_1_262' title='bbox 1771 2549 1832 2589; x_wconf 91' lang='lat'><strong>11.</strong></span> <span class='ocrx_word' id='word_1_263' title='bbox 1863 2548 1989 2591; x_wconf 85' lang='lat' dir='ltr'><strong>Mon.</strong></span> 
     </span>
     <span class='ocr_line' id='line_1_32' title="bbox 282 2604 1914 2662; baseline -0.002 -13"><span class='ocrx_word' id='word_1_264' title='bbox 282 2610 438 2653; x_wconf 75' lang='lat' dir='ltr'><strong>Ambr.</strong></span> <span class='ocrx_word' id='word_1_265' title='bbox 475 2610 568 2650; x_wconf 78' lang='lat' dir='ltr'><strong>Vat.</strong></span> <span class='ocrx_word' id='word_1_266' title='bbox 599 2623 655 2652; x_wconf 90' lang='lat' dir='ltr'><strong>m.</strong></span> <span class='ocrx_word' id='word_1_267' title='bbox 687 2609 807 2650; x_wconf 85' lang='lat' dir='ltr'><strong>Flor.</strong></span> <span class='ocrx_word' id='word_1_268' title='bbox 843 2623 883 2651; x_wconf 83' lang='lat' dir='ltr'><strong>a.</strong></span> <span class='ocrx_word' id='word_1_269' title='bbox 917 2623 954 2650; x_wconf 87' lang='lat' dir='ltr'><strong>c.</strong></span> <span class='ocrx_word' id='word_1_270' title='bbox 986 2622 1030 2661; x_wconf 74' lang='lat' dir='ltr'><strong>X,</strong></span> <span class='ocrx_word' id='word_1_271' title='bbox 1063 2623 1104 2650; x_wconf 88' lang='grc' dir='ltr'><strong>α.</strong></span> <span class='ocrx_word' id='word_1_272' title='bbox 1136 2609 1181 2661; x_wconf 83' lang='grc' dir='ltr'><strong>β.</strong></span> <span class='ocrx_word' id='word_1_273' title='bbox 1216 2623 1253 2662; x_wconf 81' lang='grc' dir='ltr'><strong>γ.</strong></span> <span class='ocrx_word' id='word_1_274' title='bbox 1285 2621 1366 2662; x_wconf 90' lang='lat' dir='ltr'><strong>pro</strong></span> <span class='ocrx_word' id='word_1_275' title='bbox 1398 2609 1518 2660; x_wconf 82' lang='lat' dir='ltr'><strong>vulg.</strong></span> <span class='ocrx_word' id='word_1_276' title='bbox 1558 2604 1682 2647; x_wconf 73' lang='grc' dir='ltr'><strong><em>οὗτοι</em></strong></span> <span class='ocrx_word' id='word_1_277' title='bbox 1714 2605 1834 2660; x_wconf 72' lang='grc' dir='ltr'><em>λέγω.</em></span> <span class='ocrx_word' id='word_1_278' title='bbox 1907 2623 1914 2634; x_wconf 86' lang='grc'><em>·</em></span> 
     </span>
    </p>
   </div>
   <div class='ocr_carea' id='block_1_5' title="bbox 282 2715 1989 2777">
    <p class='ocr_par' dir='ltr' id='par_1_8' title="bbox 282 2715 1989 2777">
     <span class='ocr_line' id='line_1_33' title="bbox 282 2715 1989 2777; baseline -0.002 -13"><span class='ocrx_word' id='word_1_279' title='bbox 282 2725 460 2765; x_wconf 87' lang='lat' dir='ltr'><strong>nomine</strong></span> <span class='ocrx_word' id='word_1_280' title='bbox 492 2726 580 2765; x_wconf 85' lang='lat' dir='ltr'><strong>nisi</strong></span> <span class='ocrx_word' id='word_1_281' title='bbox 622 2725 834 2766; x_wconf 77' lang='lat' dir='ltr'><strong>scientiae</strong></span> <span class='ocrx_word' id='word_1_282' title='bbox 884 2725 1094 2776; x_wconf 88' lang='lat' dir='ltr'><strong>insigniri</strong></span> <span class='ocrx_word' id='word_1_283' title='bbox 1241 2724 1288 2766; x_wconf 89' lang='lat' dir='ltr'><strong>C.</strong></span> <span class='ocrx_word' id='word_1_284' title='bbox 1377 2718 1638 2777; x_wconf 79' lang='grc' dir='ltr'><em>ἐπιστήμη</em></span> <span class='ocrx_word' id='word_1_285' title='bbox 1698 2720 1791 2772; x_wconf 84' lang='grc' dir='ltr'><strong>μὲν</strong></span> <span class='ocrx_word' id='word_1_286' title='bbox 1854 2715 1989 2773; x_wconf 72' lang='grc' dir='ltr'><strong>αὐτὴ</strong></span> 
     </span>
    </p>
   </div>
   <div class='ocr_carea' id='block_1_6' title="bbox 282 2783 1097 3474">
    <p class='ocr_par' dir='ltr' id='par_1_9' title="bbox 282 2783 1097 3474">
     <span class='ocr_line' id='line_1_34' title="bbox 282 2783 1093 2836; baseline 0 -13"><span class='ocrx_word' id='word_1_287' title='bbox 282 2788 452 2836; x_wconf 80' lang='lat' dir='ltr'><strong>potest3</strong></span> <span class='ocrx_word' id='word_1_288' title='bbox 499 2783 689 2824; x_wconf 86' lang='lat' dir='ltr'><strong>refertur</strong></span> <span class='ocrx_word' id='word_1_289' title='bbox 737 2785 853 2824; x_wconf 87' lang='lat' dir='ltr'><strong>enim</strong></span> <span class='ocrx_word' id='word_1_290' title='bbox 911 2784 1093 2824; x_wconf 88' lang='lat' dir='ltr'><strong>omnino</strong></span> 
     </span>
     <span class='ocr_line' id='line_1_35' title="bbox 283 2841 1093 2895; baseline -0.002 -13"><span class='ocrx_word' id='word_1_291' title='bbox 283 2841 342 2882; x_wconf 80' lang='lat' dir='ltr'><strong>ad</strong></span> <span class='ocrx_word' id='word_1_292' title='bbox 373 2846 513 2882; x_wconf 82' lang='lat' dir='ltr'><strong>artem</strong></span> <span class='ocrx_word' id='word_1_293' title='bbox 545 2854 597 2882; x_wconf 86' lang='lat' dir='ltr'><strong>ac</strong></span> <span class='ocrx_word' id='word_1_294' title='bbox 619 2843 899 2895; x_wconf 85' lang='lat' dir='ltr'><strong>disciplinam</strong></span> <span class='ocrx_word' id='word_1_295' title='bbox 918 2843 962 2882; x_wconf 92' lang='lat' dir='ltr'><strong>in</strong></span> <span class='ocrx_word' id='word_1_296' title='bbox 994 2841 1093 2881; x_wconf 89' lang='lat' dir='ltr'><strong>uni-</strong></span> 
     </span>
     <span class='ocr_line' id='line_1_36' title="bbox 284 2900 1096 2952; baseline 0.001 -14"><span class='ocrx_word' id='word_1_297' title='bbox 284 2911 459 2940; x_wconf 85' lang='lat' dir='ltr'><strong>versum</strong></span> <span class='ocrx_word' id='word_1_298' title='bbox 501 2904 763 2952; x_wconf 81' lang='lat' dir='ltr'><strong>spectatam:</strong></span> <span class='ocrx_word' id='word_1_299' title='bbox 821 2900 900 2940; x_wconf 90' lang='lat' dir='ltr'><strong>sed</strong></span> <span class='ocrx_word' id='word_1_300' title='bbox 948 2900 1096 2952; x_wconf 83' lang='lat' dir='ltr'><strong>prouti</strong></span> 
     </span>
     <span class='ocr_line' id='line_1_37' title="bbox 284 2957 1096 3009; baseline 0.001 -12"><span class='ocrx_word' id='word_1_301' title='bbox 284 2957 341 2996; x_wconf 84' lang='lat' dir='ltr'><strong>ad</strong></span> <span class='ocrx_word' id='word_1_302' title='bbox 379 2957 460 2998; x_wconf 86' lang='lat' dir='ltr'><strong>has</strong></span> <span class='ocrx_word' id='word_1_303' title='bbox 500 2959 569 2998; x_wconf 82' lang='lat' dir='ltr'><strong>vel</strong></span> <span class='ocrx_word' id='word_1_304' title='bbox 599 2959 700 2998; x_wconf 84' lang='lat' dir='ltr'><strong>illas</strong></span> <span class='ocrx_word' id='word_1_305' title='bbox 740 2971 810 2999; x_wconf 85' lang='lat' dir='ltr'><strong>res</strong></span> <span class='ocrx_word' id='word_1_306' title='bbox 848 2958 1096 3009; x_wconf 80' lang='lat' dir='ltr'><strong>singulares</strong></span> 
     </span>
     <span class='ocr_line' id='line_1_38' title="bbox 285 3014 1096 3068; baseline 0.001 -14"><span class='ocrx_word' id='word_1_307' title='bbox 285 3014 501 3067; x_wconf 84' lang='lat' dir='ltr'><strong>refertur,</strong></span> <span class='ocrx_word' id='word_1_308' title='bbox 542 3017 689 3057; x_wconf 84' lang='lat' dir='ltr'><strong>varias</strong></span> <span class='ocrx_word' id='word_1_309' title='bbox 722 3022 766 3056; x_wconf 86' lang='lat' dir='ltr'><strong>et</strong></span> <span class='ocrx_word' id='word_1_310' title='bbox 794 3017 893 3068; x_wconf 85' lang='lat' dir='ltr'><strong>ipsa</strong></span> <span class='ocrx_word' id='word_1_311' title='bbox 924 3018 1096 3056; x_wconf 84' lang='lat' dir='ltr'><strong>nancis—</strong></span> 
     </span>
     <span class='ocr_line' id='line_1_39' title="bbox 287 3073 1093 3127; baseline 0.004 -16"><span class='ocrx_word' id='word_1_312' title='bbox 287 3073 400 3113; x_wconf 85' lang='lat' dir='ltr'><strong>citur</strong></span> <span class='ocrx_word' id='word_1_313' title='bbox 430 3073 596 3115; x_wconf 85' lang='lat' dir='ltr'><strong>formas</strong></span> <span class='ocrx_word' id='word_1_314' title='bbox 629 3081 760 3127; x_wconf 86' lang='lat' dir='ltr'><strong>atque</strong></span> <span class='ocrx_word' id='word_1_315' title='bbox 782 3074 950 3127; x_wconf 86' lang='lat' dir='ltr'><strong>species</strong></span> <span class='ocrx_word' id='word_1_316' title='bbox 970 3075 1093 3114; x_wconf 85' lang='lat' dir='ltr'><strong>ideo·</strong></span> 
     </span>
     <span class='ocr_line' id='line_1_40' title="bbox 288 3132 1095 3185; baseline 0.004 -16"><span class='ocrx_word' id='word_1_317' title='bbox 288 3142 373 3181; x_wconf 88' lang='lat' dir='ltr'><strong>que</strong></span> <span class='ocrx_word' id='word_1_318' title='bbox 407 3133 542 3172; x_wconf 82' lang='lat' dir='ltr'><strong>variis</strong></span> <span class='ocrx_word' id='word_1_319' title='bbox 571 3133 825 3173; x_wconf 88' lang='lat' dir='ltr'><strong>nominibus</strong></span> <span class='ocrx_word' id='word_1_320' title='bbox 860 3132 1095 3185; x_wconf 85' lang='lat' dir='ltr'><strong>peculiari-</strong></span> 
     </span>
     <span class='ocr_line' id='line_1_41' title="bbox 285 3187 1094 3239; baseline 0.004 -13"><span class='ocrx_word' id='word_1_321' title='bbox 285 3187 368 3227; x_wconf 91' lang='lat' dir='ltr'><strong>bus</strong></span> <span class='ocrx_word' id='word_1_322' title='bbox 411 3196 609 3239; x_wconf 85' lang='lat' dir='ltr'><strong>vocatur.</strong></span> <span class='ocrx_word' id='word_1_323' title='bbox 670 3190 974 3232; x_wconf 81' lang='lat' dir='ltr'><strong>Relativarum</strong></span> <span class='ocrx_word' id='word_1_324' title='bbox 1015 3203 1094 3229; x_wconf 89' lang='lat' dir='ltr'><strong>no-</strong></span> 
     </span>
     <span class='ocr_line' id='line_1_42' title="bbox 288 3247 1094 3302; baseline 0.005 -18"><span class='ocrx_word' id='word_1_325' title='bbox 288 3247 460 3286; x_wconf 77' lang='lat' dir='ltr'><strong>tionum</strong></span> <span class='ocrx_word' id='word_1_326' title='bbox 489 3253 692 3289; x_wconf 80' lang='lat' dir='ltr'><strong>naturam</strong></span> <span class='ocrx_word' id='word_1_327' title='bbox 713 3247 1008 3302; x_wconf 83' lang='lat' dir='ltr'><strong>philosophus</strong></span> <span class='ocrx_word' id='word_1_328' title='bbox 1043 3249 1094 3288; x_wconf 89' lang='lat' dir='ltr'><strong>il·</strong></span> 
     </span>
     <span class='ocr_line' id='line_1_43' title="bbox 289 3304 1096 3347; baseline 0.002 -4"><span class='ocrx_word' id='word_1_329' title='bbox 289 3304 558 3346; x_wconf 78' lang='lat' dir='ltr'><strong>lustraverat</strong></span> <span class='ocrx_word' id='word_1_330' title='bbox 591 3307 756 3346; x_wconf 87' lang='lat' dir='ltr'><strong>dudum</strong></span> <span class='ocrx_word' id='word_1_331' title='bbox 787 3308 833 3347; x_wconf 90' lang='lat' dir='ltr'><strong>in</strong></span> <span class='ocrx_word' id='word_1_332' title='bbox 857 3305 1096 3346; x_wconf 82' lang='lat' dir='ltr'><strong>Charmide</strong></span> 
     </span>
     <span class='ocr_line' id='line_1_44' title="bbox 288 3360 1097 3416; baseline 0.004 -15"><span class='ocrx_word' id='word_1_333' title='bbox 288 3376 332 3415; x_wconf 90' lang='lat' dir='ltr'><strong>p.</strong></span> <span class='ocrx_word' id='word_1_334' title='bbox 372 3360 471 3404; x_wconf 87' lang='grc'><strong>168.</strong></span> <span class='ocrx_word' id='word_1_335' title='bbox 516 3362 551 3402; x_wconf 89' lang='grc' dir='ltr'><strong>Β</strong></span> <span class='ocrx_word' id='word_1_336' title='bbox 586 3376 679 3416; x_wconf 89' lang='lat' dir='ltr'><strong>sqq.</strong></span> <span class='ocrx_word' id='word_1_337' title='bbox 722 3366 797 3416; x_wconf 92' lang='lat' dir='ltr'><strong>qui</strong></span> <span class='ocrx_word' id='word_1_338' title='bbox 834 3365 958 3404; x_wconf 89' lang='lat' dir='ltr'><strong>locus</strong></span> <span class='ocrx_word' id='word_1_339' title='bbox 998 3364 1097 3404; x_wconf 89' lang='lat' dir='ltr'><strong>dili-</strong></span> 
     </span>
     <span class='ocr_line' id='line_1_45' title="bbox 290 3420 1095 3474; baseline 0.002 -14"><span class='ocrx_word' id='word_1_340' title='bbox 290 3420 411 3471; x_wconf 77' lang='lat' dir='ltr'><strong>genti</strong></span> <span class='ocrx_word' id='word_1_341' title='bbox 453 3420 614 3470; x_wconf 73' lang='lat' dir='ltr'><strong>dignus</strong></span> <span class='ocrx_word' id='word_1_342' title='bbox 655 3427 723 3461; x_wconf 79' lang='lat' dir='ltr'><strong>est</strong></span> <span class='ocrx_word' id='word_1_343' title='bbox 753 3422 1095 3474; x_wconf 77' lang='lat' dir='ltr'><strong>comparatione.</strong></span> 
     </span>
    </p>
   </div>
   <div class='ocr_carea' id='block_1_7' title="bbox 1181 2777 1990 3470">
    <p class='ocr_par' dir='ltr' id='par_1_10' title="bbox 1181 2777 1990 3238">
     <span class='ocr_line' id='line_1_46' title="bbox 1183 2777 1990 2834; baseline -0.007 -10"><span class='ocrx_word' id='word_1_344' title='bbox 1183 2783 1311 2833; x_wconf 80' lang='grc' dir='ltr'><em>μάθ’.</em></span> <span class='ocrx_word' id='word_1_345' title='bbox 1354 2777 1558 2834; x_wconf 75' lang='grc' dir='ltr'><strong><em>αὐτοῦ]</em></strong></span> <span class='ocrx_word' id='word_1_346' title='bbox 1601 2781 1788 2822; x_wconf 84' lang='lat' dir='ltr'><strong>scientia</strong></span> <span class='ocrx_word' id='word_1_347' title='bbox 1824 2791 1903 2832; x_wconf 85' lang='lat' dir='ltr'><strong>per</strong></span> <span class='ocrx_word' id='word_1_348' title='bbox 1943 2792 1990 2819; x_wconf 68' lang='lat' dir='ltr'><strong>se</strong></span> 
     </span>
     <span class='ocr_line' id='line_1_47' title="bbox 1183 2838 1988 2894; baseline -0.007 -12"><span class='ocrx_word' id='word_1_349' title='bbox 1183 2845 1392 2894; x_wconf 78' lang='lat' dir='ltr'><strong>spec¹·ata,</strong></span> <span class='ocrx_word' id='word_1_350' title='bbox 1430 2840 1475 2880; x_wconf 92' lang='lat' dir='ltr'><strong>h.</strong></span> <span class='ocrx_word' id='word_1_351' title='bbox 1496 2852 1532 2882; x_wconf 79' lang='lat' dir='ltr'><strong>e..</strong></span> <span class='ocrx_word' id='word_1_352' title='bbox 1564 2839 1607 2879; x_wconf 90' lang='lat' dir='ltr'><strong>in</strong></span> <span class='ocrx_word' id='word_1_353' title='bbox 1636 2839 1891 2878; x_wconf 87' lang='lat' dir='ltr'><strong>universnm</strong></span> <span class='ocrx_word' id='word_1_354' title='bbox 1922 2838 1988 2877; x_wconf 90' lang='lat' dir='ltr'><strong>di-</strong></span> 
     </span>
     <span class='ocr_line' id='line_1_48' title="bbox 1184 2894 1988 2951; baseline -0.007 -11"><span class='ocrx_word' id='word_1_355' title='bbox 1184 2907 1276 2951; x_wconf 82' lang='lat' dir='ltr'><strong>cta,</strong></span> <span class='ocrx_word' id='word_1_356' title='bbox 1319 2897 1508 2938; x_wconf 84' lang='lat' dir='ltr'><strong>refertur</strong></span> <span class='ocrx_word' id='word_1_357' title='bbox 1547 2898 1604 2937; x_wconf 87' lang='lat' dir='ltr'><strong>ad</strong></span> <span class='ocrx_word' id='word_1_358' title='bbox 1635 2899 1741 2937; x_wconf 83' lang='lat' dir='ltr'><strong>artis</strong></span> <span class='ocrx_word' id='word_1_359' title='bbox 1774 2908 1824 2936; x_wconf 83' lang='lat' dir='ltr'><strong>ac</strong></span> <span class='ocrx_word' id='word_1_360' title='bbox 1855 2894 1988 2935; x_wconf 84' lang='lat' dir='ltr'><strong>disci-</strong></span> 
     </span>
     <span class='ocr_line' id='line_1_49' title="bbox 1182 2952 1989 3011; baseline -0.005 -13"><span class='ocrx_word' id='word_1_361' title='bbox 1182 2959 1330 3011; x_wconf 87' lang='lat' dir='ltr'><strong>plinae</strong></span> <span class='ocrx_word' id='word_1_362' title='bbox 1379 2968 1518 3006; x_wconf 84' lang='lat' dir='ltr'><strong>genus</strong></span> <span class='ocrx_word' id='word_1_363' title='bbox 1569 2955 1846 2999; x_wconf 84' lang='lat' dir='ltr'><strong>universum:</strong></span> <span class='ocrx_word' id='word_1_364' title='bbox 1910 2952 1989 2994; x_wconf 85' lang='lat' dir='ltr'><strong>sed</strong></span> 
     </span>
     <span class='ocr_line' id='line_1_50' title="bbox 1185 3010 1990 3065; baseline -0.009 -8"><span class='ocrx_word' id='word_1_365' title='bbox 1185 3010 1417 3065; x_wconf 76' lang='grc' dir='ltr'><strong><em>ποιότητός</em></strong></span> <span class='ocrx_word' id='word_1_366' title='bbox 1485 3022 1602 3053; x_wconf 76' lang='lat' dir='ltr'><strong>uzos·</strong></span> <span class='ocrx_word' id='word_1_367' title='bbox 1656 3011 1990 3065; x_wconf 80' lang='lat' dir='ltr'><strong>comprehendit</strong></span> 
     </span>
     <span class='ocr_line' id='line_1_51' title="bbox 1181 3066 1989 3120; baseline -0.01 -5"><span class='ocrx_word' id='word_1_368' title='bbox 1181 3074 1270 3114; x_wconf 87' lang='lat' dir='ltr'><strong>vim</strong></span> <span class='ocrx_word' id='word_1_369' title='bbox 1290 3077 1333 3114; x_wconf 91' lang='lat' dir='ltr'><strong>et</strong></span> <span class='ocrx_word' id='word_1_370' title='bbox 1349 3072 1584 3120; x_wconf 79' lang='lat' dir='ltr'><strong>actionem,</strong></span> <span class='ocrx_word' id='word_1_371' title='bbox 1615 3070 1758 3110; x_wconf 90' lang='lat' dir='ltr'><strong>sicubi</strong></span> <span class='ocrx_word' id='word_1_372' title='bbox 1780 3071 1837 3111; x_wconf 85' lang='lat' dir='ltr'><strong>ad</strong></span> <span class='ocrx_word' id='word_1_373' title='bbox 1859 3066 1989 3109; x_wconf 79' lang='grc' dir='ltr'><strong><em>ποιόν</em></strong></span> 
     </span>
     <span class='ocr_line' id='line_1_52' title="bbox 1183 3127 1986 3181; baseline -0.006 -10"><span class='ocrx_word' id='word_1_374' title='bbox 1183 3145 1231 3179; x_wconf 84' lang='grc' dir='ltr'><strong>τι,</strong></span> <span class='ocrx_word' id='word_1_375' title='bbox 1259 3132 1305 3172; x_wconf 88' lang='lat' dir='ltr'><strong>h.</strong></span> <span class='ocrx_word' id='word_1_376' title='bbox 1327 3142 1364 3172; x_wconf 88' lang='lat' dir='ltr'><strong>e.</strong></span> <span class='ocrx_word' id='word_1_377' title='bbox 1395 3129 1584 3180; x_wconf 85' lang='lat' dir='ltr'><strong>speciem</strong></span> <span class='ocrx_word' id='word_1_378' title='bbox 1610 3128 1802 3181; x_wconf 79' lang='lat' dir='ltr'><strong>aliquam</strong></span> <span class='ocrx_word' id='word_1_379' title='bbox 1834 3133 1876 3167; x_wconf 90' lang='lat' dir='ltr'><strong>et</strong></span> <span class='ocrx_word' id='word_1_380' title='bbox 1895 3127 1986 3167; x_wconf 78' lang='lat' dir='ltr'><strong>for-</strong></span> 
     </span>
     <span class='ocr_line' id='line_1_53' title="bbox 1181 3186 1986 3238; baseline -0.006 -8"><span class='ocrx_word' id='word_1_381' title='bbox 1181 3203 1296 3231; x_wconf 87' lang='lat' dir='ltr'><strong>mam</strong></span> <span class='ocrx_word' id='word_1_382' title='bbox 1326 3187 1523 3226; x_wconf 83' lang='lat' dir='ltr'><strong>universi</strong></span> <span class='ocrx_word' id='word_1_383' title='bbox 1556 3188 1744 3238; x_wconf 85' lang='lat' dir='ltr'><strong>generis,</strong></span> <span class='ocrx_word' id='word_1_384' title='bbox 1780 3186 1986 3238; x_wconf 81' lang='lat' dir='ltr'><strong>pertinet</strong></span> 
     </span>
    </p>

    <p class='ocr_par' dir='ltr' id='par_1_11' title="bbox 1183 3242 1986 3412">
     <span class='ocr_line' id='line_1_54' title="bbox 1239 3242 1985 3299; baseline -0.007 -12"><span class='ocrx_word' id='word_1_385' title='bbox 1239 3243 1493 3299; x_wconf 76' lang='lat' dir='ltr'><strong>cap.X1v.</strong></span> <span class='ocrx_word' id='word_1_386' title='bbox 1531 3244 1588 3287; x_wconf 83' lang='lat' dir='ltr'><strong>E.</strong></span> <span class='ocrx_word' id='word_1_387' title='bbox 1619 3245 1708 3284; x_wconf 77' lang='grc' dir='ltr'><strong>καὶ</strong></span> <span class='ocrx_word' id='word_1_388' title='bbox 1743 3242 1806 3284; x_wconf 81' lang='grc' dir='ltr'><strong>οὕ</strong></span> <span class='ocrx_word' id='word_1_389' title='bbox 1839 3257 1883 3283; x_wconf 78' lang='grc' dir='ltr'><strong>ιι</strong></span> <span class='ocrx_word' id='word_1_390' title='bbox 1915 3242 1985 3282; x_wconf 80' lang='grc' dir='ltr'><strong>λε’-</strong></span> 
     </span>
     <span class='ocr_line' id='line_1_55' title="bbox 1183 3301 1986 3358; baseline -0.005 -15"><span class='ocrx_word' id='word_1_391' title='bbox 1183 3305 1281 3358; x_wconf 76' lang='grc' dir='ltr'><strong>γω]</strong></span> <span class='ocrx_word' id='word_1_392' title='bbox 1329 3302 1438 3343; x_wconf 89' lang='lat' dir='ltr'><strong>nnd</strong></span> <span class='ocrx_word' id='word_1_393' title='bbox 1479 3303 1564 3343; x_wconf 88' lang='lat' dir='ltr'><strong>ich</strong></span> <span class='ocrx_word' id='word_1_394' title='bbox 1605 3305 1781 3343; x_wconf 90' lang='lat' dir='ltr'><strong>meine</strong></span> <span class='ocrx_word' id='word_1_395' title='bbox 1828 3301 1986 3342; x_wconf 89' lang='lat' dir='ltr'><strong>nicht</strong></span> 
     </span>
     <span class='ocr_line' id='line_1_56' title="bbox 1183 3357 1984 3412; baseline -0.004 -8"><span class='ocrx_word' id='word_1_396' title='bbox 1183 3368 1329 3404; x_wconf 82' lang='lat' dir='ltr'><strong>etwa</strong></span> <span class='ocrx_word' id='word_1_397' title='bbox 1367 3366 1444 3400; x_wconf 83' lang='lat' dir='ltr'><strong>etr.</strong></span> <span class='ocrx_word' id='word_1_398' title='bbox 1487 3374 1525 3400; x_wconf 91' lang='lat' dir='ltr'><strong>v.</strong></span> <span class='ocrx_word' id='word_1_399' title='bbox 1572 3361 1671 3400; x_wconf 89' lang='lat' dir='ltr'><strong>libr.</strong></span> <span class='ocrx_word' id='word_1_400' title='bbox 1719 3361 1773 3400; x_wconf 84' lang='lat' dir='ltr'><strong>V.</strong></span> <span class='ocrx_word' id='word_1_401' title='bbox 1811 3372 1853 3412; x_wconf 87' lang='lat' dir='ltr'><strong>p.</strong></span> <span class='ocrx_word' id='word_1_402' title='bbox 1884 3357 1984 3401; x_wconf 82' lang='lat'><strong>451</strong></span> 
     </span>
    </p>

    <p class='ocr_par' dir='ltr' id='par_1_12' title="bbox 1229 3413 1983 3470">
     <span class='ocr_line' id='line_1_57' title="bbox 1229 3413 1983 3470; baseline -0.008 -10"><span class='ocrx_word' id='word_1_403' title='bbox 1229 3452 1238 3460; x_wconf 94' lang='lat'><strong>.</strong></span> <span class='ocrx_word' id='word_1_404' title='bbox 1277 3420 1392 3461; x_wconf 83' lang='lat' dir='ltr'><strong>Tim.</strong></span> <span class='ocrx_word' id='word_1_405' title='bbox 1425 3431 1468 3470; x_wconf 87' lang='lat' dir='ltr'><strong>p.</strong></span> <span class='ocrx_word' id='word_1_406' title='bbox 1502 3417 1568 3460; x_wconf 75' lang='lat'><strong>19.</strong></span> <span class='ocrx_word' id='word_1_407' title='bbox 1599 3418 1669 3466; x_wconf 85' lang='lat' dir='ltr'><strong>D.</strong></span> <span class='ocrx_word' id='word_1_408' title='bbox 1700 3418 1773 3458; x_wconf 86' lang='lat' dir='ltr'><strong>nbi</strong></span> <span class='ocrx_word' id='word_1_409' title='bbox 1805 3413 1899 3455; x_wconf 73' lang='grc' dir='ltr'><strong>οὔτι</strong></span> <span class='ocrx_word' id='word_1_410' title='bbox 1931 3440 1983 3444; x_wconf 44' lang='grc' dir='ltr'><strong>μ-</strong></span> 
     </span>
    </p>
   </div>
  </div>
 </body>
</html>
