2106 3594
1614 117 1841 199 Lxxv

133 290 256 342 541.
307 287 453 353 B.).·
515 287 625 341 His
669 304 800 340 vero
850 286 926 340 ita
973 287 1261 357 explicatis
1311 286 1552 357 denique
1590 287 1646 340 in
1685 287 1841 356 ipso

35 407 37 442 3
134 359 301 412 libri
361 357 647 429 septimi
693 357 892 412 exitu
940 377 1120 428 pauca
1181 357 1450 430 quaedam
1509 357 1843 413 adiiciuntur

135 429 204 484 ‹le
259 431 350 484 via
386 438 443 484 et
477 428 688 483 ratione
704 470 722 498 ‚
773 448 884 499 qua
931 430 1170 501 optimae
1209 430 1451 485 civitatis
1489 429 1844 485 fund-amenta

133 501 391 574 ponenda
436 501 566 555 sint.
656 502 845 571 Atque
895 500 977 554 ita
1020 501 1244 556 tandem
1294 502 1458 572 plene
1501 508 1844 557 exstructum

134 582 220 627 est
263 571 575 626 aedificium
624 571 867 626 civitatis
881 612 900 640 ,
954 590 1120 643 quam
1182 573 1545 646 philosophus
1606 572 1843 628 condere

133 644 373 699 animum
407 643 652 710 induxit3
690 643 942 699 absoluta
978 663 1109 698 vero
1142 645 1273 698 item
1308 651 1394 698 est
1428 645 1611 698 imavo
1650 645 1843 716 optimi

133 715 400 783 hominis,
445 732 610 786 quam
646 734 758 769 una
794 735 919 770 cum
955 715 1050 768 illa
1084 715 1409 771 adumbrare
1443 733 1507 769 ac
1539 691 1843 788 Cdepingere

132 787 512 841 constituerat.
585 786 788 857 Neque
822 787 967 841 enim
1004 786 1232 842 dubium
1267 786 1444 841 videri
1480 785 1665 856 debet,
1705 788 1842 857 quin

131 870 423 928 utrumque
473 856 667 913 eadem
699 871 885 930 'opera
929 858 1002 913 sit
1048 860 1373 929 perfectum.
1448 860 1722 931 Apertum
1760 866 1845 912 est

132 931 280 984 enim
326 929 519 985 eadem
549 929 927 1003 disputatione
949 948 1085 985 esse
1121 930 1375 985 effectum
1389 941 1422 999 ,f
1458 938 1523 984 ut
1560 937 1614 984 et
1652 930 1843 985 civita—

132 1002 205 1056 tis
253 1001 327 1055 ad
376 1003 637 1056 virtutem
681 1001 897 1056 indoles
957 1010 1015 1056 et
1076 1002 1314 1057 hominis
1341 1009 1557 1056 natura
1616 1002 1840 1056 moralis

131 1073 502 1146 intelligatur,
554 1082 719 1143 atque
774 1072 1031 1128 educatio
1079 1082 1151 1127 et>
1188 1074 1464 1128 institutio
1531 1073 1708 1144 qualis
1772 1071 1844 1127 ad

131 1164 374 1199 summae
395 1145 618 1200 virtutis
640 1143 856 1199 laudem
871 1145 1330 1217 consequendam
1357 1144 1651 1216 perducat,
1679 1145 1843 1217 plane

130 1216 512 1288 perspiciatur.
595 1217 664 1271 In
725 1227 835 1288 quo
896 1217 1050 1272 bene.
1097 1217 1410 1272 meminisse
1467 1217 1681 1272 iuvabit
1696 1257 1713 1286 ,
1775 1217 1844 1271 de

169 1306 242 1342 uo
276 1307 447 1360 supra
483 1288 787 1344 identidem
813 1288 1021 1343 dictum
1045 1297 1157 1359 est,
1174 1289 1439 1361 pleraque
1462 1289 1662 1359 omnia,
1700 1308 1843 1359 quae

130 1308 205 1414 de
240 1359 567 1415 educatione
605 1359 900 1415 custodum
945 1369 1112 1431 atque
1160 1361 1470 1434 principum
1505 1361 1842 1433 reipubl-icae

132 1430 507 1503 disseruntur,
555 1432 639 1486 ita
675 1451 797 1487 esse
834 1440 1177 1505 comparata,
1226 1439 1290 1486 ut
1336 1433 1542 1504 pariter
1577 1434 1636 1487 in
1671 1451 1841 1488 unum

133 1502 406 1557 hominem
453 1505 807 1559 conveniant.
895 1504 1169 1560 Nimirum
1209 1504 1372 1559 sicuti
1409 1504 1574 1558 homo
1610 1505 1668 1558 in
1705 1505 1840 1561 civi.-

132 1583 246 1629 tate
281 1593 348 1629 ac
383 1574 625 1630 vicissim
663 1576 858 1630 civitas
894 1575 955 1629 in
988 1576 1114 1648 ipso
1150 1575 1369 1630 homine
1409 1584 1724 1648 spectatur,
1763 1576 1842 1632 ita

132 1646 299 1701 etiam
346 1647 633 1718 utriusque
689 1646 763 1701 ad
817 1648 1077 1702 virtutem
1140 1647 1416 1702 institutio
1480 1667 1681 1703 revera
1730 1667 1843 1705 una

132 1716 437 1788 eademque
480 1737 601 1774 esse
649 1718 898 1802 putanda
945 1727 1044 1774 est.
1151 1717 1267 1774 Sed
1314 1718 1451 1774 haec
1499 1719 1722 1790 quidem
1773 1718 1842 1772 de

129 1797 288 1862 parte
310 1789 494 1860 operis
519 1790 859 1859 ‹rravnssima‚
886 1809 1031 1860 quae
1054 1789 1183 1844 inde
1210 1799 1244 1844 a
1270 1789 1426 1845 Libr.
1453 1790 1520 1844 ll.
1546 1812 1599 1862 p.
1624 1793 1747 1846 367.
1772 1790 1840 1844 E.

132 1878 310 1931 usque
346 1859 421 1914 ad
459 1835 622 1915 Libri
653 1862 872 1933 septimi
905 1862 1111 1916 exitum
1132 1862 1414 1933 pertinet.¹
1452 1860 1583 1930 Qua
1620 1861 1843 1932 quidem

131 1940 286 2005 patet
321 1930 702 1987 secundam
747 1933 961 1988 absolvi
996 1932 1189 2005 scripti
1223 1941 1436 2005 partem
1458 1933 1837 2006 principalem,

171 2002 585 2075 nandoquidem
632 2005 692 2058 in
740 2022 825 2060 ea¹
855 2005 1063 2077 optima
1114 2005 1431 2077 respublica
1476 2006 1557 2060 ita
1591 2014 1676 2062 est
1711 2023 1842 2060 con-

175 2076 279 2144 ‘ta,
332 2084 397 2129 ut
432 2076 595 2130 simul
632 2077 827 2148 optimi
863 2076 1098 2132 hominis
1146 2096 1326 2132 mores
1375 2077 1431 2131 in
1483 2077 1683 2133 illustri
1718 2077 1842 2133 luce

130 2147 387 2203 collocati
433 2149 562 2202 sint.
653 2149 942 2221 Pergimus
992 2150 1101 2204 iam
1153 2147 1223 2203 ad
1270 2160 1539 2220 partem
1600 2151 1841 2222 operis

132 2218 450 2288 tertiam,
488 2240 629 2291 quae
668 2219 798 2275 inde
827 2240 860 2274 a
896 2220 1079 2276 libro
1128 2229 1386 2276 octavo
1436 2222 1589 2292 capit
1626 2222 1842 2277 initium

132 2299 190 2345 et
235 2310 410 2362 usque
457 2291 542 2346 ad
590 2293 806 2347 finem
859 2292 1027 2347 libri
1075 2293 1243 2347 noni
1303 2293 1584 2366 pertingit.
1682 2293 1842 2362 Quae

133 2362 358 2434 quidem
426 2383 555 2436 pars
620 2364 1006 2436 complectitur
1066 2365 1530 2437 comparationem
1597 2365 1842 2421 iustitiae

130 2454 260 2489 cnm
293 2434 593 2504 iniustitia,
645 2436 762 2491 sive
799 2455 867 2491 ea
901 2437 958 2491 in
994 2436 1217 2491 civitate
1253 2436 1369 2491 sive
1405 2437 1463 2491 in
1500 2437 1720 2493 homine
1759 2456 1842 2493 re-

132 2506 372 2578 peritur,
422 2506 754 2578 exhibetque
791 2507 1054 2563 iudicium
1110 2508 1178 2564 de
1209 2507 1472 2564 felicitate
1522 2516 1578 2564 et
1612 2509 1842 2565 infelici-

133 2587 248 2632 tate
295 2597 420 2633 cnm
471 2588 703 2650 utraque
753 2581 1059 2635 coniuncta.
1110 2579 1423 2648 *Quocirca
1460 2582 1709 2652 sequitur
1746 2582 1842 2637 de·-

131 2649 262 2704 hinc
309 2650 503 2721 utique
550 2670 738 2706 earum
790 2671 975 2706 rerum
1021 2651 1355 2724 disputatiO,
1409 2651 1477 2706 de
1529 2654 1731 2723 quibus
1781 2662 1843 2707 ut

173 2729 263 2776 ost
304 2741 388 2791 ea,
429 2741 571 2793 quae
608 2730 775 2796 supra
810 2730 968 2778 erant
1001 2724 1279 2795 exposita,
1321 2731 1605 2794 ageretur,
1646 2744 1841 2780 secun-

131 2741 263 2847 gnm
301 2793 475 2867 ipsius
526 2794 811 2867 scriptoris
862 2794 1152 2851 consilium
1197 2814 1421 2867 prorsus
1473 2797 1842 2852 necessarium

134 2865 255 2919 suit.
350 2864 460 2935 Qui
505 2886 573 2939 pe
629 2865 938 2939 quaesitum
985 2874 1105 2922 erat
1151 2866 1221 2921 ab
1270 2866 1428 2922 initio
1475 2867 1630 2923 Libr.
1679 2869 1734 2924 ll.
1784 2888 1838 2940 p.

130 2939 256 2995 427.
301 2936 372 2992 E.
418 2940 452 2992 4
492 2942 544 2993 8.
581 2942 654 2993 A.
716 2938 937 2993 omnino
967 2937 1108 3008 hoc,
1175 2938 1397 2994 ubinam
1446 2939 1738 2996 iustitia
1787 2956 1843 2994 et

133 3007 228 3064 ubi
276 3008 648 3065 iniustitia
692 3018 997 3083 appareret,
1033 3018 1089 3065 et
1146 3017 1324 3066 utram
1373 3010 1656 3083 possidere
1717 3033 1838 3067 eum

133 3088 427 3153 oporteret,
466 3082 560 3152 qui
600 3082 792 3138 beatus
832 3100 955 3137 esse
992 3089 1237 3152 cuperet.
1310 3080 1468 3138 Haeo
1509 3083 1635 3155 ipsa
1670 3084 1841 3156 igitur

134 3153 418 3221 quaestio,
469 3171 610 3223 quae
659 3163 808 3208 certe
860 3173 972 3208 non
1034 3153 1212 3225 potuit
1274 3155 1562 3211 commode
1624 3156 1838 3211 institui

136 3230 235 3277 aut
277 3223 561 3306 profligari
610 3226 716 3281 nisi
765 3226 986 3280 inventa
1045 3234 1211 3296 atque
1272 3223 1546 3283 illustrata
1604 3228 1838 3294 iustitia,

137 3311 380 3365 proximo
413 3296 678 3369 deinceps
714 3306 1095 3369 pertractatur.
1170 3298 1378 3354 Censet
1428 3307 1609 3354 autem
1660 3299 1838 3371 philo-

137 3363 348 3435 sophus
395 3368 831 3425 iniustitiam
883 3380 992 3424 tam
1042 3369 1099 3425 iu
1153 3369 1365 3426 homine
1407 3392 1569 3442 qutun
1611 3371 1662 3426 in
1703 3371 1835 3427 civi-
