2124 3744
326 187 426 237 218
941 186 984 237 P
999 184 1424 241 LATONIS

324 334 544 395 κλίνειν,
588 327 721 393 τοὺς
765 330 905 398 πρὸς
951 331 1195 402 πόλεμον
1219 335 1435 402 μᾶλλον
1461 331 1779 429 πεφυκότας
1823 331 1855 399 ἦ
1882 332 2020 403 προς

186 420 287 471 ο48
330 416 570 486 εἰρήνην,
617 437 708 468 και
758 413 888 478 τοὺς
933 422 1051 484 περὶ
1108 421 1284 471 ταῦτα
1318 416 1515 479 δόλους
1551 437 1611 470 τε
1650 420 1740 470 καὶ
1767 421 2021 488 μηχανάς

321 506 548 596 ἐντίμως
590 502 746 568 ἔχειν,
789 504 880 553 καὶ
924 504 1246 570 πολεμοῦσα
1294 499 1395 555 τόν
1439 499 1525 555 ἀεὶ
1550 499 1756 570 χρόνον
1795 501 1922 571 δια)
1925 523 2021 570 ειν,

322 582 465 650 αὐτή
517 586 718 650 ἑαυτῆς
762 575 834 637 αὖ
897 582 962 637 τά
1026 586 1203 639 πολλὰ
1252 587 1362 638 τῶν
1405 584 1676 656 τοιούτων
1724 588 1837 639 ἴδια
1889 587 2020 651 ἕξεις

324 671 457 722 Ναί.
497 660 878 736 Επιθυμηταὶ
923 672 979 722 δε
1025 691 1099 738 2⁸,
1148 691 1216 735 ην
1260 668 1302 722 δ’
1339 677 1394 737 ὲ)
1399 691 1458 733 ω,
1496 669 1797 738 χρημάτων
1834 674 1885 723 οἱ
1911 692 2023 724 τοι·

328 756 485 807 υῦτοι
533 758 770 813 ἔσονται,
813 750 987 823 ὥςπερ
1037 758 1090 808 οὶ
1132 760 1190 807 ὲν
1236 764 1355 817 ταῖς
1403 752 1760 826 ὀλιγαρχίαις,
1806 777 1899 808 και
1947 777 2024 808 τι-

325 840 535 907 μῶντες
578 836 784 906 ἀγρίως
827 835 932 891 ὑπὸ
981 838 1183 893 σκότου
1223 836 1433 908 χρυσόν
1495 858 1551 893 τε
1607 842 1699 892 καὶ
1757 835 2023 910 ἄργυρον,

325 920 424 975 ἅτε
469 928 788 987 κεκτημένοι
834 933 1052 990 ταμιεῖα
1114 925 1207 976 καὶ
1265 927 1501 986 οἰκείους
1543 924 1906 993 θησαυρούς,
1968 921 2023 978 οἶ

331 1009 561 1076 θέμενοι
609 1004 683 1061 ἂν
727 1004 872 1061 αὐτοὶ
915 1004 1209 1078 κρύψειαν,
1254 1013 1345 1062 καὶ
1390 998 1462 1060 αὖ
1497 1007 1826 1079 περιβόλους
1873 1007 2024 1073 οἰκή-

232 1082 280 1133 B
329 1111 493 1154 σεων,
547 1090 790 1161 ἀτεχνῶς
847 1093 1099 1155 νεοττιὰς
1155 1096 1325 1160 ἰδίας,
1381 1097 1438 1146 ἐν
1494 1090 1583 1155 αἶς
1619 1090 2026 1161 ,ἀναλίσκοντες

329 1176 544 1244 γυναιξί
590 1196 642 1229 τε
686 1179 779 1229 καὶ
827 1174 909 1237 οἷς
953 1180 1203 1232 ἐθέλοιεν
1240 1176 1434 1239 ἄλλοις
1479 1174 1656 1231 πολλοὶ
1718 1172 1789 1230 ἂν
1835 1180 2028 1230 δαπα-

328 1263 526 1329 νῷντο.
565 1258 978 1329 Ἀληθὲστατα,
1026 1267 1149 1335 ἔφη.
1202 1260 1421 1315 Οὐκοῦν
1454 1266 1561 1314 ’καὶ
1606 1263 1865 1335 φειδωλοὶ
1892 1282 2026 1331 χρη-

327 1344 553 1414 μάτων,
611 1341 712 1398 ’ἅτε
751 1347 1013 1414 τιμῶντες
1059 1349 1151 1400 καὶ
1199 1345 1265 1399 ού
1310 1348 1564 1420 φανερῶς
1608 1344 1887 1414 κτώμενοι,
1934 1368 2027 1417 qo-

447 1483 493 1525 P.
524 1480 626 1524 548.
666 1479 904 1534 διάγειν,
946 1477 1081 1535 αὐτὴ
1121 1480 1319 1535 ἑαυτῆς·
1358 1474 1426 1521 αὖ
1458 1478 1513 1522 τὰ
1546 1480 1709 1522 πολλὰ
1742 1495 1773 1521 τ.
1806 1482 1874 1533 τ.]
1911 1481 2027 1522 Bek-

334 1539 466 1581 kerus
498 1545 716 1580 commate
747 1546 848 1592 post
879 1535 1040 1593 διάγειν
1082 1540 1252 1581 sublato
1285 1546 1386 1581 ante
1427 1536 1477 1579 τὰ
1507 1537 1639 1580 πολλά
1675 1540 1879 1580 distinxit.
1940 1540 2029 1581 Pro

336 1599 452 1651 vulg.
485 1596 641 1650 ἑαυτῆς
672 1597 784 1638 idem
819 1599 1011 1666 suscepit
1041 1597 1171 1650 ἑαυτῆ
1201 1611 1254 1639 ex
1290 1601 1380 1637 Par.
1414 1599 1515 1641 Vat.
1549 1612 1583 1638 r.
1629 1597 1716 1639 Sed
1751 1597 1807 1638 de
1843 1599 1939 1638 Par.
1979 1601 2026 1637 Α.

334 1654 472 1696 falsus
504 1663 586 1707 est,
617 1656 686 1708 qui
719 1659 887 1708 nuperis
921 1657 1012 1696 eius
1043 1655 1394 1708 exploratoribus
1437 1656 1696 1697 testantibus
1733 1655 1896 1707 liquido
1928 1649 2030 1695 ἑαυ-

338 1714 413 1766 τῆς
447 1714 652 1782 scriptum
687 1712 878 1756 exhibet.
940 1715 998 1755 Et
1029 1715 1242 1767 genitivus
1283 1712 1397 1755 haud
1434 1713 1564 1755 dubie
1603 1713 1911 1767 praeferendus
1951 1718 2031 1754 est.

335 1772 426 1813 Pro
458 1765 516 1812 αὖ
547 1769 595 1812 τὰ
630 1775 735 1814 v.ett
770 1768 1188 1824 editt.a251d,quod
1224 1785 1276 1813 ex
1314 1772 1415 1812 Par.
1451 1775 1508 1813 A.
1545 1772 1640 1815 Ver.
1675 1771 1722 1815 Ξ.
1753 1771 1881 1812 vind.
1914 1771 2029 1824 Ang.

337 1831 438 1871 Vat.
472 1843 527 1870 m.
559 1835 603 1871 ct
639 1841 720 1870 sex
754 1829 869 1870 Flor.
904 1835 1134 1874 mutatum.
1168 1829 1480 1883 Corrigendum
1515 1830 1600 1871 iam
1629 1830 1785 1882 Steph.
1813 1828 1933 1869 vidit.

452 1883 557 1928 ὑπὸ
597 1884 828 1941 σκότου]
871 1886 1057 1929 σκότους
1098 1891 1192 1929 Par.
1235 1887 1287 1928 Κ.
1331 1886 1384 1929 cf.
1425 1889 1516 1930 libr.
1551 1889 1604 1928 V.
1675 1886 1826 1930 ..461
1873 1888 1922 1929 A.
1959 1886 2032 1928 VI.

334 1959 376 1998 p.
407 1945 506 1990 508.
541 1948 590 1986 D.
627 1946 723 1996 VII,
756 1945 858 1990 518.
892 1951 942 1989 A.
980 1947 1180 1988 valcken.
1210 1945 1263 1985 ad
1287 1944 1448 1987 Phoen.
1481 1958 1518 1987 v,
1550 1901 1670 1990 380.p
1684 1949 1729 1985 et
1761 1945 1944 1987 Porson.
1974 1944 2030 1984 ad

334 2004 506 2048 Hecub.
539 2018 578 2045 v.
610 2003 729 2054 825..
760 2005 831 2057 qui
869 2005 1150 2046 masculinum
1183 2004 1322 2056 magis
1344 2004 1536 2046 Atticum
1563 2011 1700 2058 putat,
1728 2002 1876 2044 nescio
1902 2015 2030 2055 quem·

336 2067 472 2104 recte.

335 2192 515 2232 μητικοι
529 2177 748 2220 1nclinent
765 2176 889 2220 Conf.
915 2175 1036 2218 libr.
1066 2163 1138 2219 lli.

335 2249 378 2289 ρ.
408 2235 510 2279 397.
543 2234 589 2275 Ε.
620 2232 694 2275 ὅτι
727 2233 806 2275 οὐκ
833 2235 924 2276 ἔστι
958 2235 1139 2280 διπλοῦς

332 2289 445 2347 ἀνὴρ
477 2287 577 2344 παρ’
600 2289 676 2344 ἡμι
662 2297 701 2333 ῖν
723 2291 824 2334 οὐδὲ
849 2291 1138 2340 πολλαπλοῦς.

336 2349 452 2392 Tim.
494 2365 534 2404 p.
569 2351 636 2395 75.
675 2351 722 2392 Β.
764 2350 877 2392 unde
908 2363 947 2393 v.
980 2351 1140 2391 πολλα-

339 2409 472 2454 πλοῦς
490 2416 707 2462 tamquam
726 2409 899 2450 Platoni
919 2410 1139 2461 proprium

337 2466 488 2507 laudat
522 2467 717 2509 Pollux
748 2467 828 2510 IV.
860 2466 931 2511 47.
989 2468 1140 2520 Oppo-

336 2525 455 2566 nitur
499 2530 642 2567 autem
698 2523 828 2566 homo
882 2523 1052 2568 ἁπλοῦς
1102 2530 1147 2566 et

337 2583 617 2630 πολλαπλοῦς
674 2583 802 2625 etiam
855 2596 880 2623 a
938 2584 1145 2624 Plutar-

340 2639 442 2680 cho
494 2640 676 2683 Aristid.
726 2641 786 2683 ΙΙ.
833 2654 875 2694 p.
923 2641 1023 2685 368.
1077 2640 1145 2682 ed.

342 2697 498 2739 Franc.
529 2699 684 2751 Itaque
716 2706 914 2750 apertum
947 2706 1014 2740 est
1047 2710 1144 2739 sen-

342 2768 439 2797 sum
477 2757 706 2798 verborum
748 2756 859 2798 hunc
901 2770 1026 2799 esse:
1072 2756 1145 2798 Eo

343 2813 1145 2867 autem‚quodsapientesdu-

345 2872 549 2913 bitabit
569 2872 632 2913 ad
666 2874 1028 2926 magistratus
1057 2870 1145 2912 ad-

342 2943 581 2979 movere,
638 2935 835 2984 utpote
881 2943 992 2973 non
1044 2943 1144 2971 am-

342 2989 489 3039 plius
522 2989 663 3030 tales
696 2990 846 3030 viros
882 2987 1146 3042 (sapientes)

345 3045 634 3098 simplices
666 3051 721 3088 et
763 3047 1145 3096 inflexibiles,

344 3102 442 3143 sed
465 3102 1145 3157 mixtoshabens‚etquod

345 3159 407 3200 ad
497 3162 795 3204 iracundos
884 3162 1149 3218 (animosos)

348 3229 554 3270 eosque
593 3220 1047 3273 multipliciores
1099 3222 1152 3260 et

349 3275 825 3319 inconstantiores
923 3277 1152 3318 inclina-

351 3332 450 3383 bit,
497 3335 582 3386 qui
625 3337 688 3375 ad
738 3336 940 3377 bellum
984 3335 1153 3387 magis

351 3403 504 3440 quam
568 3391 631 3432 ad
709 3406 897 3444 pacem
965 3398 1154 3434 natura

353 3450 669 3501 comparati
733 3451 843 3491 sint
904 3456 959 3491 et
1010 3443 1162 3502 quod.

1225 2174 1385 2216 dolos
1425 2181 1482 2216 et
1513 2173 1790 2217 machinas
1831 2175 1892 2217 ad
1924 2175 2032 2231 ista

1225 2234 1402 2275 omnia
1436 2233 1640 2286 (ταῦτα)
1681 2235 2038 2287 pertinentes⁴

1224 2292 1280 2332 in
1327 2291 1537 2332 honore
1583 2289 1811 2333 habebit
1847 2303 2032 2345 perpe-

1226 2357 1429 2401 tuoque
1461 2350 1608 2391 bella
1640 2354 1824 2403 geret,
1857 2350 2032 2402 plera-

1227 2420 1329 2460 que
1377 2407 1703 2448 istiusmodi
1751 2407 1872 2461 ipsa
1925 2407 2035 2448 sibi

1228 2465 1453 2519 propria
1527 2465 1768 2508 habebit.
1821 2465 2035 2506 ‘Ceterum

1233 2522 1435 2576 liquidum
1469 2529 1537 2564 est
1575 2522 1679 2565 haec
1705 2534 1876 2575 quoque
1908 2523 2035 2564 sicuti

1233 2581 1429 2635 proxima
1489 2582 1667 2634 egregie
1717 2581 1950 2622 convenire
1993 2581 2034 2621 in

1232 2640 1452 2680 civitatem
1488 2640 1827 2692 Spartanorum,
1871 2637 1926 2679 de
1953 2650 2038 2690 qua

1232 2711 1279 2739 re
1314 2696 1445 2738 docte
1476 2697 1676 2750 exposuit
1707 2696 1756 2737 C.
1791 2697 1871 2738 Fr.
1906 2694 2036 2736 Her-

1234 2767 1401 2801 mann.
1466 2756 1689 2798 Gesamm.
1740 2752 1952 2796 Ablmndl.
1995 2767 2036 2806 p.

1234 2813 1318 2857 153
1350 2826 1444 2866 sqq.

1288 2869 1522 2924 ἀτεχνῶς
1561 2865 1820 2913 νεοττιὰς
1867 2866 2036 2920 ἰδίας]

1233 2929 1413 2982 „Vulgo
1433 2928 1649 2979 nostiae,
1663 2924 1779 2978 quod
1801 2929 1918 2966 esset
1945 2926 2037 2978 pul-

1232 2989 1368 3029 lorum
1405 2987 1695 3028 exclusiones.
1732 2983 2039 3034 Intelliguntur

1231 3044 1478 3095 domicilia,
1520 3043 1737 3091 cubicula,
1781 3053 1891 3092 quae
1921 3055 2041 3080 νεοτ-

1233 3103 1326 3143 τιαί
1367 3105 1599 3149 vocantur,
1645 3105 1692 3139 ut
1721 3097 1821 3141 Lat.
1867 3098 2038 3141 nidus.

1235 3160 1310 3201 Sic
1350 3159 1542 3200 Horat.
1590 3157 1729 3209 Epist.
1767 3157 1807 3207 l,
1857 3157 1937 3207 10,
1987 3156 2036 3199 6:

1236 3217 1315 3258 Tu
1354 3217 1526 3258 nidum
1571 3227 1780 3255 servas.
1823 3214 1906 3258 Od.
1952 3215 2038 3266 111,

1237 3274 1288 3325 4,
1335 3273 1391 3318 14
1447 3276 1502 3314 al.
1559 3274 1826 3326 Respexisse
1867 3272 2039 3313 videtur
2121 3290 2124 3321 5

1241 3332 1554 3374 Ammonius
1596 3345 1636 3383 p.
1671 3330 1767 3374 145.
1809 3343 1848 3375 v,
1883 3329 2039 3372 Valk-
2120 3335 2123 3379 j

1239 3389 1767 3442 ken..adHerod.p.252.
1794 3388 2036 3430 “Astius.

1242 3448 1366 3490 Conf.
1407 3451 1539 3500 hegg.
1575 3447 1642 3489 Vl.
1686 3461 1725 3499 p.
1758 3447 1852 3490 776.
1898 3451 1943 3486 A.
1985 3469 2038 3475 —-
