2106 3594
1743 151 1864 205 ‘XV

149 312 334 375 partes
371 304 564 358 deince
606 319 632 355 s
670 299 927 368 Timaeo,
979 297 1187 352 Critiae
1226 304 1281 351 et
1317 295 1665 352 Hermocrati
1714 294 1866 349 defe-

149 383 398 429 mutua-2
442 374 579 444 Dup
600 391 668 426 ex
715 371 891 444 igitur
936 370 1101 424 huius
1141 369 1330 441 operis
1361 370 1501 423 ratio
1540 375 1655 434 θεῖς
1705 385 1868 436 quam

149 447 197 501 si
233 451 501 513 tenemus,
539 442 694 498 haud
729 442 955 509 scimus,
996 461 1067 494 an
1093 442 1338 494 futurum
1376 441 1465 510 sit,
1505 447 1569 494 ut
1603 439 1867 493 tenebrae

147 517 380 589 singulis
430 514 761 587 quibusdam
812 515 930 567 eius
977 513 1227 584 partibus
1278 511 1489 566 offusae
1551 510 1706 565 nullo
1751 510 1868 564 fere

147 587 370 661 negotio
426 587 647 658 dispelli
691 587 957 657 queant.“
1042 584 1166 638 Nec
1212 603 1346 638 vero
1398 584 1467 638 ab
1513 583 1618 637 hac
1656 581 1869 636 ratione

147 659 404 714 discessit
476 658 859 729 Philippus
943 654 1305 710 Guilielm.
1379 675 1512 709 van
1574 653 1869 708 Heusde

144 732 299 786 Initt.
341 730 552 784 Philas.
595 730 812 784 Platon.
853 728 982 783 Vol.
1017 727 1128 782 ΙΙΙ.
1156 749 1209 800 p.
1253 729 1368 782 122·
1394 746 1537 798 sqq.,
1577 727 1673 796 qui
1708 725 1868 779 iusti-

145 804 256 858 tiae
290 801 662 871 exquirendae
699 819 898 855 caussa.
922 799 1189 871 scriptum
1226 819 1349 854 esse
1387 797 1665 871 dialogum
1711 796 1868 851 iden-

145 874 317 928 tidem
353 874 665 928 affirmavit.
1333 901 1336 903 ·
1686 904 1687 907 =

285 988 444 1043 Haec
476 984 648 1063 igitur
685 994 815 1041 sunt
851 985 964 1040 fere
1000 985 1125 1055 illa,
1166 1004 1308 1056 quae
1345 982 1525 1055 nuper
1562 975 1868 1057 attuleruut

143 1061 202 1131 ii,
242 1059 339 1130 qui
366 1059 671 1114 Platoniin
698 1058 1006 1131 Republica
1040 1055 1332 1128 scribenda
1353 1055 1412 1109 id
1435 1075 1607 1110 unum
1629 1055 1866 1126 maxime

142 1136 406 1202 tanquam
455 1149 727 1185 summum
779 1137 946 1200 atque
993 1129 1246 1183 ultimum
1297 1127 1647 1200 propositum
1693 1127 1866 1203 fuisse

145 1210 512 1272 censuerunt,
586 1210 646 1260 ut
703 1222 814 1256 non
879 1209 993 1255 tam
1055 1198 1363 1272 perfectae'
1392 1199 1630 1259 civitatis
1681 1199 1866 1272 imago

147 1295 311 1346 quam
366 1274 614 1330 iustitiae
659 1274 742 1328 vis
795 1293 861 1328 ac
911 1280 1108 1326 natura
1156 1270 1593 1328 describereturae
1657 1269 1866 1339 Quam-

149 1346 338 1402 obrem
360 1346 573 1401 iuvabit
608 1346 715 1400 hoc
752 1345 878 1400 loco
915 1345 1108 1418 paucis
1146 1343 1567 1416 significavisse,
1593 1342 1730 1413 quid
1767 1340 1866 1414 no-

144 1418 231 1477 bis
279 1417 349 1473 de
395 1418 501 1472 hac
557 1418 772 1473 ratione
834 1417 1055 1472 omnino
1089 1416 1384 1488 videatur.
1481 1415 1570 1469 De
1634 1415 1866 1470 aliorum

143 1488 288 1547 enim
323 1489 541 1545 iudiciis
582 1488 718 1560 quid
754 1488 1175 1545 existimandum
1216 1490 1306 1558 sit,
1351 1495 1406 1542 et
1433 1506 1723 1559 exponere.
1747 1486 1867 1559 Ion·-

46 1594 55 1631 ·.
146 1581 277 1634 gum
314 1571 401 1616 est
437 1570 494 1616 et
515 1581 643 1616 mox
680 1568 880 1638 sponte
910 1561 1288 1633 appariturum
1326 1579 1445 1615 esse
1485 1577 1807 1635 speramus,
1856 1624 1858 1626 v

289 1661 555 1716 Fatemur
592 1670 777 1718 autem
810 1661 983 1716 libere
1020 1660 1180 1714 nobis
1222 1658 1446 1730 quidem
1483 1677 1587 1712 neo
1626 1658 1711 1712 his
1749 1657 1866 1712 dis-

147 1734 561 1806 putationibus,
624 1734 877 1804 quamvis
947 1732 1322 1787 subtilissimis
1397 1738 1452 1784 et
1510 1730 1864 1798 acutissimis,

145 1824 361 1861 omnem
411 1824 481 1858 ex
527 1805 709 1859 animo
760 1812 1031 1858 exemtam
1068 1823 1190 1858 esse
1227 1802 1658 1870 dubitationem,
1697 1807 1869 1872 quum

147 1876 323 1931 multa
358 1884 416 1930 et
461 1877 658 1949 gravia
701 1895 823 1930 esse
859 1875 1184 1944 videantur,
1225 1894 1367 1946 quae
1405 1873 1533 1928 huic
1560 1874 1867 1928 sententiae

154 1947 421 2003 officiant.
497 1949 662 2018 Nam,
701 1956 764 2001 ut
802 1948 1115 2002 omittamus
1155 1966 1238 2016 ea,
1277 1946 1346 2000 de
1383 1945 1584 2015 quibus
1606 1945 1732 1999 iam
1771 1965 1867 1998 an-

49 2054 51 2058 *
147 2029 239 2074 tea
274 2020 486 2074 mentio
504 2021 654 2075 facta
678 2028 784 2089 est,
811 2020 1045 2091 primurn
1086 2018 1306 2090 quidem
1347 2019 1440 2088 qui
1477 2018 1557 2071 ita
1595 2024 1868 2086 statuunt,

48 2104 51 2109 ’
144 2091 282 2146 illud
319 2091 579 2147 videntur
615 2093 933 2165 neglexisse
966 2099 1064 2145 aut
1113 2091 1309 2145 saltem
1354 2091 1534 2144 minus
1574 2089 1869 2162 diligenter

36 2173 38 2188 '
147 2163 618 2233 animadvertisse,
659 2163 817 2234 quod
847 2183 959 2218 non
997 2162 1163 2218 modo
1187 2162 1464 2234 copiosius
1504 2161 1572 2216 de
1610 2154 1868 2216 civilibus

146 2235 415 2290 institutis
455 2236 767 2309 disputatur
803 2255 967 2306 quam
1003 2235 1113 2289 isto
1151 2243 1316 2305 pacto
1354 2234 1574 2306 exigere
1612 2232 1868 2288 videatur

146 2306 538 2379 disputationis
589 2327 832 2376 summa,
881 2306 983 2361 sed
1030 2307 1192 2360 etiam
1241 2306 1413 2359 multa
1460 2305 1636 2360 fusius
1695 2305 1865 2376 expli-

146 2387 391 2449 cantur,
430 2399 573 2458 quae
613 2378 748 2451 quid
785 2379 856 2433 ad
884 2379 1111 2433 vvir-tutis
1149 2378 1429 2450 perfectae
1467 2377 1708 2448 speciem
1738 2377 1867 2430 illu.-

147 2451 428 2506 strandam
448 2452 688 2522 valeant,
727 2471 888 2506 nemo
913 2451 1206 2521 quisquam
1244 2448 1456 2504 dixerit.
1534 2447 1686 2518 Quid
1723 2449 1868 2503 enim

151 2521 231 2575 ita
263 2542 402 2595 opus
439 2524 563 2593 tuit,
603 2532 666 2578 ut
701 2532 814 2578 tam
852 2523 1130 2577 subtiliter
1166 2530 1221 2576 et
1259 2522 1482 2594 copiose
1519 2520 1590 2575 de
1629 2521 1866 2594 singulis

149 2592 493 2649 educationis
514 2595 746 2648 militum
765 2602 822 2649 et
840 2594 1132 2648 custodum
1151 2594 1422 2664 partibuS,
1439 2593 1506 2646 dc
1534 2593 1701 2647 variis
1731 2612 1864 2665 poe-

153 2664 232 2719 sis
267 2666 593 2739 generibuS,
634 2666 703 2720 de
741 2666 1124 2721 communione
1162 2666 1449 2719 mulierum
1486 2672 1543 2718 ct
1575 2665 1865 2732 bonorum,

150 2734 389 2807 denique
438 2736 505 2792 de
555 2738 741 2809 multis
792 2737 915 2792 aliis
962 2736 1021 2791 id
1058 2757 1231 2810 genus
1271 2736 1437 2790 rebus
1477 2734 1863 2803 dissereretur,

152 2825 322 2877 quum
365 2809 610 2864 iustitiae
662 2818 857 2863 natura
916 2809 1090 2862 multo
1150 2809 1372 2863 brevius
1442 2825 1507 2860 ac
1569 2806 1867 2862 dilucidius

149 2887 341 2950 posset
402 2879 707 2936 declarari?
792 2883 909 2935 Aut
958 2879 1094 2951 quid
1150 2898 1347 2934 causae
1395 2879 1532 2948 fuit,
1593 2887 1674 2933 ut·
1708 2886 1865 2933 tanta

29 2968 31 2970 ·
61 2958 92 3005 s·
151 2950 415 3007 orationis
439 2953 691 3007 ubertate
717 2952 785 3007 de
821 2952 1111 3007 connubiis
1189 2949 1448 3005 rudenter
1474 2950 1863 3021 Jinstituendis,
1925 3003 1928 3005 ,

69 3040 81 3052 ‘
150 3018 221 3076 de
258 3024 727 3079 communicandis
765 3044 889 3079 cum
928 3023 1141 3078 mulieri
1182 3042 1247 3078 us
1271 3022 1688 3095 magistratibus
1714 3022 1863 3077 aliis-

153 3110 259 3163 que
308 3092 368 3149 id
420 3115 597 3168 genus
635 3097 904 3151 institutis
943 3095 1341 3168 explicaretur,
1389 3113 1530 3164 quae
1566 3102 1716 3148 certe
1751 3095 1864 3149 vir-

152 3164 287 3248 tutis
323 3167 436 3221 vim
473 3175 529 3222 et
565 3175 815 3223 naturam
851 3188 960 3222 non
998 3163 1381 3239 patefaciunt?
1420 3168 1473 3227 *ἢ
1550 3165 1708 3236 Quae
1731 3186 1861 3227 vom-

375 3271 493 3278 ------

211 3336 254 3379 ⁸(
304 3336 369 3380 lta
414 3341 629 3384 indicavit
680 3344 812 3385 etiam
865 3342 959 3393 ipsc·
1004 3338 1309 3384 semein-m
1330 3342 1561 3384 acheriis
1610 3340 1755 3382 Praef.
1805 3339 1860 3380 ad

300 3394 448 3450 Remp.
483 3413 524 3451 p.
560 3400 629 3444 31.
661 3409 702 3442 er
736 3402 807 3445 75.
1122 3418 1126 3429 ·
