2124 3744
194 406 294 456 540
339 406 612 469 λολογουμ
623 409 747 462 ένοις
791 403 963 467 λέγειν
979 425 993 463 ς

326 176 430 223 210

963 122 1334 221 ΡΕᾸΤΟΝ
1358 164 1439 219 IS

331 339 432 381 σας
477 319 567 371 καὶ
614 317 1026 385 ὲρεσχελοῡσας,
1074 314 1147 379 ὡς
1191 315 1254 380 δὴ
1303 317 1516 390 σπουδῇ
1562 311 1846 382 λεγούσας,
1891 309 2039 386 bism-

1057 401 1227 464 [1159.-

1300 391 1434 454 ς’.Ωὸὴὲ
1477 420 1606 462 πως.
1649 394 1894 468 χαλεπὸν
1939 400 2040 465 μὲν

335 489 646 552 κινηθῆναι
693 484 856 539 πόλιν
901 481 1046 539 οὕτω
1091 484 1400 549 ξυστᾶσαν·
1447 482 1570 537 ἀλλ’
1622 484 1735 536 ἐπεὶ
1769 487 2040 551 γενομένῳ

338 573 508 625 παντὶ
566 568 774 644 φθορά
835 575 1013 633 ἐστιν,
1069 567 1194 623 οὐδ

1258 591 1292 634 &2
1354 567 1588 635 ΐοιαύῑῗη
1641 566 1899 633 ξυσϊασίς
1942 587 2043 619 ‘col‘

337 653 567 709 ἅπαντα
614 663 761 722 μενεῖ
802 652 1038 724 χρόνον,
1080 649 1226 706 ἄλλα
1275 650 1607 718 λυθήσεται.
1656 652 1809 712 λύσις
1846 654 1902 704 δὲ
1932 648 2042 716 ἡὸε.

341 737 407 798 οὐ
467 738 646 809 μόνον
704 749 906 812 φυτοῖς
965 743 1218 807 ἐγγείοις,
1292 736 1434 792 ἀλλὰ
1507 744 1599 792 καὶ
1666 743 1723 789 ὲν
1789 739 2046 803 ἐπιγείοις

460 934 511 975 Ε.
571 930 1012 985 ἐρεσχελούσας,
1053 930 1116 978 ὡς
1156 931 1215 982 δὴ
1264 934 1374 985 σπ.]
1419 933 1555 975 Bekk.
1596 946 1649 975 ex
1692 936 1788 974 Par.
1824 935 1873 974 A.
1907 938 1951 973 et
1983 945 2045 985 pr.

348 993 453 1034 Ven.
499 991 548 1032 n.
595 988 929 1043 Κρεσχηλοόσας,
979 990 1095 1043 quod
1151 991 1341 1032 restituit
1381 991 1509 1032 etiam
1555 991 1733 1032 Phaedr.
1774 1004 1815 1043 p.
1855 990 1954 1034 236.
1999 991 2047 1033 Β.

346 1050 487 1103 Legg.
522 1050 575 1091 X.
611 1063 652 1101 p
684 1047 784 1091 885
821 1047 870 1088 C.
931 1047 1020 1089 Sed
1067 1048 1234 1089 Phiieb.
1276 1063 1316 1102 p.
1356 1048 1426 1092 53.
1466 1050 1519 1088 Ε.
1558 1049 1739 1090 Phaedr.
1780 1062 1821 1102 p.
1861 1048 1961 1092 236.
1996 1048 2047 1088 B.

349 1111 567 1161 vuhgarem
600 1107 784 1147 sormam
821 1106 1009 1147 retinuit.
1042 1119 1079 1148 ν.
1113 1106 1312 1148 Pierson.
1346 1107 1398 1148 ad
1431 1107 1575 1152 Moer
1613 1121 1638 1160 p
1686 1106 1784 1150 159.

466 1166 513 1204 Ρ.
550 1164 652 1208 546
715 1162 979 1217 σωμάτων
1026 1164 1336 1218 γίγνονται]
1381 1165 1429 1210 V.
1466 1166 1684 1218 γίγνεται,
1721 1163 1837 1223 quod
1871 1177 1923 1205 ex
1956 1166 2050 1205 Par.

352 1223 511 1265 A.DK
563 1224 675 1263 Ven.
724 1219 774 1263 ΙΙ.
817 1219 949 1263 Vind.
990 1221 1110 1263 Mon.
1151 1224 1266 1275 Ang.
1309 1223 1403 1267 Vat.
1444 1236 1500 1264 m.
1536 1223 1654 1264 Flor.
1695 1236 1734 1263 a.
1773 1235 1810 1265 c.
1849 1235 1889 1263 x.
1930 1224 1970 1273 β.
2011 1237 2051 1275 y.

351 1286 579 1323 mutatum.

355 1437 446 1476 sqq.
470 1420 1164 1475 SchieiermacherusOpp.

355 1482 470 1522 Plat.
503 1480 558 1523 T.
591 1479 677 1519 III.
726 1479 775 1520 P.
819 1479 847 1522 1.
881 1493 920 1532 p.
953 1479 1040 1523 588
1071 1493 1164 1533 sqq.

355 1539 565 1579 Friesii
609 1537 869 1578 sententiam
905 1539 1055 1577 retulit
1087 1539 1166 1578 eti-

356 1610 423 1638 am
459 1595 827 1648 Gottlingius
859 1594 913 1636 ad
949 1596 1170 1637 Aristotel.

359 1655 523 1697 Politic.
546 1653 606 1695 V.
627 1653 692 1695 10.
722 1666 762 1704 p.
781 1652 865 1696 411
893 1665 1006 1705 sqq.,
1039 1665 1166 1705 quem

358 1711 597 1764 stagiritae
630 1712 770 1751 iocum
798 1711 1061 1753 examinavit
1090 1723 1169 1751 nu·

360 1783 438 1824 per
471 1770 801 1820 Pinzgerus,
836 1769 910 1809 De
939 1770 1003 1809 iis
1035 1782 1173 1821 quae

362 1827 716 1869 Aristoteles
791 1827 840 1867 in
903 1826 1173 1868 Platonis

362 1885 575 1934 Politia
606 1882 998 1937 reprehendit,
1045 1898 1084 1938 p.
1117 1884 1175 1928 67

364 1956 456 1997 sqq.
518 1940 772 1983 dilucidavit
836 1948 993 1994 postea
1038 1945 1167 1983 etiam

367 2000 666 2042 Lindavius
703 2002 743 2040 in
766 1999 994 2053 interpret.
1020 1999 1168 2041 Germ.

363 2061 501 2102 Arist.
537 2059 667 2100 Ponit.
701 2070 741 2110 p.
777 2057 864 2100 320
893 2071 986 2110 sqq.
1033 2059 1165 2099 Pra‘e·

365 2126 486 2158 terea
528 2116 642 2156 idem
675 2122 978 2168 argumentum
1008 2122 1169 2156 tracta·

365 2179 463 2215 runt
477 2173 578 2215 Chr.
599 2174 678 2215 ΙιιΙ.
697 2173 730 2213 Β
744 2185 798 2213 ra
812 2185 836 2212 n
851 2173 970 2214 isDe
991 2186 1170 2215 numero

371 2235 475 2273 viat.
526 2232 701 2272 Uratisl.
751 2229 879 2274 1830.
919 2231 962 2275 8.
1004 2231 1056 2272 C.
1098 2230 1168 2275 Fr.

368 2291 654 2331 Hermann.
694 2289 736 2329 in
770 2289 924 2339 Progr.
962 2288 1169 2332 Academ.

369 2347 593 2399 Marburg.
631 2350 740 2389 aest.
771 2359 810 2387 a.
844 2345 970 2390 1839.
1003 2347 1046 2390 4.
1081 2348 1170 2388 Ge-

370 2419 463 2458 org.
492 2404 621 2448 Ferd.
654 2403 861 2457 Rettig.
903 2406 1097 2458 Proiegg.
1132 2406 1172 2446 in

367 2465 479 2504 Plat.
512 2463 666 2515 Remp.
690 2460 817 2505 1845.
839 2461 881 2505 8.
908 2476 948 2515 p.
969 2462 1055 2506 315
1077 2475 1172 2516 sqq.

369 2520 546 2574 Ioseph.
567 2521 715 2573 Kriig
730 2533 796 2560 er.
830 2520 1038 2562 Centurio
1061 2522 1164 2562 Cae·

371 2591 455 2620 sar.
476 2581 628 2620 Austr.
654 2578 694 2618 in
720 2577 888 2621 libeno:
923 2576 1020 2619 Die
1050 2579 1174 2621 Ent-

371 2636 700 2691 riithselnng
761 2635 860 2676 der
917 2634 953 2675 P
972 2638 982 2678 Ι
1004 2650 1027 2677 a
1049 2642 1067 2678 t
1087 2650 1113 2677 o
1135 2649 1174 2679 n.

372 2695 517 2736 zahi.
549 2695 727 2744 Timon,
762 2692 889 2737 1847.
919 2692 961 2736 8.
995 2694 1174 2736 Hieron.

371 2752 577 2794 Miiller
607 2764 704 2793 ann.
737 2750 792 2791 ad
816 2751 994 2804 interpr.
1023 2753 1174 2796 Germ.

371 2810 496 2863 Reip.
533 2813 637 2854 Plat.
670 2822 712 2860 p.
744 2809 830 2853 695
862 2822 955 2863 sqq.
1002 2812 1101 2851 coli.
1134 2823 1175 2863 p.

371 2868 469 2912 237.
502 2869 622 2908 Guii.
653 2866 926 2919 Wiegand.
959 2868 1000 2907 in
1034 2867 1175 2909 Zim-

373 2938 660 2968 mermann.
713 2921 1092 2968 Aiterthumswiss.
1135 2939 1174 2966 a.

375 2983 502 3028 1842.
533 2998 574 3037 ρ,
606 2983 692 3027 577
721 2995 815 3035 sqq.
860 2989 905 3025 et
948 2983 1174 3037 Interpret.

374 3055 543 3086 vernae.
597 3043 689 3082 Pol.
732 3042 838 3082 Fiat.
876 3055 918 3094 p.
958 3041 1045 3086 399
1084 3055 1176 3093 sqq.

374 3099 527 3142 Franc.
582 3096 871 3140 Susemihi
925 3099 965 3139 in
1017 3099 1176 3142 Gener.

374 3157 503 3209 Expl.
553 3157 718 3197 Phiios.
775 3157 942 3198 Ptaton.
989 3156 1080 3200 Vol.
1126 3158 1176 3197 ΙΙ.

375 3218 420 3254 Ρ.
451 3214 481 3254 1.
506 3227 546 3267 p.
566 3215 651 3258 217
671 3225 762 3265 sqq.
787 3214 844 3256 G.
869 3212 926 3254 H.
953 3214 1176 3259 Martin.

373 3270 1175 3325 indiariogail.RevueArcheoio-

374 3327 778 3382 giqueVoi.Xlll.
801 3327 1174 3383 P-I.AvrilaSep-

376 3387 545 3428 tembre
566 3387 693 3430 1856.
725 3385 788 3426 De
807 3386 940 3426 variis
962 3387 1173 3439 interpre-

375 3450 464 3486 tum
488 3445 709 3487 sententiis
751 3444 847 3495 quia
884 3444 1044 3487 referre
1078 3446 1170 3486 lon·

1250 1434 1350 1475 gum
1385 1425 1466 1472 est,
1497 1433 1610 1463 nova
1642 1427 1787 1463 autem
1804 1433 2054 1475 proponere

1251 1480 1571 1533 periculosum,
1610 1480 1798 1520 iectores
1831 1491 2054 1532 rogamus,

1252 1545 1299 1579 ut
1318 1537 1434 1578 viros
1454 1537 1624 1587 doctos,
1639 1549 1747 1588 quos
1773 1537 2055 1584 laudavimus,

1253 1596 1335 1649 ipsi
1370 1594 1491 1636 adire
1522 1596 1668 1638 velint.
1730 1596 1859 1642 Quod
1879 1594 2055 1647 quidem

1257 1667 1310 1695 eo
1343 1651 1629 1696 confidentius
1661 1653 1805 1694 facere
1827 1654 2056 1702 audemus,

1256 1712 1353 1766 quia
1386 1711 1512 1752 nobis
1545 1711 1670 1763 plane
1701 1724 1956 1765 persuasum
1988 1715 2057 1751 est

1259 1769 1403 1811 verbis
1435 1768 1761 1810 obscurissimis
1813 1768 1909 1810 nihii
1950 1781 2074 1809 conr

1258 1826 1413 1880 timeri,
1462 1825 1578 1878 quod
1641 1827 1695 1868 ad
1748 1826 2056 1880 disputationis

1261 1896 1473 1926 summam
1544 1895 1809 1937 magnopere
1869 1884 2057 1936 pertine-

1254 1949 1310 1986 at.
1388 1941 1556 1983 Etenim
1599 1941 1752 1984 Musae
1792 1941 1903 1993 πρὸς
1955 1944 2055 1982 παῖ-

1255 2002 1334 2045 δας
1377 1999 1494 2051 ἡμᾶς
1538 1998 1742 2048 παίζουσι
1780 1999 1850 2039 καὶ
1891 2001 2059 2053 ἐρεσχε-

1256 2061 1382 2099 λοῦσι
1412 2059 1629 2109 λέγουσαι.
1688 2057 1910 2110 Quidquid
1943 2058 2056 2098 enim

1255 2115 1310 2157 de
1353 2115 1534 2168 singuiis
1584 2116 1728 2156 verbis
1772 2117 2060 2168 universaque

1256 2185 1405 2214 eorum
1458 2173 1820 2225 interpretatione
1874 2179 2060 2224 statuas,

1255 2243 1428 2272 sensum
1461 2232 1600 2271 totius
1630 2232 1714 2273 ioci
1747 2230 1826 2271 huc
1866 2230 1959 2273 fere
1989 2244 2059 2272 re·

1256 2289 1347 2330 dire
1377 2300 1636 2342 persuasum
1669 2288 1898 2338 habemus,
1943 2287 2060 2340 nihii,

1255 2346 1370 2400 quod
1403 2351 1544 2388 ortum
1568 2347 1640 2397 sit,
1673 2359 1847 2398 semper
1878 2359 1928 2387 ac
1959 2358 2062 2400 per-

1258 2409 1393 2459 petuo
1453 2416 1651 2456 manere,
1710 2404 1791 2446 sed
1849 2405 2061 2457 temporis

1257 2462 1449 2516 quodam
1479 2463 1658 2503 circuitu
1678 2467 1833 2504 exacto
1858 2463 2062 2504 mutatio-

1259 2533 1355 2563 nem
1389 2520 1550 2570 subire,
1580 2520 1638 2561 ita
1670 2526 1719 2561 ut
1749 2533 1801 2563 eo
1834 2521 1930 2573 ipso
1950 2525 2064 2564 tem-

1259 2591 1367 2631 pore
1421 2578 1462 2618 in
1509 2580 1744 2620 maximum
1799 2578 2065 2633 perducatur
2094 2588 2098 2591 ·

1231 2635 1518 2687 discrimen,
1577 2635 1926 2689 quandoquidem
1971 2641 2063 2676 tum

1261 2707 1431 2736 summa
1469 2705 1581 2747 opus
1622 2695 1679 2735 sit
1716 2693 1928 2735 cautionis
1959 2705 2063 2746 prn-

1261 2753 1431 2802 dentia,
1473 2765 1526 2793 ne
1556 2751 1728 2793 labatur
1767 2751 1821 2793 ad
1853 2750 2062 2792 deterius.

1260 2811 1479 2855 Quocirca
1512 2809 1639 2851 etiam
1676 2809 1880 2863 optimam
1914 2809 2063 2851 civita-

1259 2875 1347 2910 tem
1380 2868 1595 2918 statuitur,
1629 2872 1785 2908 exacto
1815 2872 2063 2918 temporum

1259 2927 1367 2968 orbe
1413 2925 1617 2978 operibus
1669 2924 1858 2966 humanis
1901 2925 2065 2965 consti-

1260 2989 1381 3036 tuto,
1426 2981 1656 3034 aliquando
1705 2982 1745 3023 in
1785 2983 1870 3023 tate
1913 2981 2064 3024 discri-

1260 3053 1358 3083 men
1399 3039 1629 3081 deductum
1671 3039 1743 3090 iri,
1783 3041 1853 3080 nbi
1895 3053 2063 3082 summa

1263 3099 1468 3141 cautione
1509 3108 1620 3149 opus
1659 3098 1742 3149 sit,
1786 3111 1840 3138 ne
1877 3111 1963 3150 qua
1992 3111 2064 3139 res

1263 3169 1367 3197 suae
1409 3154 1714 3196 detrimentum
1758 3156 1952 3209 capiant,
2000 3160 2064 3196 at-

1261 3226 1346 3267 que
1375 3224 1511 3265 genus
1544 3212 1700 3253 civium
1733 3218 1952 3264 nascatur,
1983 3225 2065 3253 un-

1261 3272 1316 3313 de
1346 3270 1561 3323 prodeant
1592 3271 1870 3323 magistratus
1910 3277 1954 3312 et
1989 3283 2066 3311 cu—

1259 3328 1426 3379 stodes,
1459 3329 1532 3380 qui
1569 3329 1746 3369 rationis
1780 3330 1963 3382 imperio
1996 3341 2065 3369 re-

1259 3387 1359 3429 licto
1401 3386 1467 3426 ve!
1505 3387 1629 3428 alteri
1671 3400 1769 3428 cum
1807 3388 1960 3427 atteris
1993 3387 2061 3426 vei

1257 3444 1386 3487 etiam
1427 3443 1506 3497 ipsi
1546 3445 1656 3486 inter
1703 3458 1751 3487 se
1806 3443 2055 3495 dissideant,
