2106 3594
1747 159 1826 213 LI

111 301 459 372 impertirent
505 298 724 353 laudem
775 299 1003 370 eiusque
1069 299 1335 358 rationem
1385 300 1616 355 iustiore
1663 299 1821 355 lance

110 371 483 443 ponderarent
527 371 598 441 *).
691 370 967 426 Nimirum
1013 370 1178 424 Plato
1235 389 1405 441 quum
1459 369 1600 424 illud
1642 370 1825 441 ipsum

108 444 387 516 perfectae
434 441 676 496 civitatis
725 441 1030 513 exemplar,
1086 441 1236 510 quod
1272 443 1441 498 menti
1474 442 1592 497 eius
1627 442 1824 497 obver-

106 524 284 569 satum
337 532 460 567 esse
508 513 1023 581 animadvertimus,
1073 513 1349 568 illustrare
1400 533 1466 568 ac
1511 533 1823 586 proponere

105 586 508 652 constituisset,
572 603 688 638 rem
749 583 1015 657 grandem
1062 593 1119 638 et
1162 585 1509 658 magnificam
1556 585 1663 640 sibi
1696 604 1822 656 per·

105 658 286 715 suasit
331 658 410 710 ita
457 655 675 709 demum
723 675 988 728 prospero
1038 665 1239 710 eventu
1289 666 1571 728 peractum
1619 657 1719 724 iri,
1773 657 1820 712 si

104 747 170 782 ea
203 729 261 782 in
297 747 357 782 re
394 727 776 799 philosophiae
807 728 1006 799 opibus
1043 736 1320 797 uteretur,
1360 729 1478 782 sine
1519 728 1721 797 quibus
1758 729 1816 781 in

105 799 202 853 tali
241 819 440 854 caussa
476 799 613 852 nihil
641 798 943 870 quidquam
970 799 1284 871 profligari
1328 807 1534 872 posset.
1610 799 1821 867 Quam·

104 872 290 926 obrem
351 870 482 924 inde
515 869 676 924 duxit
728 871 907 924 omnis
961 870 1352 941 disputationis
1405 890 1539 926 suae
1580 871 1816 941 initium,

104 944 185 997 ita
221 942 473 1014 quidem,
522 950 586 996 ut
631 951 859 1014 propter
897 961 991 996 eas
1029 961 1285 1010 caussaS‚
1324 961 1460 1012 quas
1500 963 1669 1013 supra
1705 961 1818 997 me-

103 1015 454 1083 moravimuQ
493 1014 771 1068 civitatem
812 1014 1022 1067 homini
1061 1034 1222 1084 quam
1272 1014 1613 1068 simillimam
1641 1014 1818 1087 finge-

103 1094 191 1139 ret
226 1085 566 1158 eandemque
604 1085 796 1139 iisdem
837 1085 996 1158 plane
1035 1085 1395 1139 facultatibus
1434 1094 1603 1156 atque
1640 1087 1816 1140 virtu-

101 1158 250 1211 tibus
301 1157 569 1211 excellere
619 1157 821 1211 debere
867 1157 1242 1212 arbitraretur.
1330 1155 1813 1224 Quemadmodum

100 1230 274 1304 igitur
307 1229 367 1282 in
417 1229 653 1302 singulis
700 1229 1013 1283 hominibus
1066 1230 1270 1282 iustam
1317 1229 1559 1283 omnium
1620 1230 1816 1283 virium

98 1301 549 1373 temperationem
597 1309 763 1372 atque
813 1301 1230 1355 consensionem
1286 1319 1405 1353 eam
1453 1301 1564 1355 vim
1611 1301 1815 1356 habere

99 1372 344 1441 censuit,
398 1372 631 1426 utinde
668 1373 982 1427 efficeretur
1017 1380 1397 1426 consummata
1433 1372 1609 1428 virtus
1647 1380 1816 1444 atque

99 1443 355 1513 beatitas,
393 1443 473 1497 ita
509 1445 673 1498 etiam
697 1445 754 1498 in
778 1445 927 1498 civili
965 1445 1251 1512 societate,
1293 1463 1433 1514 quae
1471 1453 1619 1499 esset
1648 1445 1809 1516 quasi

99 1515 262 1570 nnius
296 1514 533 1569 hominis
568 1517 747 1570 instar
783 1514 1063 1585 quoddam
1102 1525 1272 1586 atque
1311 1515 1543 1588 effigie8‚
1584 1516 1812 1571 eandem

99 1585 492 1642 moderationis
527 1586 707 1660 legem
741 1588 921 1641 voluit.
956 1587 1227 1641 dominari
1273 1585 1513 1656 ideoque·
1545 1589 1812 1643 iustitiam

99 1676 228 1712 enm
322 1658 596 1731 sapientia
682 1659 927 1713 civitatis
1007 1658 1424 1712 fundamentum
1508 1660 1812 1716 constituit.

98 1728 284 1797 Quum
330 1749 461 1783 vero
507 1731 751 1784 iustitiae
796 1731 880 1785 vis
916 1731 1026 1814 ipsi
1061 1731 1118 1784 in
1158 1750 1222 1785 eo
1259 1730 1411 1784 cerni
1447 1732 1570 1785 visa
1605 1732 1710 1800 sit,
1748 1738 1812 1786 ut

23 1826 25 1842 2
98 1819 288 1855 omnes
335 1801 577 1855 civitatis
623 1809 811 1873 partes
847 1816 905 1856 et
939 1822 996 1855 1n
1029 1821 1131 1856 suo
1167 1802 1586 1856 continerentur
1619 1803 1808 1858 officio

96 1879 155 1926 et
179 1871 415 1927 maximo
438 1881 699 1943 tanquam
738 1882 1011 1928 concentu
1044 1874 1191 1927 inter
1225 1874 1374 1944 ipsas
1409 1874 1808 1945 conspirarent,

95 1962 165 1998 ex
201 1962 315 2016 qua
348 1963 407 1999 re
440 1945 604 1998 etiam
641 1945 878 1999 felicitas
915 1954 973 1999 et
1009 1946 1345 2018 perpetuitas
1374 1944 1548 2016 ipsius
1576 1965 1809 2018 suspen-

22 2030 23 2034 ’
95 2014 352 2081 deretur3
390 2016 448 2069 in
486 2015 779 2070 condenda
813 2017 1037 2071 civitate
1074 2036 1175 2072 sua
1210 2015 1346 2070 nihil
1378 2017 1487 2072 ,sibi
1513 2016 1674 2072 duxit
1710 2038 1807 2072 an-

94 2087 335 2158 tiquum,
385 2107 548 2158 quam
588 2096 652 2142 ut
688 2089 873 2143 omnia
925 2089 1167 2143 iustitiae
1216 2088 1327 2160 legi
1368 2096 1535 2159 atque
1582 2109 1808 2145 normae

94 2160 278 2229 quam'
308 2159 880 2215 accommodatissima
925 2169 1142 2229 essent,
1204 2179 1568 2231 quaecunque
1621 2169 1803 2217 autem

92 2237 423 2285 concentum
471 2232 695 2286 virtutis
742 2232 966 2286 turbare
1027 2251 1092 2287 ac
1129 2231 1347 2286 laedere
1385 2241 1482 2286 aut
1519 2231 1595 2287 de·
1625 2233 1806 2289 medio

17 2347 19 2349 .
92 2301 285 2357 tollere
323 2301 659 2373 viderentur,
698 2323 764 2358 ea
800 2303 993 2358 sedulo
1034 2312 1350 2358 arcerentur
1376 2312 1563 2375 atque
1612 2305 1806 2377 procul

91 2373 441 2430 haberentur.
527 2375 620 2429 Ab
672 2375 759 2429 his
806 2375 979 2448 igitur
1021 2377 1304 2448 profectus
1341 2376 1516 2430 initiis
1566 2378 1805 2449 optimae

16 2451 17 2454 ’
91 2445 336 2501 civitatis
381 2445 638 2500 conditor
693 2449 877 2501 omnia
926 2456 1190 2519 tanquam
1259 2447 1623 2503 adamantinis
1683 2450 1806 2519 qui-

93 2515 326 2571 busdam
361 2517 605 2572 iustitiae
642 2527 808 2590 atque
843 2518 1231 2602 philosophiae
1270 2519 1502 2574 vinculis
1529 2523 1804 2576 constrin-

91 2588 207 2656 xit,
244 2589 568 2662 praesertim
606 2607 774 2659 quum
810 2590 942 2646 sibi.
1004 2592 1349 2660 ‹ax-suasisset,
1385 2601 1674 2664 corruptos
1712 2613 1805 2648 ae*

94 2660 340 2730 qualium
377 2678 556 2715 mores
595 2660 699 2715 hac
732 2661 827 2715 tali
863 2662 959 2745 phi
984 2662 1247 2735 osophiae
1298 2663 1596 2717 severitate
1632 2666 1804 2718 maxi-

92 2749 181 2786 me
217 2730 484 2805 indigere.
559 2732 758 2803 ltaque
806 2754 1041 2806 primum
1091 2744 1204 2789 tres
1249 2734 1372 2789 illos
1411 2734 1611 2788 civium
1651 2735 1802 2790 ordi·

92 2821 194 2858 nee
229 2803 537 2872 constituit,
577 2803 646 2859 de
683 2805 884 2876 quibus
913 2826 1082 2879 supra
1117 2814 1202 2861 est
1240 2805 1569 2878 expositum,
1610 2815 1665 2862 et
1702 2826 1802 2863 sua

146 3045 198 3100 ⁶)
236 3044 311 3089 lta
338 3047 559 3091 Plotinum
591 3056 765 3094 constat
796 3053 1052 3107 imperatori
1085 3050 1291 3093 Gallieno
1323 3052 1532 3105 minuisse,
1567 3060 1615 3093 nt
1645 3053 1797 3095 Plato·

235 3106 419 3158 nopolin
478 3108 628 3150 urbem
680 3109 926 3153 Platonicis
956 3116 1159 3154 ornatam
1200 3110 1371 3172 legibus
1412 3113 1637 3155 conderet.
1708 3112 1799 3153 Sed

231 3167 646 3266 gant-emutioaibun
690 3181 728 3209 v.
765 3169 1043 3242 qKantium
1085 3168 1200 3236 Krit.
1245 3170 1286 3211 d.
1324 3170 1442 3238 rein.
1488 3170 1704 3212 Vernunft
1756 3183 1799 3224 p.

236 3300 284 3307 -
300 3236 476 3325 225⁹&
495 3237 578 3324 iaer‘.
595 3225 651 3324 δὴ
667 3227 907 3328 {21:255
916 3227 1221 3328 etms&
1225 3227 1474 3328 ’ἶέιέζῖιῖιιῗ
1473 3242 1565 3340 ,',.¹‘i
1573 3228 1798 3331 {girat

236 3333 344 3381 vnn.
384 3336 498 3381 mat.
539 3353 580 3394 p.
621 3340 720 3387 693.
791 3342 1029 3387 Brandis
1082 3341 1196 3388 ΗΜ.
1240 3343 1351 3389 Phil.
1393 3342 1548 3388 Graec.
1590 3350 1634 3386 et
1668 3343 1782 3387 Rom

235 3391 331 3436 Vol.
362 3394 425 3438 n.
456 3409 495 3451 p.
527 3398 629 3443 517.
662 3412 756 3454 sqq.

1358 3474 1457 3525 4.
