<?xml version="1.0" encoding="UTF-8"?>
<!DOCTYPE html PUBLIC "-//W3C//DTD XHTML 1.0 Transitional//EN"
    "http://www.w3.org/TR/xhtml1/DTD/xhtml1-transitional.dtd">
<html xmlns="http://www.w3.org/1999/xhtml" xml:lang="en" lang="en">
 <head>
  <title>
</title>
<meta http-equiv="Content-Type" content="text/html;charset=utf-8" />
  <meta name='ocr-system' content='tesseract 3.04.00' />
  <meta name='ocr-capabilities' content='ocr_page ocr_carea ocr_par ocr_line ocrx_word'/>
</head>
<body>
  <div class='ocr_page' id='page_1' title='image "./operaomniarecens03platuoft_0396.png"; bbox 0 0 2098 3658; ppageno 0'>
   <div class='ocr_carea' id='block_1_1' title="bbox 84 167 1934 1230">
    <p class='ocr_par' dir='ltr' id='par_1_1' title="bbox 84 167 1934 1230">
     <span class='ocr_line' id='line_1_1' title="bbox 228 167 1323 224; baseline 0.005 -5"><span class='ocrx_word' id='word_1_1' title='bbox 228 168 330 220; x_wconf 72' lang='lat'><strong>254</strong></span> <span class='ocrx_word' id='word_1_2' title='bbox 845 168 889 220; x_wconf 92' lang='lat' dir='ltr'>P</span> <span class='ocrx_word' id='word_1_3' title='bbox 905 167 1080 220; x_wconf 85' lang='lat' dir='ltr'><strong>LAT</strong></span> <span class='ocrx_word' id='word_1_4' title='bbox 1098 168 1148 222; x_wconf 90' lang='lat' dir='ltr'>O</span> <span class='ocrx_word' id='word_1_5' title='bbox 1164 170 1216 223; x_wconf 92' lang='lat' dir='ltr'>N</span> <span class='ocrx_word' id='word_1_6' title='bbox 1240 171 1262 222; x_wconf 92' lang='lat' dir='ltr'>I</span> <span class='ocrx_word' id='word_1_7' title='bbox 1286 171 1323 224; x_wconf 70' lang='lat' dir='ltr'>S</span> 
     </span>
     <span class='ocr_line' id='line_1_2' title="bbox 225 311 1923 387; baseline 0.004 -20"><span class='ocrx_word' id='word_1_8' title='bbox 225 315 474 383; x_wconf 84' lang='grc' dir='ltr'><em>μαλακαί</em></span> <span class='ocrx_word' id='word_1_9' title='bbox 518 333 574 367; x_wconf 86' lang='grc' dir='ltr'><strong>τε</strong></span> <span class='ocrx_word' id='word_1_10' title='bbox 617 316 711 368; x_wconf 84' lang='grc' dir='ltr'><em>καὶ</em></span> <span class='ocrx_word' id='word_1_11' title='bbox 754 319 1085 386; x_wconf 84' lang='grc' dir='ltr'><strong><em>συμποτικαὶ</em></strong></span> <span class='ocrx_word' id='word_1_12' title='bbox 1131 320 1245 372; x_wconf 82' lang='grc' dir='ltr'><strong>τῶν</strong></span> <span class='ocrx_word' id='word_1_13' title='bbox 1289 315 1603 387; x_wconf 72' lang='grc' dir='ltr'><em>ἁρμονιῶνς</em></span> <span class='ocrx_word' id='word_1_14' title='bbox 1645 315 1845 382; x_wconf 85' lang='grc' dir='ltr'><em>Ἰαστί,</em></span> <span class='ocrx_word' id='word_1_15' title='bbox 1891 311 1923 384; x_wconf 77' lang='grc' dir='ltr'><strong><em>ἦ</em></strong></span> 
     </span>
     <span class='ocr_line' id='line_1_3' title="bbox 84 395 1928 472; baseline -0.001 -13"><span class='ocrx_word' id='word_1_16' title='bbox 84 407 188 459; x_wconf 76' lang='grc'><strong>399</strong></span> <span class='ocrx_word' id='word_1_17' title='bbox 229 397 268 452; x_wconf 78' lang='grc' dir='ltr'><strong>δ’</strong></span> <span class='ocrx_word' id='word_1_18' title='bbox 321 395 398 461; x_wconf 82' lang='grc' dir='ltr'><strong>ὅς,</strong></span> <span class='ocrx_word' id='word_1_19' title='bbox 445 400 536 451; x_wconf 86' lang='grc' dir='ltr'><em>καὶ</em></span> <span class='ocrx_word' id='word_1_20' title='bbox 581 400 807 465; x_wconf 80' lang='grc' dir='ltr'><em>λυδιστί,</em></span> <span class='ocrx_word' id='word_1_21' title='bbox 853 404 1059 464; x_wconf 82' lang='grc' dir='ltr'><em>αἵτινες</em></span> <span class='ocrx_word' id='word_1_22' title='bbox 1098 405 1342 472; x_wconf 77' lang='grc' dir='ltr'><em>χαλαραὶ</em></span> <span class='ocrx_word' id='word_1_23' title='bbox 1388 405 1712 457; x_wconf 85' lang='grc' dir='ltr'><em>καλοῦνται.</em></span> <span class='ocrx_word' id='word_1_24' title='bbox 1781 402 1928 457; x_wconf 83' lang='grc' dir='ltr'><em>Ταύ-</em></span> 
     </span>
     <span class='ocr_line' id='line_1_4' title="bbox 229 473 1931 557; baseline 0.004 -22"><span class='ocrx_word' id='word_1_25' title='bbox 229 504 351 545; x_wconf 84' lang='grc' dir='ltr'><em>ταις</em></span> <span class='ocrx_word' id='word_1_26' title='bbox 397 473 524 545; x_wconf 83' lang='grc' dir='ltr'><em>οὗν,</em></span> <span class='ocrx_word' id='word_1_27' title='bbox 573 473 612 534; x_wconf 84' lang='grc' dir='ltr'><em>ὦ</em></span> <span class='ocrx_word' id='word_1_28' title='bbox 661 486 811 555; x_wconf 69' lang='grc' dir='ltr'><em>φίλε,</em></span> <span class='ocrx_word' id='word_1_29' title='bbox 874 486 961 538; x_wconf 77' lang='grc' dir='ltr'><strong>ἐπὶ</strong></span> <span class='ocrx_word' id='word_1_30' title='bbox 1007 489 1314 555; x_wconf 84' lang='grc' dir='ltr'><em>πολεμικῶν</em></span> <span class='ocrx_word' id='word_1_31' title='bbox 1363 483 1584 557; x_wconf 79' lang='grc' dir='ltr'><em>ἄνὸρῶν</em></span> <span class='ocrx_word' id='word_1_32' title='bbox 1627 485 1745 541; x_wconf 73' lang='grc' dir='ltr'><em>ἔσθ’</em></span> <span class='ocrx_word' id='word_1_33' title='bbox 1800 484 1829 542; x_wconf 84' lang='grc' dir='ltr'><em>ὅ</em></span> <span class='ocrx_word' id='word_1_34' title='bbox 1876 508 1931 542; x_wconf 92' lang='grc' dir='ltr'><strong>τι</strong></span> 
     </span>
     <span class='ocr_line' id='line_1_5' title="bbox 223 565 1929 643; baseline 0.004 -24"><span class='ocrx_word' id='word_1_35' title='bbox 223 565 450 638; x_wconf 73' lang='grc' dir='ltr'><em>χρήσεις</em></span> <span class='ocrx_word' id='word_1_36' title='bbox 511 565 797 635; x_wconf 81' lang='grc' dir='ltr'><em>Οὐδαμῶς,</em></span> <span class='ocrx_word' id='word_1_37' title='bbox 846 571 986 643; x_wconf 73' lang='grc' dir='ltr'><strong>ἔφη·</strong></span> <span class='ocrx_word' id='word_1_38' title='bbox 1032 567 1177 624; x_wconf 69' lang='grc' dir='ltr'><em>ἀλλὰ</em></span> <span class='ocrx_word' id='word_1_39' title='bbox 1226 570 1529 624; x_wconf 81' lang='grc' dir='ltr'><em>κινδυνεύει</em></span> <span class='ocrx_word' id='word_1_40' title='bbox 1573 589 1662 625; x_wconf 88' lang='grc' dir='ltr'><strong>σοι</strong></span> <span class='ocrx_word' id='word_1_41' title='bbox 1707 573 1929 641; x_wconf 78' lang='grc' dir='ltr'><em>δωριστὶ</em></span> 
     </span>
     <span class='ocr_line' id='line_1_6' title="bbox 227 653 1932 728; baseline 0.004 -25"><span class='ocrx_word' id='word_1_42' title='bbox 227 654 522 706; x_wconf 73' lang='grc' dir='ltr'><em>λείπεσθαι</em></span> <span class='ocrx_word' id='word_1_43' title='bbox 571 655 662 704; x_wconf 82' lang='grc' dir='ltr'><em>καὶ</em></span> <span class='ocrx_word' id='word_1_44' title='bbox 707 657 981 725; x_wconf 70' lang='grc' dir='ltr'><em>φρυγιστί.</em></span> <span class='ocrx_word' id='word_1_45' title='bbox 1032 653 1143 709; x_wconf 79' lang='grc' dir='ltr'><strong>Οὐκ</strong></span> <span class='ocrx_word' id='word_1_46' title='bbox 1174 653 1314 719; x_wconf 75' lang='grc' dir='ltr'><em>οἶδα,</em></span> <span class='ocrx_word' id='word_1_47' title='bbox 1357 662 1498 728; x_wconf 74' lang='grc' dir='ltr'><em>ἔφην</em></span> <span class='ocrx_word' id='word_1_48' title='bbox 1528 653 1646 723; x_wconf 66' lang='grc' dir='ltr'><strong>ἐγώ,</strong></span> <span class='ocrx_word' id='word_1_49' title='bbox 1695 653 1799 719; x_wconf 78' lang='grc' dir='ltr'><em>τὰς</em></span> <span class='ocrx_word' id='word_1_50' title='bbox 1829 653 1932 724; x_wconf 83' lang='grc' dir='ltr'><em>ἁρ-</em></span> 
     </span>
     <span class='ocr_line' id='line_1_7' title="bbox 225 732 1932 811; baseline 0.004 -24"><span class='ocrx_word' id='word_1_51' title='bbox 225 741 455 806; x_wconf 85' lang='grc' dir='ltr'><em>μονίας,</em></span> <span class='ocrx_word' id='word_1_52' title='bbox 519 732 666 788; x_wconf 73' lang='grc' dir='ltr'><em>ἄλλα</em></span> <span class='ocrx_word' id='word_1_53' title='bbox 716 739 1008 792; x_wconf 71' lang='grc' dir='ltr'><em>κατάλειπε</em></span> <span class='ocrx_word' id='word_1_54' title='bbox 1052 743 1262 805; x_wconf 79' lang='grc' dir='ltr'><em>ἐκείνην</em></span> <span class='ocrx_word' id='word_1_55' title='bbox 1309 738 1411 806; x_wconf 79' lang='grc' dir='ltr'><strong>τὴν</strong></span> <span class='ocrx_word' id='word_1_56' title='bbox 1453 737 1749 811; x_wconf 77' lang='grc' dir='ltr'><em>ἁρμονίαν,</em></span> <span class='ocrx_word' id='word_1_57' title='bbox 1794 738 1828 807; x_wconf 82' lang='grc' dir='ltr'>ἢ</span> <span class='ocrx_word' id='word_1_58' title='bbox 1872 744 1932 794; x_wconf 79' lang='grc' dir='ltr'><strong>έν</strong></span> 
     </span>
     <span class='ocr_line' id='line_1_8' title="bbox 230 819 1934 900; baseline 0.004 -28"><span class='ocrx_word' id='word_1_59' title='bbox 230 841 287 874; x_wconf 85' lang='grc' dir='ltr'><strong>τε</strong></span> <span class='ocrx_word' id='word_1_60' title='bbox 332 823 596 896; x_wconf 80' lang='grc' dir='ltr'><em>πολεμικῆ</em></span> <span class='ocrx_word' id='word_1_61' title='bbox 644 841 789 888; x_wconf 82' lang='grc' dir='ltr'><strong>πρα</strong></span> <span class='ocrx_word' id='word_1_62' title='bbox 769 820 838 875; x_wconf 57' lang='grc' dir='ltr'><strong>ζεει</strong></span> <span class='ocrx_word' id='word_1_63' title='bbox 883 819 1050 885; x_wconf 81' lang='grc' dir='ltr'><em>ὄντος</em></span> <span class='ocrx_word' id='word_1_64' title='bbox 1092 823 1350 892; x_wconf 83' lang='grc' dir='ltr'><em>ανδρειου</em></span> <span class='ocrx_word' id='word_1_65' title='bbox 1411 829 1501 879; x_wconf 81' lang='grc' dir='ltr'><em>καὶ</em></span> <span class='ocrx_word' id='word_1_66' title='bbox 1546 830 1605 877; x_wconf 80' lang='grc' dir='ltr'><strong>ὲν</strong></span> <span class='ocrx_word' id='word_1_67' title='bbox 1649 842 1800 900; x_wconf 77' lang='grc' dir='ltr'><em>πασῃ</em></span> <span class='ocrx_word' id='word_1_68' title='bbox 1847 826 1934 895; x_wconf 80' lang='grc' dir='ltr'><em>βι-</em></span> 
     </span>
     <span class='ocr_line' id='line_1_9' title="bbox 229 903 1933 982; baseline 0.002 -24"><span class='ocrx_word' id='word_1_69' title='bbox 229 907 334 973; x_wconf 82' lang='grc' dir='ltr'><em>αίῳ</em></span> <span class='ocrx_word' id='word_1_70' title='bbox 370 908 598 977; x_wconf 78' lang='grc' dir='ltr'><em>ἐργασία</em></span> <span class='ocrx_word' id='word_1_71' title='bbox 629 904 951 975; x_wconf 77' lang='grc' dir='ltr'><em>πρεπόντως</em></span> <span class='ocrx_word' id='word_1_72' title='bbox 975 903 1050 960; x_wconf 81' lang='grc' dir='ltr'><strong>ἂν</strong></span> <span class='ocrx_word' id='word_1_73' title='bbox 1078 909 1381 978; x_wconf 83' lang='grc' dir='ltr'><em>μιμήσαιτο</em></span> <span class='ocrx_word' id='word_1_74' title='bbox 1414 907 1616 982; x_wconf 66' lang='grc' dir='ltr'><em>([θόγ)</em></span> <span class='ocrx_word' id='word_1_75' title='bbox 1622 929 1719 971; x_wconf 82' lang='grc' dir='ltr'><strong>ους</strong></span> <span class='ocrx_word' id='word_1_76' title='bbox 1752 929 1808 962; x_wconf 89' lang='grc' dir='ltr'><strong>τε</strong></span> <span class='ocrx_word' id='word_1_77' title='bbox 1841 912 1933 962; x_wconf 82' lang='grc' dir='ltr'><em>καὶ</em></span> 
     </span>
     <span class='ocr_line' id='line_1_10' title="bbox 231 988 1934 1065; baseline 0.002 -22"><span class='ocrx_word' id='word_1_78' title='bbox 231 992 558 1060; x_wconf 79' lang='grc' dir='ltr'><em>προςῳὸίας,</em></span> <span class='ocrx_word' id='word_1_79' title='bbox 573 993 663 1043; x_wconf 84' lang='grc' dir='ltr'><em>καὶ</em></span> <span class='ocrx_word' id='word_1_80' title='bbox 693 988 1097 1063; x_wconf 79' lang='grc' dir='ltr'><em>ἀποτυχόντος,</em></span> <span class='ocrx_word' id='word_1_81' title='bbox 1127 989 1160 1059; x_wconf 80' lang='grc' dir='ltr'><em>ἢ</em></span> <span class='ocrx_word' id='word_1_82' title='bbox 1189 998 1262 1056; x_wconf 81' lang='grc' dir='ltr'><em>εὶς</em></span> <span class='ocrx_word' id='word_1_83' title='bbox 1290 989 1726 1065; x_wconf 79' lang='grc' dir='ltr'><em>τραύματαῆεὶς</em></span> <span class='ocrx_word' id='word_1_84' title='bbox 1742 991 1934 1047; x_wconf 76' lang='grc' dir='ltr'><em>θανα-</em></span> 
     </span>
     <span class='ocr_line' id='line_1_11' title="bbox 348 1125 1933 1183; baseline 0.005 -18"><span class='ocrx_word' id='word_1_85' title='bbox 348 1125 571 1166; x_wconf 71' lang='grc' dir='ltr'><em>αἵτινες</em></span> <span class='ocrx_word' id='word_1_86' title='bbox 611 1127 845 1181; x_wconf 77' lang='grc' dir='ltr'><em>χαλαραὶ</em></span> <span class='ocrx_word' id='word_1_87' title='bbox 894 1129 1237 1183; x_wconf 72' lang='grc' dir='ltr'><em>καλοῦνται]</em></span> <span class='ocrx_word' id='word_1_88' title='bbox 1271 1130 1359 1171; x_wconf 82' lang='lat' dir='ltr'><strong>Pro</strong></span> <span class='ocrx_word' id='word_1_89' title='bbox 1393 1129 1552 1170; x_wconf 74' lang='grc' dir='ltr'><em>αἵτινες</em></span> <span class='ocrx_word' id='word_1_90' title='bbox 1582 1131 1685 1170; x_wconf 78' lang='lat' dir='ltr'><strong>Vat.</strong></span> <span class='ocrx_word' id='word_1_91' title='bbox 1724 1128 1771 1173; x_wconf 85' lang='grc' dir='ltr'><strong>Θ.</strong></span> <span class='ocrx_word' id='word_1_92' title='bbox 1806 1130 1933 1173; x_wconf 86' lang='lat' dir='ltr'><strong>Vind.</strong></span> 
     </span>
     <span class='ocr_line' id='line_1_12' title="bbox 233 1183 1934 1230; baseline 0.002 -6"><span class='ocrx_word' id='word_1_93' title='bbox 233 1184 336 1225; x_wconf 88' lang='lat' dir='ltr'><strong>Par.</strong></span> <span class='ocrx_word' id='word_1_94' title='bbox 369 1185 469 1224; x_wconf 89' lang='lat' dir='ltr'><strong>DK.</strong></span> <span class='ocrx_word' id='word_1_95' title='bbox 500 1183 620 1225; x_wconf 91' lang='lat' dir='ltr'><strong>Mon.</strong></span> <span class='ocrx_word' id='word_1_96' title='bbox 655 1189 749 1229; x_wconf 84' lang='lat' dir='ltr'><strong>Vat</strong></span> <span class='ocrx_word' id='word_1_97' title='bbox 784 1200 817 1230; x_wconf 94' lang='lat' dir='ltr'><strong>r</strong></span> <span class='ocrx_word' id='word_1_98' title='bbox 851 1193 895 1227; x_wconf 83' lang='lat' dir='ltr'><strong>et</strong></span> <span class='ocrx_word' id='word_1_99' title='bbox 929 1201 1040 1229; x_wconf 84' lang='lat' dir='ltr'><strong>corr.</strong></span> <span class='ocrx_word' id='word_1_100' title='bbox 1087 1188 1189 1228; x_wconf 89' lang='lat' dir='ltr'><strong>Ven.</strong></span> <span class='ocrx_word' id='word_1_101' title='bbox 1228 1190 1277 1228; x_wconf 88' lang='grc' dir='ltr'><strong>ΙΙ.</strong></span> <span class='ocrx_word' id='word_1_102' title='bbox 1319 1189 1388 1228; x_wconf 77' lang='grc' dir='ltr'><em>καὶ</em></span> <span class='ocrx_word' id='word_1_103' title='bbox 1434 1189 1632 1228; x_wconf 81' lang='grc' dir='ltr'><em>τοιαῦταί</em></span> <span class='ocrx_word' id='word_1_104' title='bbox 1668 1199 1790 1230; x_wconf 75' lang='grc' dir='ltr'><em>τινες.</em></span> <span class='ocrx_word' id='word_1_105' title='bbox 1825 1188 1934 1229; x_wconf 85' lang='lat' dir='ltr'><strong>Bai-</strong></span> 
     </span>
    </p>
   </div>
   <div class='ocr_carea' id='block_1_2' title="bbox 231 1243 1682 1298">
    <p class='ocr_par' dir='ltr' id='par_1_2' title="bbox 231 1243 1682 1298">
     <span class='ocr_line' id='line_1_13' title="bbox 231 1243 1682 1298; baseline 0.002 -15"><span class='ocrx_word' id='word_1_106' title='bbox 231 1249 354 1284; x_wconf 78' lang='lat' dir='ltr'><strong>tetus</strong></span> <span class='ocrx_word' id='word_1_107' title='bbox 386 1243 496 1285; x_wconf 83' lang='lat' dir='ltr'><strong>coni.</strong></span> <span class='ocrx_word' id='word_1_108' title='bbox 530 1243 598 1282; x_wconf 86' lang='grc' dir='ltr'><em>καὶ</em></span> <span class='ocrx_word' id='word_1_109' title='bbox 631 1244 800 1285; x_wconf 75' lang='grc' dir='ltr'><em>αἵτινες.</em></span> <span class='ocrx_word' id='word_1_110' title='bbox 838 1245 930 1286; x_wconf 85' lang='lat' dir='ltr'><strong>Sed</strong></span> <span class='ocrx_word' id='word_1_111' title='bbox 962 1257 1096 1286; x_wconf 85' lang='lat' dir='ltr'><strong>error.</strong></span> <span class='ocrx_word' id='word_1_112' title='bbox 1128 1259 1184 1285; x_wconf 83' lang='lat' dir='ltr'><strong>ex</strong></span> <span class='ocrx_word' id='word_1_113' title='bbox 1215 1247 1509 1298; x_wconf 89' lang='lat' dir='ltr'><strong>superioribus</strong></span> <span class='ocrx_word' id='word_1_114' title='bbox 1542 1246 1682 1286; x_wconf 81' lang='lat' dir='ltr'><strong>fluxit.</strong></span> 
     </span>
    </p>
   </div>
   <div class='ocr_carea' id='block_1_3' title="bbox 235 1298 1935 1414">
    <p class='ocr_par' dir='ltr' id='par_1_3' title="bbox 235 1298 1935 1414">
     <span class='ocr_line' id='line_1_14' title="bbox 348 1298 1935 1356; baseline 0.002 -16"><span class='ocrx_word' id='word_1_115' title='bbox 348 1298 397 1340; x_wconf 89' lang='grc' dir='ltr'><strong>Ρ.</strong></span> <span class='ocrx_word' id='word_1_116' title='bbox 428 1300 529 1343; x_wconf 83' lang='lat'><strong>399.</strong></span> <span class='ocrx_word' id='word_1_117' title='bbox 564 1298 690 1341; x_wconf 74' lang='grc' dir='ltr'><em>ἔσθ’</em></span> <span class='ocrx_word' id='word_1_118' title='bbox 727 1301 753 1342; x_wconf 81' lang='grc' dir='ltr'><em>ὅ</em></span> <span class='ocrx_word' id='word_1_119' title='bbox 786 1317 830 1343; x_wconf 89' lang='grc' dir='ltr'><strong>τι</strong></span> <span class='ocrx_word' id='word_1_120' title='bbox 861 1301 1099 1356; x_wconf 86' lang='grc' dir='ltr'><em>χρήσει;]</em></span> <span class='ocrx_word' id='word_1_121' title='bbox 1145 1303 1409 1344; x_wconf 88' lang='lat' dir='ltr'><strong>Meibomius</strong></span> <span class='ocrx_word' id='word_1_122' title='bbox 1449 1303 1502 1344; x_wconf 90' lang='lat' dir='ltr'><strong>ad</strong></span> <span class='ocrx_word' id='word_1_123' title='bbox 1536 1302 1720 1347; x_wconf 83' lang='lat' dir='ltr'><strong>Aristid.</strong></span> <span class='ocrx_word' id='word_1_124' title='bbox 1755 1302 1935 1346; x_wconf 80' lang='lat' dir='ltr'><strong>Quintil.</strong></span> 
     </span>
     <span class='ocr_line' id='line_1_15' title="bbox 235 1355 1933 1414; baseline 0.001 -14"><span class='ocrx_word' id='word_1_125' title='bbox 235 1371 278 1409; x_wconf 85' lang='lat' dir='ltr'><strong>p.</strong></span> <span class='ocrx_word' id='word_1_126' title='bbox 311 1357 410 1400; x_wconf 90' lang='lat'><strong>232.</strong></span> <span class='ocrx_word' id='word_1_127' title='bbox 443 1358 663 1399; x_wconf 86' lang='lat' dir='ltr'><strong>scribebat</strong></span> <span class='ocrx_word' id='word_1_128' title='bbox 697 1355 795 1399; x_wconf 76' lang='grc' dir='ltr'><em>ἐσθ’</em></span> <span class='ocrx_word' id='word_1_129' title='bbox 834 1357 917 1409; x_wconf 81' lang='grc' dir='ltr'><em>ὅτε,</em></span> <span class='ocrx_word' id='word_1_130' title='bbox 954 1366 999 1400; x_wconf 90' lang='lat' dir='ltr'><strong>ut</strong></span> <span class='ocrx_word' id='word_1_131' title='bbox 1034 1362 1193 1413; x_wconf 78' lang='lat' dir='ltr'><strong>legitur</strong></span> <span class='ocrx_word' id='word_1_132' title='bbox 1224 1363 1266 1400; x_wconf 86' lang='lat' dir='ltr'><strong>in</strong></span> <span class='ocrx_word' id='word_1_133' title='bbox 1303 1365 1393 1402; x_wconf 75' lang='lat' dir='ltr'><strong>Par.</strong></span> <span class='ocrx_word' id='word_1_134' title='bbox 1427 1361 1478 1401; x_wconf 84' lang='lat' dir='ltr'><strong>K.</strong></span> <span class='ocrx_word' id='word_1_135' title='bbox 1517 1361 1610 1402; x_wconf 80' lang='lat' dir='ltr'><strong>Non</strong></span> <span class='ocrx_word' id='word_1_136' title='bbox 1644 1374 1769 1414; x_wconf 86' lang='lat' dir='ltr'><strong>opus.</strong></span> <span class='ocrx_word' id='word_1_137' title='bbox 1825 1361 1933 1402; x_wconf 84' lang='lat' dir='ltr'><strong>Nam</strong></span> 
     </span>
    </p>
   </div>
   <div class='ocr_carea' id='block_1_4' title="bbox 230 1393 1936 1527">
    <p class='ocr_par' dir='ltr' id='par_1_4' title="bbox 230 1393 1936 1527">
     <span class='ocr_line' id='line_1_16' title="bbox 234 1393 1936 1516; baseline 0.002 -61"><span class='ocrx_word' id='word_1_138' title='bbox 234 1413 262 1455; x_wconf 83' lang='grc' dir='ltr'>ὅ</span> <span class='ocrx_word' id='word_1_139' title='bbox 293 1431 327 1455; x_wconf 89' lang='grc' dir='ltr'><strong>τι</strong></span> <span class='ocrx_word' id='word_1_140' title='bbox 365 1417 390 1459; x_wconf 88' lang='lat' dir='ltr'><strong>i.</strong></span> <span class='ocrx_word' id='word_1_141' title='bbox 423 1429 465 1469; x_wconf 92' lang='lat' dir='ltr'><strong>q.</strong></span> <span class='ocrx_word' id='word_1_142' title='bbox 498 1413 608 1468; x_wconf 77' lang='grc' dir='ltr'><em>πρὸς</em></span> <span class='ocrx_word' id='word_1_143' title='bbox 641 1414 666 1457; x_wconf 85' lang='grc' dir='ltr'>ὅ</span> <span class='ocrx_word' id='word_1_144' title='bbox 696 1433 744 1461; x_wconf 91' lang='grc' dir='ltr'><em>τι.</em></span> <span class='ocrx_word' id='word_1_145' title='bbox 809 1419 975 1459; x_wconf 81' lang='lat' dir='ltr'><strong>Deinde</strong></span> <span class='ocrx_word' id='word_1_146' title='bbox 1016 1393 1162 1458; x_wconf 83' lang='lat' dir='ltr'><strong>Astius</strong></span> <span class='ocrx_word' id='word_1_147' title='bbox 1205 1419 1380 1471; x_wconf 74' lang='lat' dir='ltr'>scripsit</span> <span class='ocrx_word' id='word_1_148' title='bbox 1401 1414 1447 1516; x_wconf 43' lang='lat'><strong>4⁷}</strong></span> <span class='ocrx_word' id='word_1_149' title='bbox 1488 1416 1660 1471; x_wconf 79' lang='grc' dir='ltr'><em>δωριστὶ</em></span> <span class='ocrx_word' id='word_1_150' title='bbox 1700 1419 1936 1468; x_wconf 29' lang='grc' dir='ltr'><em>λείπεσθαι</em></span> 
     </span>
     <span class='ocr_line' id='line_1_17' title="bbox 230 1474 1936 1527; baseline 0.002 -14"><span class='ocrx_word' id='word_1_151' title='bbox 230 1474 458 1526; x_wconf 84' lang='lat' dir='ltr'><strong>Stephano</strong></span> <span class='ocrx_word' id='word_1_152' title='bbox 499 1475 790 1527; x_wconf 76' lang='lat' dir='ltr'><strong>obsequatus.</strong></span> <span class='ocrx_word' id='word_1_153' title='bbox 849 1477 958 1517; x_wconf 87' lang='lat' dir='ltr'><strong>Mox</strong></span> <span class='ocrx_word' id='word_1_154' title='bbox 1001 1475 1226 1516; x_wconf 70' lang='grc' dir='ltr'><em>κατάλειπε</em></span> <span class='ocrx_word' id='word_1_155' title='bbox 1260 1477 1359 1518; x_wconf 85' lang='lat' dir='ltr'><strong>Par.</strong></span> <span class='ocrx_word' id='word_1_156' title='bbox 1390 1478 1434 1517; x_wconf 89' lang='lat' dir='ltr'>A</span> <span class='ocrx_word' id='word_1_157' title='bbox 1438 1511 1447 1520; x_wconf 91' lang='lat'><strong>.</strong></span> <span class='ocrx_word' id='word_1_158' title='bbox 1495 1478 1695 1518; x_wconf 85' lang='lat' dir='ltr'><strong>Ambros.</strong></span> <span class='ocrx_word' id='word_1_159' title='bbox 1741 1476 1857 1520; x_wconf 85' lang='lat' dir='ltr'><strong>Flor.</strong></span> <span class='ocrx_word' id='word_1_160' title='bbox 1892 1490 1936 1521; x_wconf 99' lang='grc' dir='ltr'><strong>Χ</strong></span> 
     </span>
    </p>
   </div>
   <div class='ocr_carea' id='block_1_5' title="bbox 234 1528 625 1584">
    <p class='ocr_par' dir='ltr' id='par_1_5' title="bbox 234 1528 625 1584">
     <span class='ocr_line' id='line_1_18' title="bbox 234 1528 625 1584; baseline -0.003 -12"><span class='ocrx_word' id='word_1_161' title='bbox 234 1532 379 1584; x_wconf 83' lang='lat' dir='ltr'>Vulgo</span> <span class='ocrx_word' id='word_1_162' title='bbox 414 1528 625 1574; x_wconf 76' lang='grc' dir='ltr'><em>κατάλιπε.</em></span> 
     </span>
    </p>
   </div>
   <div class='ocr_carea' id='block_1_6' title="bbox 351 1585 1936 1648">
    <p class='ocr_par' dir='ltr' id='par_1_6' title="bbox 351 1585 1936 1648">
     <span class='ocr_line' id='line_1_19' title="bbox 351 1585 1936 1648; baseline 0.006 -20"><span class='ocrx_word' id='word_1_163' title='bbox 351 1585 377 1641; x_wconf 82' lang='grc' dir='ltr'><em>ἢ</em></span> <span class='ocrx_word' id='word_1_164' title='bbox 407 1589 487 1629; x_wconf 72' lang='grc' dir='ltr'><em>εἰς</em></span> <span class='ocrx_word' id='word_1_165' title='bbox 517 1587 810 1630; x_wconf 75' lang='grc' dir='ltr'><em>θανάτους</em></span> <span class='ocrx_word' id='word_1_166' title='bbox 844 1588 1066 1645; x_wconf 74' lang='grc' dir='ltr'><em>ἰόντος]</em></span> <span class='ocrx_word' id='word_1_167' title='bbox 1103 1592 1472 1646; x_wconf 85' lang='lat' dir='ltr'><strong>Praepositionem</strong></span> <span class='ocrx_word' id='word_1_168' title='bbox 1507 1593 1572 1633; x_wconf 74' lang='grc' dir='ltr'><strong>εἰς</strong></span> <span class='ocrx_word' id='word_1_169' title='bbox 1601 1595 1728 1648; x_wconf 78' lang='lat' dir='ltr'><strong>vulgo</strong></span> <span class='ocrx_word' id='word_1_170' title='bbox 1768 1599 1936 1637; x_wconf 87' lang='lat' dir='ltr'><strong>temere</strong></span> 
     </span>
    </p>
   </div>
   <div class='ocr_carea' id='block_1_7' title="bbox 192 1701 1050 3495">
    <p class='ocr_par' dir='ltr' id='par_1_7' title="bbox 232 1701 1045 2107">
     <span class='ocr_line' id='line_1_20' title="bbox 232 1701 1044 1760; baseline 0 -14"><span class='ocrx_word' id='word_1_171' title='bbox 232 1704 401 1746; x_wconf 77' lang='lat' dir='ltr'>Musica</span> <span class='ocrx_word' id='word_1_172' title='bbox 435 1717 474 1757; x_wconf 87' lang='lat' dir='ltr'><strong>p.</strong></span> <span class='ocrx_word' id='word_1_173' title='bbox 506 1704 635 1748; x_wconf 87' lang='lat'><strong>1136.</strong></span> <span class='ocrx_word' id='word_1_174' title='bbox 670 1706 730 1750; x_wconf 82' lang='lat' dir='ltr'>D</span> <span class='ocrx_word' id='word_1_175' title='bbox 772 1706 841 1746; x_wconf 85' lang='grc' dir='ltr'><em>καὶ</em></span> <span class='ocrx_word' id='word_1_176' title='bbox 875 1701 900 1760; x_wconf 83' lang='grc' dir='ltr'><em>ἦ</em></span> <span class='ocrx_word' id='word_1_177' title='bbox 925 1706 1044 1758; x_wconf 77' lang='grc' dir='ltr'><em>μιξο-</em></span> 
     </span>
     <span class='ocr_line' id='line_1_21' title="bbox 232 1759 1043 1817; baseline 0.005 -16"><span class='ocrx_word' id='word_1_178' title='bbox 232 1759 382 1802; x_wconf 72' lang='grc' dir='ltr'><em>λύδιος</em></span> <span class='ocrx_word' id='word_1_179' title='bbox 413 1760 459 1802; x_wconf 85' lang='grc' dir='ltr'><strong>δὲ</strong></span> <span class='ocrx_word' id='word_1_180' title='bbox 479 1760 697 1816; x_wconf 80' lang='grc' dir='ltr'><em>παθητική</em></span> <span class='ocrx_word' id='word_1_181' title='bbox 728 1765 788 1804; x_wconf 71' lang='grc' dir='ltr'><em>τίς</em></span> <span class='ocrx_word' id='word_1_182' title='bbox 805 1763 905 1811; x_wconf 81' lang='grc' dir='ltr'><em>ἐστι,</em></span> <span class='ocrx_word' id='word_1_183' title='bbox 945 1779 1043 1817; x_wconf 88' lang='grc' dir='ltr'><em>τρα-</em></span> 
     </span>
     <span class='ocr_line' id='line_1_22' title="bbox 232 1817 1045 1875; baseline 0.004 -15"><span class='ocrx_word' id='word_1_184' title='bbox 232 1818 411 1875; x_wconf 72' lang='grc' dir='ltr'><em>γῳδιάις</em></span> <span class='ocrx_word' id='word_1_185' title='bbox 448 1817 711 1874; x_wconf 80' lang='grc' dir='ltr'><em>ἁρμόζουσα.</em></span> <span class='ocrx_word' id='word_1_186' title='bbox 745 1817 1045 1875; x_wconf 77' lang='grc' dir='ltr'><em>Ἀριστόξενος</em></span> 
     </span>
     <span class='ocr_line' id='line_1_23' title="bbox 233 1876 1043 1932; baseline 0.004 -14"><span class='ocrx_word' id='word_1_187' title='bbox 233 1876 317 1918; x_wconf 68' lang='grc' dir='ltr'><strong>δέ·</strong></span> <span class='ocrx_word' id='word_1_188' title='bbox 310 1891 417 1932; x_wconf 83' lang='grc' dir='ltr'><em>φησι</em></span> <span class='ocrx_word' id='word_1_189' title='bbox 437 1877 611 1931; x_wconf 81' lang='grc' dir='ltr'><em>Σαπφώ</em></span> <span class='ocrx_word' id='word_1_190' title='bbox 636 1878 808 1932; x_wconf 81' lang='grc' dir='ltr'><em>πρώτην</em></span> <span class='ocrx_word' id='word_1_191' title='bbox 825 1877 1043 1931; x_wconf 76' lang='grc' dir='ltr'><em>εὕρασθαι</em></span> 
     </span>
     <span class='ocr_line' id='line_1_24' title="bbox 234 1933 1042 2008; baseline 0.005 -33"><span class='ocrx_word' id='word_1_192' title='bbox 234 1934 310 1990; x_wconf 89' lang='grc' dir='ltr'><strong>τὴν</strong></span> <span class='ocrx_word' id='word_1_193' title='bbox 332 1936 606 1988; x_wconf 72' lang='grc' dir='ltr'><em>μιξολυδιστί,</em></span> <span class='ocrx_word' id='word_1_194' title='bbox 631 1933 729 1992; x_wconf 86' lang='grc' dir='ltr'><em>παρ’</em></span> <span class='ocrx_word' id='word_1_195' title='bbox 748 1935 799 1992; x_wconf 73' lang='grc' dir='ltr'><strong>ἧς</strong></span> <span class='ocrx_word' id='word_1_196' title='bbox 816 1937 921 1979; x_wconf 61' lang='grc' dir='ltr'><strong>τοὺςἱ</strong></span> <span class='ocrx_word' id='word_1_197' title='bbox 945 1954 1042 2008; x_wconf 65' lang='grc' dir='ltr'><em>τραο</em></span> 
     </span>
     <span class='ocr_line' id='line_1_25' title="bbox 233 1987 1042 2050; baseline 0.005 -16"><span class='ocrx_word' id='word_1_198' title='bbox 233 1993 516 2050; x_wconf 71' lang='grc' dir='ltr'><em>γῳδοποιους</em></span> <span class='ocrx_word' id='word_1_199' title='bbox 560 1996 729 2046; x_wconf 78' lang='grc' dir='ltr'><em>μαθεῖν.</em></span> <span class='ocrx_word' id='word_1_200' title='bbox 770 1997 953 2038; x_wconf 82' lang='lat' dir='ltr'><strong>Ibidem.</strong></span> <span class='ocrx_word' id='word_1_201' title='bbox 988 1987 1042 2038; x_wconf 91' lang='grc' dir='ltr'><strong>Β.</strong></span> 
     </span>
     <span class='ocr_line' id='line_1_26' title="bbox 233 2054 1043 2107; baseline 0.004 -14"><span class='ocrx_word' id='word_1_202' title='bbox 233 2054 563 2095; x_wconf 78' lang='lat' dir='ltr'><strong>Plutarchus</strong></span> <span class='ocrx_word' id='word_1_203' title='bbox 595 2055 648 2094; x_wconf 90' lang='lat' dir='ltr'><strong>ad</strong></span> <span class='ocrx_word' id='word_1_204' title='bbox 681 2056 725 2096; x_wconf 90' lang='lat' dir='ltr'><strong>h.</strong></span> <span class='ocrx_word' id='word_1_205' title='bbox 763 2057 791 2096; x_wconf 92' lang='lat' dir='ltr'><strong>l.</strong></span> <span class='ocrx_word' id='word_1_206' title='bbox 835 2057 1043 2107; x_wconf 81' lang='lat' dir='ltr'><strong>respexit.</strong></span> 
     </span>
    </p>

    <p class='ocr_par' dir='ltr' id='par_1_8' title="bbox 192 2105 1050 3495">
     <span class='ocr_line' id='line_1_27' title="bbox 293 2105 1040 2168; baseline 0.004 -18.02"><span class='ocrx_word' id='word_1_207' title='bbox 293 2105 462 2151; x_wconf 86' lang='grc' dir='ltr'><em>Ἰαστί</em></span> <span class='ocrx_word' id='word_1_208' title='bbox 493 2135 549 2142; x_wconf 90' lang='lat'><strong>--</strong></span> <span class='ocrx_word' id='word_1_209' title='bbox 593 2113 677 2152; x_wconf 83' lang='grc' dir='ltr'><em>καὶ</em></span> <span class='ocrx_word' id='word_1_210' title='bbox 710 2114 764 2152; x_wconf 75' lang='grc' dir='ltr'><strong>λι</strong></span> <span class='ocrx_word' id='word_1_211' title='bbox 779 2111 926 2153; x_wconf 84' lang='grc' dir='ltr'><em>διστὶ</em></span> <span class='ocrx_word' id='word_1_212' title='bbox 957 2114 1040 2168; x_wconf 86' lang='grc'><strong>-]</strong></span> 
     </span>
     <span class='ocr_line' id='line_1_28' title="bbox 235 2167 1044 2212; baseline -0.001 -1"><span class='ocrx_word' id='word_1_213' title='bbox 235 2167 398 2211; x_wconf 87' lang='lat' dir='ltr'><strong>Iudicia</strong></span> <span class='ocrx_word' id='word_1_214' title='bbox 445 2176 641 2211; x_wconf 86' lang='lat' dir='ltr'><strong>veterum</strong></span> <span class='ocrx_word' id='word_1_215' title='bbox 687 2170 741 2212; x_wconf 86' lang='lat' dir='ltr'><strong>de</strong></span> <span class='ocrx_word' id='word_1_216' title='bbox 791 2170 937 2212; x_wconf 88' lang='lat' dir='ltr'><strong>harum</strong></span> <span class='ocrx_word' id='word_1_217' title='bbox 980 2171 1044 2211; x_wconf 91' lang='lat' dir='ltr'><strong>in-</strong></span> 
     </span>
     <span class='ocr_line' id='line_1_29' title="bbox 235 2225 1044 2280; baseline 0.002 -14"><span class='ocrx_word' id='word_1_218' title='bbox 235 2227 335 2267; x_wconf 86' lang='lat' dir='ltr'><strong>dole</strong></span> <span class='ocrx_word' id='word_1_219' title='bbox 375 2225 691 2268; x_wconf 80' lang='lat' dir='ltr'>harmoniarum</span> <span class='ocrx_word' id='word_1_220' title='bbox 734 2228 864 2269; x_wconf 91' lang='lat' dir='ltr'><strong>docte</strong></span> <span class='ocrx_word' id='word_1_221' title='bbox 908 2242 1044 2280; x_wconf 88' lang='lat' dir='ltr'><strong>expo-</strong></span> 
     </span>
     <span class='ocr_line' id='line_1_30' title="bbox 236 2284 1044 2340; baseline 0.006 -16"><span class='ocrx_word' id='word_1_222' title='bbox 236 2286 322 2324; x_wconf 86' lang='lat' dir='ltr'><strong>suit</strong></span> <span class='ocrx_word' id='word_1_223' title='bbox 351 2284 675 2326; x_wconf 83' lang='lat' dir='ltr'><strong>Boeckhius</strong></span> <span class='ocrx_word' id='word_1_224' title='bbox 716 2286 745 2326; x_wconf 86' lang='lat' dir='ltr'><strong>l.</strong></span> <span class='ocrx_word' id='word_1_225' title='bbox 788 2300 824 2328; x_wconf 92' lang='lat' dir='ltr'><strong>c.</strong></span> <span class='ocrx_word' id='word_1_226' title='bbox 868 2301 905 2340; x_wconf 88' lang='lat' dir='ltr'><strong>p.</strong></span> <span class='ocrx_word' id='word_1_227' title='bbox 943 2286 1044 2329; x_wconf 81' lang='grc'><strong>240.</strong></span> 
     </span>
     <span class='ocr_line' id='line_1_31' title="bbox 237 2341 1045 2385; baseline 0.002 -3"><span class='ocrx_word' id='word_1_228' title='bbox 237 2346 282 2383; x_wconf 89' lang='lat' dir='ltr'><strong>et</strong></span> <span class='ocrx_word' id='word_1_229' title='bbox 312 2341 411 2385; x_wconf 81' lang='lat'><strong>241.</strong></span> <span class='ocrx_word' id='word_1_230' title='bbox 471 2343 719 2384; x_wconf 85' lang='lat' dir='ltr'><strong>Memorant</strong></span> <span class='ocrx_word' id='word_1_231' title='bbox 757 2345 869 2384; x_wconf 86' lang='lat' dir='ltr'><strong>hanc</strong></span> <span class='ocrx_word' id='word_1_232' title='bbox 902 2346 1045 2384; x_wconf 79' lang='lat' dir='ltr'><strong>Plato-</strong></span> 
     </span>
     <span class='ocr_line' id='line_1_32' title="bbox 237 2400 1048 2455; baseline 0.005 -15"><span class='ocrx_word' id='word_1_233' title='bbox 237 2400 300 2440; x_wconf 81' lang='lat' dir='ltr'><strong>nis</strong></span> <span class='ocrx_word' id='word_1_234' title='bbox 322 2402 578 2442; x_wconf 80' lang='lat' dir='ltr'><strong>sententiam</strong></span> <span class='ocrx_word' id='word_1_235' title='bbox 606 2407 638 2442; x_wconf 83' lang='lat' dir='ltr'>A</span> <span class='ocrx_word' id='word_1_236' title='bbox 654 2402 694 2442; x_wconf 86' lang='lat' dir='ltr'><strong>ri</strong></span> <span class='ocrx_word' id='word_1_237' title='bbox 709 2415 728 2441; x_wconf 93' lang='lat' dir='ltr'><strong>s</strong></span> <span class='ocrx_word' id='word_1_238' title='bbox 743 2407 760 2442; x_wconf 94' lang='lat' dir='ltr'><strong>t</strong></span> <span class='ocrx_word' id='word_1_239' title='bbox 776 2409 842 2442; x_wconf 85' lang='lat' dir='ltr'><strong>ot.</strong></span> <span class='ocrx_word' id='word_1_240' title='bbox 861 2401 914 2443; x_wconf 85' lang='lat' dir='ltr'><strong>de</strong></span> <span class='ocrx_word' id='word_1_241' title='bbox 934 2402 1048 2455; x_wconf 87' lang='lat' dir='ltr'><strong>Rep.</strong></span> 
     </span>
     <span class='ocr_line' id='line_1_33' title="bbox 241 2457 1043 2503; baseline 0.005 -7"><span class='ocrx_word' id='word_1_242' title='bbox 241 2457 353 2500; x_wconf 83' lang='lat' dir='ltr'><strong>vm.</strong></span> <span class='ocrx_word' id='word_1_243' title='bbox 398 2471 434 2498; x_wconf 91' lang='lat' dir='ltr'><strong>c.</strong></span> <span class='ocrx_word' id='word_1_244' title='bbox 473 2458 512 2502; x_wconf 83' lang='grc'><strong>7.</strong></span> <span class='ocrx_word' id='word_1_245' title='bbox 560 2458 839 2500; x_wconf 81' lang='lat' dir='ltr'><strong>Aristides</strong></span> <span class='ocrx_word' id='word_1_246' title='bbox 879 2460 1043 2503; x_wconf 81' lang='lat' dir='ltr'><strong>Quin-</strong></span> 
     </span>
     <span class='ocr_line' id='line_1_34' title="bbox 239 2515 1044 2571; baseline 0.004 -16"><span class='ocrx_word' id='word_1_247' title='bbox 239 2516 354 2558; x_wconf 88' lang='lat' dir='ltr'><strong>ctil.</strong></span> <span class='ocrx_word' id='word_1_248' title='bbox 397 2515 451 2557; x_wconf 89' lang='lat' dir='ltr'><strong>de</strong></span> <span class='ocrx_word' id='word_1_249' title='bbox 491 2517 604 2560; x_wconf 88' lang='lat' dir='ltr'><strong>Mus.</strong></span> <span class='ocrx_word' id='word_1_250' title='bbox 642 2517 678 2557; x_wconf 86' lang='lat' dir='ltr'><strong>I.</strong></span> <span class='ocrx_word' id='word_1_251' title='bbox 727 2531 768 2571; x_wconf 88' lang='lat' dir='ltr'><strong>p.</strong></span> <span class='ocrx_word' id='word_1_252' title='bbox 806 2519 876 2560; x_wconf 90' lang='lat'><strong>22.</strong></span> <span class='ocrx_word' id='word_1_253' title='bbox 933 2519 1044 2558; x_wconf 78' lang='lat' dir='ltr'><strong>Plu-</strong></span> 
     </span>
     <span class='ocr_line' id='line_1_35' title="bbox 238 2572 1044 2629; baseline 0.004 -16"><span class='ocrx_word' id='word_1_254' title='bbox 238 2572 414 2616; x_wconf 86' lang='lat' dir='ltr'><strong>tarch.</strong></span> <span class='ocrx_word' id='word_1_255' title='bbox 473 2574 527 2614; x_wconf 88' lang='lat' dir='ltr'><strong>de</strong></span> <span class='ocrx_word' id='word_1_256' title='bbox 567 2575 684 2615; x_wconf 85' lang='lat' dir='ltr'><strong>Mus.</strong></span> <span class='ocrx_word' id='word_1_257' title='bbox 733 2590 775 2629; x_wconf 89' lang='lat' dir='ltr'><strong>p.</strong></span> <span class='ocrx_word' id='word_1_258' title='bbox 815 2575 944 2620; x_wconf 88' lang='lat'><strong>1136.</strong></span> <span class='ocrx_word' id='word_1_259' title='bbox 994 2574 1044 2616; x_wconf 89' lang='grc' dir='ltr'><strong>Ε</strong></span> 
     </span>
     <span class='ocr_line' id='line_1_36' title="bbox 238 2630 1045 2704; baseline 0.004 -34"><span class='ocrx_word' id='word_1_260' title='bbox 238 2630 298 2671; x_wconf 83' lang='lat' dir='ltr'><strong>Et</strong></span> <span class='ocrx_word' id='word_1_261' title='bbox 328 2632 591 2673; x_wconf 88' lang='lat' dir='ltr'><strong>Aristoteles</strong></span> <span class='ocrx_word' id='word_1_262' title='bbox 614 2635 789 2685; x_wconf 79' lang='lat' dir='ltr'><strong>quidem</strong></span> <span class='ocrx_word' id='word_1_263' title='bbox 813 2632 1045 2704; x_wconf 86' lang='lat' dir='ltr'><strong>reprehen-</strong></span> 
     </span>
     <span class='ocr_line' id='line_1_37' title="bbox 239 2687 1045 2744; baseline 0.004 -16"><span class='ocrx_word' id='word_1_264' title='bbox 239 2687 304 2728; x_wconf 89' lang='lat' dir='ltr'><strong>dit</strong></span> <span class='ocrx_word' id='word_1_265' title='bbox 320 2690 561 2741; x_wconf 84' lang='lat' dir='ltr'>Platonem,</span> <span class='ocrx_word' id='word_1_266' title='bbox 585 2695 672 2731; x_wconf 90' lang='lat' dir='ltr'><strong>tum</strong></span> <span class='ocrx_word' id='word_1_267' title='bbox 700 2693 816 2744; x_wconf 81' lang='lat' dir='ltr'><strong>quod</strong></span> <span class='ocrx_word' id='word_1_268' title='bbox 842 2689 918 2734; x_wconf 68' lang='grc' dir='ltr'><em>τὰς</em></span> <span class='ocrx_word' id='word_1_269' title='bbox 933 2687 1045 2731; x_wconf 89' lang='grc' dir='ltr'><em>α’νει-</em></span> 
     </span>
     <span class='ocr_line' id='line_1_38' title="bbox 235 2742 1046 2801; baseline 0.007 -16"><span class='ocrx_word' id='word_1_270' title='bbox 235 2745 367 2796; x_wconf 72' lang='grc' dir='ltr'><em>μένας</em></span> <span class='ocrx_word' id='word_1_271' title='bbox 414 2742 623 2800; x_wconf 71' lang='grc' dir='ltr'><em>ἁρμονίας</em></span> <span class='ocrx_word' id='word_1_272' title='bbox 671 2752 893 2801; x_wconf 86' lang='lat' dir='ltr'><strong>reiecerit‚</strong></span> <span class='ocrx_word' id='word_1_273' title='bbox 953 2755 1046 2791; x_wconf 89' lang='lat' dir='ltr'><strong>tum</strong></span> 
     </span>
     <span class='ocr_line' id='line_1_39' title="bbox 235 2804 1047 2862; baseline 0.005 -18"><span class='ocrx_word' id='word_1_274' title='bbox 235 2804 351 2856; x_wconf 90' lang='lat' dir='ltr'><strong>quod</strong></span> <span class='ocrx_word' id='word_1_275' title='bbox 384 2805 614 2862; x_wconf 82' lang='lat' dir='ltr'><strong>Phrygium</strong></span> <span class='ocrx_word' id='word_1_276' title='bbox 648 2807 820 2849; x_wconf 89' lang='lat' dir='ltr'><strong>modum</strong></span> <span class='ocrx_word' id='word_1_277' title='bbox 861 2809 900 2849; x_wconf 90' lang='lat' dir='ltr'><strong>in</strong></span> <span class='ocrx_word' id='word_1_278' title='bbox 944 2808 1047 2848; x_wconf 89' lang='lat' dir='ltr'><strong>civi-</strong></span> 
     </span>
     <span class='ocr_line' id='line_1_40' title="bbox 235 2863 1046 2918; baseline 0.005 -16"><span class='ocrx_word' id='word_1_279' title='bbox 235 2867 371 2903; x_wconf 90' lang='lat' dir='ltr'><strong>tatem</strong></span> <span class='ocrx_word' id='word_1_280' title='bbox 407 2876 532 2905; x_wconf 87' lang='lat' dir='ltr'><strong>suam</strong></span> <span class='ocrx_word' id='word_1_281' title='bbox 577 2863 813 2910; x_wconf 84' lang='lat' dir='ltr'><strong>admiserit.</strong></span> <span class='ocrx_word' id='word_1_282' title='bbox 876 2867 920 2908; x_wconf 85' lang='lat' dir='ltr'><strong>ln</strong></span> <span class='ocrx_word' id='word_1_283' title='bbox 957 2878 1046 2918; x_wconf 89' lang='lat' dir='ltr'><strong>quo</strong></span> 
     </span>
     <span class='ocr_line' id='line_1_41' title="bbox 192 2922 1047 2974; baseline 0.004 -13"><span class='ocrx_word' id='word_1_284' title='bbox 192 2932 386 2961; x_wconf 78' lang='lat' dir='ltr'><strong>‚rursus</strong></span> <span class='ocrx_word' id='word_1_285' title='bbox 445 2922 594 2963; x_wconf 86' lang='lat' dir='ltr'><strong>iniuria</strong></span> <span class='ocrx_word' id='word_1_286' title='bbox 645 2926 902 2974; x_wconf 68' lang='lat' dir='ltr'><strong>manistrum</strong></span> <span class='ocrx_word' id='word_1_287' title='bbox 953 2935 1047 2964; x_wconf 87' lang='lat' dir='ltr'><strong>car-</strong></span> 
     </span>
     <span class='ocr_line' id='line_1_42' title="bbox 236 2978 1046 3029; baseline 0.004 -11"><span class='ocrx_word' id='word_1_288' title='bbox 236 2990 341 3029; x_wconf 83' lang='lat' dir='ltr'><strong>pere</strong></span> <span class='ocrx_word' id='word_1_289' title='bbox 381 2978 565 3023; x_wconf 59' lang='lat' dir='ltr'><strong>sinetur.</strong></span> <span class='ocrx_word' id='word_1_290' title='bbox 627 2979 731 3023; x_wconf 82' lang='lat' dir='ltr'><strong>Nam</strong></span> <span class='ocrx_word' id='word_1_291' title='bbox 772 2988 891 3023; x_wconf 85' lang='lat' dir='ltr'><strong>recte</strong></span> <span class='ocrx_word' id='word_1_292' title='bbox 923 2982 1046 3022; x_wconf 79' lang='lat' dir='ltr'><strong>Plato</strong></span> 
     </span>
     <span class='ocr_line' id='line_1_43' title="bbox 237 3038 1049 3092; baseline 0.006 -19"><span class='ocrx_word' id='word_1_293' title='bbox 237 3047 316 3074; x_wconf 87' lang='lat' dir='ltr'><strong>eas</strong></span> <span class='ocrx_word' id='word_1_294' title='bbox 355 3040 522 3078; x_wconf 85' lang='lat' dir='ltr'><strong>tantum</strong></span> <span class='ocrx_word' id='word_1_295' title='bbox 556 3038 801 3080; x_wconf 85' lang='lat' dir='ltr'><strong>harmonias</strong></span> <span class='ocrx_word' id='word_1_296' title='bbox 838 3040 881 3079; x_wconf 83' lang='lat' dir='ltr'><strong>in</strong></span> <span class='ocrx_word' id='word_1_297' title='bbox 919 3051 1049 3092; x_wconf 87' lang='lat' dir='ltr'><strong>repu-</strong></span> 
     </span>
     <span class='ocr_line' id='line_1_44' title="bbox 236 3091 1049 3149; baseline 0.007 -19"><span class='ocrx_word' id='word_1_298' title='bbox 236 3091 350 3132; x_wconf 88' lang='lat' dir='ltr'><strong>blica</strong></span> <span class='ocrx_word' id='word_1_299' title='bbox 389 3107 464 3135; x_wconf 86' lang='lat' dir='ltr'><strong>sua</strong></span> <span class='ocrx_word' id='word_1_300' title='bbox 504 3096 686 3137; x_wconf 80' lang='lat' dir='ltr'><strong>tolerari</strong></span> <span class='ocrx_word' id='word_1_301' title='bbox 726 3098 891 3146; x_wconf 64' lang='lat' dir='ltr'><strong>votuit,</strong></span> <span class='ocrx_word' id='word_1_302' title='bbox 936 3109 1049 3149; x_wconf 88' lang='lat' dir='ltr'><strong>quae</strong></span> 
     </span>
     <span class='ocr_line' id='line_1_45' title="bbox 237 3149 1049 3196; baseline 0.006 -7"><span class='ocrx_word' id='word_1_303' title='bbox 237 3150 310 3190; x_wconf 83' lang='lat' dir='ltr'><strong>vel</strong></span> <span class='ocrx_word' id='word_1_304' title='bbox 341 3149 382 3190; x_wconf 89' lang='lat' dir='ltr'><strong>in</strong></span> <span class='ocrx_word' id='word_1_305' title='bbox 414 3152 532 3192; x_wconf 85' lang='lat' dir='ltr'><strong>bello</strong></span> <span class='ocrx_word' id='word_1_306' title='bbox 574 3154 627 3194; x_wconf 88' lang='lat' dir='ltr'><strong>ad</strong></span> <span class='ocrx_word' id='word_1_307' title='bbox 662 3154 966 3196; x_wconf 85' lang='lat' dir='ltr'><strong>fortitudinem</strong></span> <span class='ocrx_word' id='word_1_308' title='bbox 1005 3158 1049 3194; x_wconf 87' lang='lat' dir='ltr'><strong>et</strong></span> 
     </span>
     <span class='ocr_line' id='line_1_46' title="bbox 236 3209 1048 3260; baseline 0.007 -14"><span class='ocrx_word' id='word_1_309' title='bbox 236 3209 635 3260; x_wconf 78' lang='lat' dir='ltr'><strong>magnanimitatem</strong></span> <span class='ocrx_word' id='word_1_310' title='bbox 670 3211 943 3254; x_wconf 80' lang='lat' dir='ltr'><strong>excitandam</strong></span> <span class='ocrx_word' id='word_1_311' title='bbox 971 3223 1048 3252; x_wconf 85' lang='lat' dir='ltr'><strong>va·</strong></span> 
     </span>
     <span class='ocr_line' id='line_1_47' title="bbox 235 3266 1049 3321; baseline 0.004 -16"><span class='ocrx_word' id='word_1_312' title='bbox 235 3266 403 3315; x_wconf 85' lang='lat' dir='ltr'><strong>lerent,</strong></span> <span class='ocrx_word' id='word_1_313' title='bbox 456 3267 527 3306; x_wconf 90' lang='lat' dir='ltr'><strong>vel</strong></span> <span class='ocrx_word' id='word_1_314' title='bbox 573 3269 614 3307; x_wconf 92' lang='lat' dir='ltr'><strong>in</strong></span> <span class='ocrx_word' id='word_1_315' title='bbox 654 3283 761 3321; x_wconf 87' lang='lat' dir='ltr'><strong>pace</strong></span> <span class='ocrx_word' id='word_1_316' title='bbox 799 3276 1049 3321; x_wconf 85' lang='lat' dir='ltr'><strong>temperan-</strong></span> 
     </span>
     <span class='ocr_line' id='line_1_48' title="bbox 237 3322 1050 3369; baseline 0.004 -6"><span class='ocrx_word' id='word_1_317' title='bbox 237 3322 338 3364; x_wconf 85' lang='lat' dir='ltr'><strong>tiam</strong></span> <span class='ocrx_word' id='word_1_318' title='bbox 371 3327 414 3364; x_wconf 86' lang='lat' dir='ltr'><strong>et</strong></span> <span class='ocrx_word' id='word_1_319' title='bbox 446 3323 787 3368; x_wconf 85' lang='lat' dir='ltr'><strong>moderationem</strong></span> <span class='ocrx_word' id='word_1_320' title='bbox 821 3328 1050 3369; x_wconf 76' lang='lat' dir='ltr'><strong>efficerent</strong></span> 
     </span>
     <span class='ocr_line' id='line_1_49' title="bbox 241 3381 1048 3434; baseline 0.005 -14"><span class='ocrx_word' id='word_1_321' title='bbox 241 3384 286 3420; x_wconf 84' lang='lat' dir='ltr'><strong>et</strong></span> <span class='ocrx_word' id='word_1_322' title='bbox 339 3381 616 3433; x_wconf 83' lang='lat' dir='ltr'><strong>adiuvarent3</strong></span> <span class='ocrx_word' id='word_1_323' title='bbox 668 3389 837 3426; x_wconf 88' lang='lat' dir='ltr'><strong>ceteras</strong></span> <span class='ocrx_word' id='word_1_324' title='bbox 877 3396 1048 3434; x_wconf 86' lang='lat' dir='ltr'><strong>omnes,</strong></span> 
     </span>
     <span class='ocr_line' id='line_1_50' title="bbox 241 3438 1050 3495; baseline 0.009 -17"><span class='ocrx_word' id='word_1_325' title='bbox 241 3449 355 3489; x_wconf 85' lang='lat' dir='ltr'><strong>qnae</strong></span> <span class='ocrx_word' id='word_1_326' title='bbox 389 3438 572 3480; x_wconf 84' lang='lat' dir='ltr'><strong>affectus</strong></span> <span class='ocrx_word' id='word_1_327' title='bbox 613 3446 656 3482; x_wconf 88' lang='lat' dir='ltr'><strong>et</strong></span> <span class='ocrx_word' id='word_1_328' title='bbox 688 3442 949 3495; x_wconf 83' lang='lat' dir='ltr'><strong>cupiditates</strong></span> <span class='ocrx_word' id='word_1_329' title='bbox 982 3441 1050 3481; x_wconf 86' lang='lat' dir='ltr'><strong>ni-</strong></span> 
     </span>
    </p>
   </div>
   <div class='ocr_carea' id='block_1_8' title="bbox 1129 1707 1995 3491">
    <p class='ocr_par' dir='ltr' id='par_1_9' title="bbox 1129 1707 1995 3491">
     <span class='ocr_line' id='line_1_51' title="bbox 1130 1707 1995 1762; baseline 0.003 -15"><span class='ocrx_word' id='word_1_330' title='bbox 1130 1707 1211 1747; x_wconf 86' lang='lat' dir='ltr'><strong>mis</strong></span> <span class='ocrx_word' id='word_1_331' title='bbox 1246 1712 1496 1762; x_wconf 81' lang='lat' dir='ltr'><strong>moverent,</strong></span> <span class='ocrx_word' id='word_1_332' title='bbox 1533 1721 1586 1749; x_wconf 86' lang='lat' dir='ltr'><strong>ex</strong></span> <span class='ocrx_word' id='word_1_333' title='bbox 1621 1708 1772 1750; x_wconf 88' lang='lat' dir='ltr'><strong>eadem</strong></span> <span class='ocrx_word' id='word_1_334' title='bbox 1808 1721 1938 1750; x_wconf 85' lang='lat' dir='ltr'><strong>exsu·</strong></span> <span class='ocrx_word' id='word_1_335' title='bbox 1991 1719 1995 1723; x_wconf 80' lang='grc'>’</span> 
     </span>
     <span class='ocr_line' id='line_1_52' title="bbox 1134 1762 1949 1820; baseline 0.002 -15"><span class='ocrx_word' id='word_1_336' title='bbox 1134 1766 1222 1805; x_wconf 82' lang='lat' dir='ltr'><strong>iare</strong></span> <span class='ocrx_word' id='word_1_337' title='bbox 1253 1762 1396 1805; x_wconf 78' lang='lat' dir='ltr'><strong>iussit.</strong></span> <span class='ocrx_word' id='word_1_338' title='bbox 1460 1766 1589 1808; x_wconf 81' lang='lat' dir='ltr'><strong>Quod</strong></span> <span class='ocrx_word' id='word_1_339' title='bbox 1623 1773 1768 1808; x_wconf 89' lang='lat' dir='ltr'><strong>autem</strong></span> <span class='ocrx_word' id='word_1_340' title='bbox 1805 1768 1949 1820; x_wconf 65' lang='lat' dir='ltr'><strong>Phry-¹</strong></span> 
     </span>
     <span class='ocr_line' id='line_1_53' title="bbox 1130 1823 1939 1875; baseline 0.002 -13"><span class='ocrx_word' id='word_1_341' title='bbox 1130 1823 1226 1875; x_wconf 85' lang='lat' dir='ltr'><strong>gius</strong></span> <span class='ocrx_word' id='word_1_342' title='bbox 1277 1823 1431 1864; x_wconf 86' lang='lat' dir='ltr'><strong>modus</strong></span> <span class='ocrx_word' id='word_1_343' title='bbox 1475 1824 1566 1864; x_wconf 79' lang='lat' dir='ltr'><strong>eius</strong></span> <span class='ocrx_word' id='word_1_344' title='bbox 1607 1826 1826 1865; x_wconf 83' lang='lat' dir='ltr'><strong>severitati</strong></span> <span class='ocrx_word' id='word_1_345' title='bbox 1860 1825 1939 1866; x_wconf 85' lang='lat' dir='ltr'><strong>mi-</strong></span> 
     </span>
     <span class='ocr_line' id='line_1_54' title="bbox 1129 1882 1939 1923; baseline 0 -2"><span class='ocrx_word' id='word_1_346' title='bbox 1129 1893 1208 1921; x_wconf 86' lang='lat' dir='ltr'><strong>nus</strong></span> <span class='ocrx_word' id='word_1_347' title='bbox 1258 1882 1619 1922; x_wconf 80' lang='lat' dir='ltr'><strong>accommodatus</strong></span> <span class='ocrx_word' id='word_1_348' title='bbox 1673 1896 1771 1923; x_wconf 90' lang='lat' dir='ltr'><strong>esse</strong></span> <span class='ocrx_word' id='word_1_349' title='bbox 1822 1883 1939 1922; x_wconf 86' lang='lat' dir='ltr'><strong>visus</strong></span> 
     </span>
     <span class='ocr_line' id='line_1_55' title="bbox 1131 1938 1941 1990; baseline 0 -10"><span class='ocrx_word' id='word_1_350' title='bbox 1131 1942 1203 1980; x_wconf 87' lang='lat' dir='ltr'><strong>est</strong></span> <span class='ocrx_word' id='word_1_351' title='bbox 1237 1938 1488 1990; x_wconf 80' lang='lat' dir='ltr'><strong>Aristoteli,</strong></span> <span class='ocrx_word' id='word_1_352' title='bbox 1523 1952 1606 1980; x_wconf 93' lang='lat' dir='ltr'><strong>non</strong></span> <span class='ocrx_word' id='word_1_353' title='bbox 1638 1940 1941 1980; x_wconf 78' lang='lat' dir='ltr'><strong>animadvertit</strong></span> 
     </span>
     <span class='ocr_line' id='line_1_56' title="bbox 1129 1996 1941 2038; baseline 0.002 -2"><span class='ocrx_word' id='word_1_354' title='bbox 1129 1996 1363 2036; x_wconf 86' lang='lat' dir='ltr'><strong>acerrimus</strong></span> <span class='ocrx_word' id='word_1_355' title='bbox 1403 2008 1561 2037; x_wconf 80' lang='lat' dir='ltr'><strong>censor</strong></span> <span class='ocrx_word' id='word_1_356' title='bbox 1618 1996 1727 2038; x_wconf 89' lang='lat' dir='ltr'><strong>hanc</strong></span> <span class='ocrx_word' id='word_1_357' title='bbox 1768 1996 1941 2038; x_wconf 81' lang='lat' dir='ltr'><strong>harmo-</strong></span> 
     </span>
     <span class='ocr_line' id='line_1_57' title="bbox 1129 2054 1941 2107; baseline 0.001 -14"><span class='ocrx_word' id='word_1_358' title='bbox 1129 2055 1241 2094; x_wconf 88' lang='lat' dir='ltr'><strong>niam</strong></span> <span class='ocrx_word' id='word_1_359' title='bbox 1275 2067 1298 2092; x_wconf 87' lang='lat' dir='ltr'><strong>a</strong></span> <span class='ocrx_word' id='word_1_360' title='bbox 1331 2054 1516 2094; x_wconf 85' lang='lat' dir='ltr'><strong>Socrate</strong></span> <span class='ocrx_word' id='word_1_361' title='bbox 1567 2067 1652 2095; x_wconf 93' lang='lat' dir='ltr'><strong>non</strong></span> <span class='ocrx_word' id='word_1_362' title='bbox 1688 2055 1941 2107; x_wconf 83' lang='lat' dir='ltr'><strong>simpliciter</strong></span> 
     </span>
     <span class='ocr_line' id='line_1_58' title="bbox 1131 2112 1942 2164; baseline 0.002 -14"><span class='ocrx_word' id='word_1_363' title='bbox 1131 2112 1421 2164; x_wconf 78' lang='lat' dir='ltr'><strong>comprobari.</strong></span> <span class='ocrx_word' id='word_1_364' title='bbox 1456 2115 1688 2164; x_wconf 81' lang='lat' dir='ltr'><strong>Postquam</strong></span> <span class='ocrx_word' id='word_1_365' title='bbox 1707 2113 1817 2154; x_wconf 88' lang='lat' dir='ltr'><strong>enim</strong></span> <span class='ocrx_word' id='word_1_366' title='bbox 1837 2112 1942 2153; x_wconf 79' lang='lat' dir='ltr'><strong>Adi-</strong></span> 
     </span>
     <span class='ocr_line' id='line_1_59' title="bbox 1131 2168 1939 2221; baseline 0.001 -11"><span class='ocrx_word' id='word_1_367' title='bbox 1131 2175 1301 2210; x_wconf 88' lang='lat' dir='ltr'><strong>mantus</strong></span> <span class='ocrx_word' id='word_1_368' title='bbox 1352 2168 1580 2221; x_wconf 65' lang='lat' dir='ltr'><strong>Phrygiam</strong></span> <span class='ocrx_word' id='word_1_369' title='bbox 1655 2176 1700 2211; x_wconf 82' lang='lat' dir='ltr'><strong>et</strong></span> <span class='ocrx_word' id='word_1_370' title='bbox 1762 2170 1939 2211; x_wconf 87' lang='lat' dir='ltr'><strong>Doriam</strong></span> 
     </span>
     <span class='ocr_line' id='line_1_60' title="bbox 1131 2227 1942 2282; baseline 0 -14"><span class='ocrx_word' id='word_1_371' title='bbox 1131 2227 1394 2268; x_wconf 82' lang='lat' dir='ltr'><strong>harmoniam</strong></span> <span class='ocrx_word' id='word_1_372' title='bbox 1436 2228 1517 2268; x_wconf 89' lang='lat' dir='ltr'><strong>sibi</strong></span> <span class='ocrx_word' id='word_1_373' title='bbox 1551 2227 1843 2282; x_wconf 84' lang='lat' dir='ltr'><strong>recipiendam</strong></span> <span class='ocrx_word' id='word_1_374' title='bbox 1876 2227 1942 2268; x_wconf 85' lang='lat' dir='ltr'><strong>vi-</strong></span> 
     </span>
     <span class='ocr_line' id='line_1_61' title="bbox 1132 2284 1941 2336; baseline -0.001 -10"><span class='ocrx_word' id='word_1_375' title='bbox 1132 2285 1224 2326; x_wconf 87' lang='lat' dir='ltr'><strong>deri</strong></span> <span class='ocrx_word' id='word_1_376' title='bbox 1247 2284 1473 2336; x_wconf 79' lang='lat' dir='ltr'><strong>professus</strong></span> <span class='ocrx_word' id='word_1_377' title='bbox 1491 2290 1574 2335; x_wconf 89' lang='lat' dir='ltr'><strong>est,</strong></span> <span class='ocrx_word' id='word_1_378' title='bbox 1602 2287 1692 2334; x_wconf 82' lang='lat' dir='ltr'><strong>ille,</strong></span> <span class='ocrx_word' id='word_1_379' title='bbox 1718 2298 1804 2326; x_wconf 90' lang='lat' dir='ltr'><strong>non</strong></span> <span class='ocrx_word' id='word_1_380' title='bbox 1831 2297 1941 2335; x_wconf 87' lang='lat' dir='ltr'><strong>sum,</strong></span> 
     </span>
     <span class='ocr_line' id='line_1_62' title="bbox 1129 2342 1941 2397; baseline 0 -14"><span class='ocrx_word' id='word_1_381' title='bbox 1129 2342 1278 2394; x_wconf 86' lang='lat' dir='ltr'><strong>inquit,</strong></span> <span class='ocrx_word' id='word_1_382' title='bbox 1311 2344 1503 2384; x_wconf 84' lang='lat' dir='ltr'><strong>musicae</strong></span> <span class='ocrx_word' id='word_1_383' title='bbox 1523 2346 1715 2397; x_wconf 81' lang='lat' dir='ltr'><strong>peritus,·</strong></span> <span class='ocrx_word' id='word_1_384' title='bbox 1743 2343 1820 2385; x_wconf 89' lang='lat' dir='ltr'><strong>sed</strong></span> <span class='ocrx_word' id='word_1_385' title='bbox 1842 2345 1941 2384; x_wconf 87' lang='lat' dir='ltr'><strong>illos</strong></span> 
     </span>
     <span class='ocr_line' id='line_1_63' title="bbox 1131 2399 1941 2454; baseline -0.001 -11"><span class='ocrx_word' id='word_1_386' title='bbox 1131 2399 1228 2443; x_wconf 91' lang='lat' dir='ltr'><strong>mihi</strong></span> <span class='ocrx_word' id='word_1_387' title='bbox 1252 2399 1408 2440; x_wconf 79' lang='lat' dir='ltr'><strong>modos</strong></span> <span class='ocrx_word' id='word_1_388' title='bbox 1427 2402 1664 2454; x_wconf 84' lang='lat' dir='ltr'><strong>relinquas,</strong></span> <span class='ocrx_word' id='word_1_389' title='bbox 1701 2414 1814 2454; x_wconf 85' lang='lat' dir='ltr'><strong>quos</strong></span> <span class='ocrx_word' id='word_1_390' title='bbox 1846 2413 1941 2442; x_wconf 91' lang='lat' dir='ltr'><strong>mo·</strong></span> 
     </span>
     <span class='ocr_line' id='line_1_64' title="bbox 1132 2458 1942 2512; baseline 0 -13"><span class='ocrx_word' id='word_1_391' title='bbox 1132 2459 1190 2499; x_wconf 92' lang='lat' dir='ltr'><strong>do</strong></span> <span class='ocrx_word' id='word_1_392' title='bbox 1222 2459 1445 2510; x_wconf 89' lang='lat' dir='ltr'><strong>volebam,</strong></span> <span class='ocrx_word' id='word_1_393' title='bbox 1474 2458 1555 2500; x_wconf 88' lang='lat' dir='ltr'><strong>hoc</strong></span> <span class='ocrx_word' id='word_1_394' title='bbox 1591 2465 1680 2511; x_wconf 90' lang='lat' dir='ltr'><strong>est,</strong></span> <span class='ocrx_word' id='word_1_395' title='bbox 1719 2460 1792 2512; x_wconf 88' lang='lat' dir='ltr'><strong>qui</strong></span> <span class='ocrx_word' id='word_1_396' title='bbox 1824 2459 1942 2500; x_wconf 87' lang='lat' dir='ltr'><strong>bello</strong></span> 
     </span>
     <span class='ocr_line' id='line_1_65' title="bbox 1133 2515 1944 2568; baseline 0.001 -11"><span class='ocrx_word' id='word_1_397' title='bbox 1133 2522 1176 2557; x_wconf 92' lang='lat' dir='ltr'><strong>et</strong></span> <span class='ocrx_word' id='word_1_398' title='bbox 1210 2515 1307 2568; x_wconf 88' lang='lat' dir='ltr'><strong>paci</strong></span> <span class='ocrx_word' id='word_1_399' title='bbox 1337 2516 1423 2557; x_wconf 83' lang='lat' dir='ltr'><strong>sint</strong></span> <span class='ocrx_word' id='word_1_400' title='bbox 1455 2517 1752 2559; x_wconf 83' lang='lat' dir='ltr'><strong>consentanei.</strong></span> <span class='ocrx_word' id='word_1_401' title='bbox 1818 2517 1944 2560; x_wconf 80' lang='lat' dir='ltr'><strong>Quae</strong></span> 
     </span>
     <span class='ocr_line' id='line_1_66' title="bbox 1131 2573 1941 2627; baseline 0.001 -13"><span class='ocrx_word' id='word_1_402' title='bbox 1131 2574 1226 2627; x_wconf 87' lang='lat' dir='ltr'><strong>quis</strong></span> <span class='ocrx_word' id='word_1_403' title='bbox 1289 2586 1374 2614; x_wconf 92' lang='lat' dir='ltr'><strong>non</strong></span> <span class='ocrx_word' id='word_1_404' title='bbox 1433 2574 1551 2615; x_wconf 85' lang='lat' dir='ltr'><strong>videt</strong></span> <span class='ocrx_word' id='word_1_405' title='bbox 1605 2575 1658 2616; x_wconf 87' lang='lat' dir='ltr'><strong>ad</strong></span> <span class='ocrx_word' id='word_1_406' title='bbox 1700 2573 1941 2627; x_wconf 60' lang='lat' dir='ltr'><strong>&gt;Phrygiam</strong></span> 
     </span>
     <span class='ocr_line' id='line_1_67' title="bbox 1132 2631 1942 2674; baseline 0 -1"><span class='ocrx_word' id='word_1_407' title='bbox 1132 2631 1394 2674; x_wconf 80' lang='lat' dir='ltr'><strong>harmoniam</strong></span> <span class='ocrx_word' id='word_1_408' title='bbox 1428 2645 1527 2673; x_wconf 81' lang='lat' dir='ltr'><strong>esse</strong></span> <span class='ocrx_word' id='word_1_409' title='bbox 1545 2632 1771 2674; x_wconf 84' lang='lat' dir='ltr'><strong>referenda</strong></span> <span class='ocrx_word' id='word_1_410' title='bbox 1785 2631 1811 2673; x_wconf 68' lang='grc' dir='ltr'><strong>’ἐ</strong></span> <span class='ocrx_word' id='word_1_411' title='bbox 1837 2632 1942 2673; x_wconf 58' lang='lat' dir='ltr'><strong>Ete*</strong></span> 
     </span>
     <span class='ocr_line' id='line_1_68' title="bbox 1132 2688 1941 2743; baseline -0.004 -13"><span class='ocrx_word' id='word_1_412' title='bbox 1132 2690 1218 2730; x_wconf 93' lang='lat' dir='ltr'><strong>nim</strong></span> <span class='ocrx_word' id='word_1_413' title='bbox 1265 2689 1504 2743; x_wconf 84' lang='lat' dir='ltr'><strong>Phrygia</strong></span> <span class='ocrx_word' id='word_1_414' title='bbox 1561 2689 1779 2732; x_wconf 84' lang='lat' dir='ltr'><strong>harmonia</strong></span> <span class='ocrx_word' id='word_1_415' title='bbox 1838 2688 1941 2730; x_wconf 82' lang='lat' dir='ltr'><strong>varii</strong></span> 
     </span>
     <span class='ocr_line' id='line_1_69' title="bbox 1135 2746 1940 2801; baseline -0.004 -12"><span class='ocrx_word' id='word_1_416' title='bbox 1135 2753 1228 2789; x_wconf 89' lang='lat' dir='ltr'><strong>erat</strong></span> <span class='ocrx_word' id='word_1_417' title='bbox 1261 2761 1310 2788; x_wconf 91' lang='lat' dir='ltr'><strong>ac</strong></span> <span class='ocrx_word' id='word_1_418' title='bbox 1344 2746 1502 2788; x_wconf 83' lang='lat' dir='ltr'><strong>diversi</strong></span> <span class='ocrx_word' id='word_1_419' title='bbox 1523 2748 1705 2801; x_wconf 82' lang='lat' dir='ltr'><strong>generis,</strong></span> <span class='ocrx_word' id='word_1_420' title='bbox 1736 2751 1784 2788; x_wconf 87' lang='lat' dir='ltr'><strong>ut</strong></span> <span class='ocrx_word' id='word_1_421' title='bbox 1807 2759 1940 2799; x_wconf 85' lang='lat' dir='ltr'><strong>quae—</strong></span> 
     </span>
     <span class='ocr_line' id='line_1_70' title="bbox 1135 2803 1942 2858; baseline -0.002 -13"><span class='ocrx_word' id='word_1_422' title='bbox 1135 2805 1231 2845; x_wconf 90' lang='lat' dir='ltr'><strong>dam</strong></span> <span class='ocrx_word' id='word_1_423' title='bbox 1267 2806 1357 2846; x_wconf 82' lang='lat' dir='ltr'><strong>eins</strong></span> <span class='ocrx_word' id='word_1_424' title='bbox 1400 2810 1548 2858; x_wconf 82' lang='lat' dir='ltr'><strong>partes</strong></span> <span class='ocrx_word' id='word_1_425' title='bbox 1588 2804 1839 2846; x_wconf 82' lang='lat' dir='ltr'><strong>retinendae</strong></span> <span class='ocrx_word' id='word_1_426' title='bbox 1880 2803 1942 2843; x_wconf 87' lang='lat' dir='ltr'><strong>vi-</strong></span> 
     </span>
     <span class='ocr_line' id='line_1_71' title="bbox 1135 2859 1941 2915; baseline -0.002 -13"><span class='ocrx_word' id='word_1_427' title='bbox 1135 2862 1225 2904; x_wconf 92' lang='lat' dir='ltr'><strong>deri</strong></span> <span class='ocrx_word' id='word_1_428' title='bbox 1257 2864 1494 2915; x_wconf 81' lang='lat' dir='ltr'><strong>potuerint,</strong></span> <span class='ocrx_word' id='word_1_429' title='bbox 1527 2863 1718 2914; x_wconf 80' lang='lat' dir='ltr'><strong>inprimis</strong></span> <span class='ocrx_word' id='word_1_430' title='bbox 1749 2874 1860 2914; x_wconf 82' lang='lat' dir='ltr'><strong>quae</strong></span> <span class='ocrx_word' id='word_1_431' title='bbox 1887 2859 1941 2902; x_wconf 90' lang='lat' dir='ltr'><strong>ad</strong></span> 
     </span>
     <span class='ocr_line' id='line_1_72' title="bbox 1135 2919 1942 2961; baseline -0.002 0"><span class='ocrx_word' id='word_1_432' title='bbox 1135 2932 1303 2961; x_wconf 83' lang='lat' dir='ltr'><strong>sacrum</strong></span> <span class='ocrx_word' id='word_1_433' title='bbox 1365 2919 1700 2961; x_wconf 82' lang='lat' dir='ltr'><strong>enthusiasmum</strong></span> <span class='ocrx_word' id='word_1_434' title='bbox 1753 2919 1942 2960; x_wconf 77' lang='lat' dir='ltr'><strong>excitan-</strong></span> 
     </span>
     <span class='ocr_line' id='line_1_73' title="bbox 1137 2974 1941 3029; baseline 0 -11"><span class='ocrx_word' id='word_1_435' title='bbox 1137 2974 1236 3018; x_wconf 90' lang='lat' dir='ltr'><strong>dum</strong></span> <span class='ocrx_word' id='word_1_436' title='bbox 1300 2979 1508 3018; x_wconf 81' lang='lat' dir='ltr'><strong>vaierent.</strong></span> <span class='ocrx_word' id='word_1_437' title='bbox 1577 2978 1812 3018; x_wconf 82' lang='lat' dir='ltr'><strong>Procius</strong></span> <span class='ocrx_word' id='word_1_438' title='bbox 1873 2989 1941 3029; x_wconf 87' lang='lat' dir='ltr'><strong>ap.</strong></span> 
     </span>
     <span class='ocr_line' id='line_1_74' title="bbox 1135 3030 1945 3087; baseline -0.002 -11"><span class='ocrx_word' id='word_1_439' title='bbox 1135 3035 1286 3077; x_wconf 87' lang='lat' dir='ltr'><strong>Schol.</strong></span> <span class='ocrx_word' id='word_1_440' title='bbox 1318 3034 1370 3074; x_wconf 85' lang='lat' dir='ltr'><strong>ad</strong></span> <span class='ocrx_word' id='word_1_441' title='bbox 1405 3034 1443 3077; x_wconf 91' lang='lat' dir='ltr'><strong>h.</strong></span> <span class='ocrx_word' id='word_1_442' title='bbox 1475 3036 1502 3076; x_wconf 85' lang='grc' dir='ltr'><strong>Ι.</strong></span> <span class='ocrx_word' id='word_1_443' title='bbox 1550 3032 1625 3087; x_wconf 80' lang='grc' dir='ltr'><strong>τὴν</strong></span> <span class='ocrx_word' id='word_1_444' title='bbox 1655 3032 1731 3084; x_wconf 81' lang='grc' dir='ltr'><strong>μὲν</strong></span> <span class='ocrx_word' id='word_1_445' title='bbox 1763 3030 1945 3086; x_wconf 81' lang='grc' dir='ltr'><em>Δώριον</em></span> 
     </span>
     <span class='ocr_line' id='line_1_75' title="bbox 1136 3082 1945 3145; baseline 0 -13"><span class='ocrx_word' id='word_1_446' title='bbox 1136 3089 1344 3145; x_wconf 78' lang='grc' dir='ltr'><em>ἁρμονίαν</em></span> <span class='ocrx_word' id='word_1_447' title='bbox 1380 3082 1449 3132; x_wconf 73' lang='grc' dir='ltr'><strong>εἰς</strong></span> <span class='ocrx_word' id='word_1_448' title='bbox 1504 3091 1699 3133; x_wconf 83' lang='grc' dir='ltr'><em>παιδείαν</em></span> <span class='ocrx_word' id='word_1_449' title='bbox 1751 3090 1945 3144; x_wconf 80' lang='grc' dir='ltr'><em>ἐξαρκεῖν</em></span> 
     </span>
     <span class='ocr_line' id='line_1_76' title="bbox 1133 3147 1942 3204; baseline -0.001 -13"><span class='ocrx_word' id='word_1_450' title='bbox 1133 3148 1193 3191; x_wconf 73' lang='grc' dir='ltr'><strong>ὥς</strong></span> <span class='ocrx_word' id='word_1_451' title='bbox 1224 3148 1597 3203; x_wconf 82' lang='grc' dir='ltr'><em>καταστηματικήν,</em></span> <span class='ocrx_word' id='word_1_452' title='bbox 1641 3148 1717 3204; x_wconf 85' lang='grc' dir='ltr'><strong>τὴν</strong></span> <span class='ocrx_word' id='word_1_453' title='bbox 1748 3149 1794 3190; x_wconf 85' lang='grc' dir='ltr'><strong>δὲ</strong></span> <span class='ocrx_word' id='word_1_454' title='bbox 1824 3147 1942 3203; x_wconf 82' lang='grc' dir='ltr'><em>Φρύ-</em></span> 
     </span>
     <span class='ocr_line' id='line_1_77' title="bbox 1136 3204 1945 3262; baseline 0 -14"><span class='ocrx_word' id='word_1_455' title='bbox 1136 3222 1232 3262; x_wconf 81' lang='grc' dir='ltr'><em>γιον</em></span> <span class='ocrx_word' id='word_1_456' title='bbox 1262 3206 1324 3248; x_wconf 67' lang='grc' dir='ltr'><strong>εἰς</strong></span> <span class='ocrx_word' id='word_1_457' title='bbox 1353 3205 1447 3259; x_wconf 82' lang='grc' dir='ltr'><em>ἱερὰ</em></span> <span class='ocrx_word' id='word_1_458' title='bbox 1479 3209 1548 3248; x_wconf 85' lang='grc' dir='ltr'><em>καὶ</em></span> <span class='ocrx_word' id='word_1_459' title='bbox 1581 3205 1859 3259; x_wconf 61' lang='grc' dir='ltr'><em>ε’νῖὶεασμούε·</em></span> <span class='ocrx_word' id='word_1_460' title='bbox 1886 3204 1945 3247; x_wconf 70' lang='grc' dir='ltr'><strong>ὥς</strong></span> 
     </span>
     <span class='ocr_line' id='line_1_78' title="bbox 1133 3262 1942 3318; baseline 0.001 -12"><span class='ocrx_word' id='word_1_461' title='bbox 1133 3262 1396 3318; x_wconf 81' lang='grc' dir='ltr'><em>ἐκστατικήν.</em></span> <span class='ocrx_word' id='word_1_462' title='bbox 1430 3265 1556 3310; x_wconf 85' lang='lat' dir='ltr'><strong>Conf.</strong></span> <span class='ocrx_word' id='word_1_463' title='bbox 1589 3267 1770 3307; x_wconf 85' lang='lat' dir='ltr'><strong>Boeck</strong></span> <span class='ocrx_word' id='word_1_464' title='bbox 1787 3265 1824 3309; x_wconf 89' lang='lat' dir='ltr'><strong>h.</strong></span> <span class='ocrx_word' id='word_1_465' title='bbox 1856 3266 1885 3306; x_wconf 93' lang='lat' dir='ltr'><strong>l.</strong></span> <span class='ocrx_word' id='word_1_466' title='bbox 1905 3278 1942 3307; x_wconf 90' lang='lat' dir='ltr'><strong>c.</strong></span> 
     </span>
     <span class='ocr_line' id='line_1_79' title="bbox 1132 3323 1943 3378; baseline -0.001 -14"><span class='ocrx_word' id='word_1_467' title='bbox 1132 3339 1174 3378; x_wconf 85' lang='lat' dir='ltr'><strong>p.</strong></span> <span class='ocrx_word' id='word_1_468' title='bbox 1212 3323 1311 3367; x_wconf 77' lang='lat'><strong>239.</strong></span> <span class='ocrx_word' id='word_1_469' title='bbox 1348 3325 1574 3365; x_wconf 87' lang='lat' dir='ltr'><strong>Dorium</strong></span> <span class='ocrx_word' id='word_1_470' title='bbox 1619 3324 1803 3376; x_wconf 86' lang='lat' dir='ltr'><strong>denique</strong></span> <span class='ocrx_word' id='word_1_471' title='bbox 1847 3335 1943 3364; x_wconf 87' lang='lat' dir='ltr'><strong>mo-</strong></span> 
     </span>
     <span class='ocr_line' id='line_1_80' title="bbox 1134 3380 1941 3435; baseline -0.004 -13"><span class='ocrx_word' id='word_1_472' title='bbox 1134 3383 1234 3422; x_wconf 86' lang='lat' dir='ltr'><strong>dum</strong></span> <span class='ocrx_word' id='word_1_473' title='bbox 1275 3382 1504 3435; x_wconf 78' lang='lat' dir='ltr'><strong>plurimum</strong></span> <span class='ocrx_word' id='word_1_474' title='bbox 1553 3381 1752 3423; x_wconf 85' lang='lat' dir='ltr'><strong>habuisse</strong></span> <span class='ocrx_word' id='word_1_475' title='bbox 1797 3380 1941 3433; x_wconf 78' lang='lat' dir='ltr'><strong>gravi-</strong></span> 
     </span>
     <span class='ocr_line' id='line_1_81' title="bbox 1133 3436 1941 3491; baseline -0.006 -9"><span class='ocrx_word' id='word_1_476' title='bbox 1133 3441 1234 3482; x_wconf 84' lang='lat' dir='ltr'><strong>tatis</strong></span> <span class='ocrx_word' id='word_1_477' title='bbox 1273 3452 1324 3480; x_wconf 85' lang='lat' dir='ltr'><strong>ac</strong></span> <span class='ocrx_word' id='word_1_478' title='bbox 1369 3441 1612 3482; x_wconf 82' lang='lat' dir='ltr'><strong>severitatis</strong></span> <span class='ocrx_word' id='word_1_479' title='bbox 1657 3439 1844 3491; x_wconf 75' lang='lat' dir='ltr'><strong>ideoque</strong></span> <span class='ocrx_word' id='word_1_480' title='bbox 1885 3436 1941 3478; x_wconf 84' lang='lat' dir='ltr'><strong>ad</strong></span> 
     </span>
    </p>
   </div>
   <div class='ocr_carea' id='block_1_9' title="bbox 2060 2359 2098 3658">
    <p class='ocr_par' dir='ltr' id='par_1_10' title="bbox 2060 2359 2098 3658">
     <span class='ocr_line' id='line_1_82' title="bbox 2060 2359 2098 3658; baseline 0 0"><span class='ocrx_word' id='word_1_481' title='bbox 2060 2359 2098 3658; x_wconf 95' lang='lat' dir='ltr'><strong> </strong></span> 
     </span>
    </p>
   </div>
  </div>
 </body>
</html>
