2106 3594
247 166 456 242 xxm

250 326 596 454 perantia,
635 321 949 390 iustitia,
987 321 1183 394 quibus
1221 324 1512 379 virtutibus
1548 322 1780 379 hominis
1817 344 1939 396 per-

275 399 415 453 ectio
455 401 706 452 censetur
743 402 800 448 et
824 393 1140 450 absolvitur.
1214 395 1291 450 Et
1326 396 1683 467 sapientia
1722 396 1941 465 quidem

251 471 347 524 uni
395 467 658 522 rationi
707 465 929 537 propria
976 473 1089 534 est,
1151 467 1306 521 cuius
1355 476 1440 521 est
1499 486 1830 539 cognoscere
1877 486 1942 521 ac

251 540 600 612 prospicere,
655 537 786 608 quid
824 544 879 590 et
910 537 1142 609 singulis
1181 539 1412 593 hominis
1450 540 1693 610 partibus
1730 547 1785 592 et
1820 539 1944 592 uni-

254 631 408 665 verso
454 611 633 663 animo
684 610 758 663 sit
803 609 1163 680 profuturum.
1239 609 1445 664 Similis
1485 610 1942 664 fortitudinis

252 683 392 736 ratio
432 689 533 750 est,
573 699 711 751 quae
747 681 806 733 in
828 680 946 734 sola
981 680 1353 735 iracundia
1392 683 1547 751 quasi
1572 680 1756 735 sedem
1790 700 1944 736 suam

251 753 419 807 habet
442 754 804 823 ··cerniturque
838 752 1032 823 ineo,
1089 762 1151 807 ut
1185 753 1447 807 iracunda
1493 753 1658 805 animi
1696 772 1821 825 pars
1859 772 1944 805 ra-

250 825 390 879 tioni
429 825 729 895 opituletur
778 824 1003 894 eiusque
1051 832 1347 896 praecepta
1397 823 1657 878 defendat
1692 844 1756 878 ac
1792 834 1945 878 tuea-

249 904 355 950 tur.
430 896 523 949 Ad
558 895 657 951 has
695 903 876 949 autem
908 895 1142 950 virtutes
1186 895 1399 950 accedit
1435 897 1942 965 temperantia,

251 987 418 1038 quum
475 968 638 1022 etiam
696 965 1057 1039 cupiditas
1121 969 1444 1037 obsequitur
1490 968 1716 1035 rationi,
1769 986 1944 1038 eoque

248 1039 399 1094 velut
433 1047 622 1094 mutua
658 1038 925 1109 quaedam
964 1040 1202 1093 omnium
1228 1039 1391 1092 animi
1422 1039 1617 1092 virium
1653 1039 1945 1093 consensio

251 1111 502 1166 efficitur.
578 1109 691 1166 Sed
729 1110 812 1165 his
846 1110 1145 1164 virtutibus
1173 1129 1396 1164 necesse
1436 1121 1523 1164 est
1559 1118 1622 1164 ut
1657 1110 1946 1164 iustitia

248 1182 597 1256 adiungatur,
637 1183 753 1237 sine
791 1201 900 1252 qua
936 1182 1055 1236 fieri
1090 1201 1201 1235 non
1240 1189 1422 1253 potest
1456 1189 1517 1234 ut
1553 1181 1788 1236 hominis
1824 1202 1948 1254 per-

242 1254 416 1308 fectio
456 1254 784 1309 absolvatur.
860 1254 1004 1308 Nam
1041 1253 1177 1307 haec
1215 1254 1431 1307 demum
1466 1261 1578 1307 tres
1617 1254 1738 1308 illas
1774 1252 1948 1307 homi-

248 1324 333 1381 nis
363 1331 551 1398 'partes
598 1326 741 1397 inter
796 1325 948 1398 ipsas
985 1325 1213 1379 firmiter
1249 1324 1534 1398 coniungit
1571 1333 1737 1395 atque
1775 1325 1947 1396 amice

249 1398 537 1465 conciliat,
591 1397 794 1469 quippe
844 1397 998 1452 cuius
1048 1397 1131 1451 vis
1181 1398 1239 1450 in
1288 1416 1353 1453 eo
1394 1404 1678 1465 cernatur,
1727 1404 1789 1450 ut
1836 1415 1948 1450 non

249 1469 426 1523 solum
471 1487 798 1539 unaqueque
852 1469 1015 1522 animi
1064 1469 1293 1522 facultas
1343 1487 1444 1522 suo
1492 1468 1792 1521 satisfaciat
1830 1487 1948 1521 mu-

247 1559 365 1594 nen
409 1540 700 1610 nullusque
752 1539 905 1594 locus
969 1541 1040 1594 sit
1077 1539 1292 1593 libidini
1333 1547 1389 1592 et
1423 1539 1741 1593 iracundiae
1778 1548 1948 1592 teme-

248 1611 425 1681 ritati,
477 1610 574 1666 sed
623 1611 785 1664 etiam
824 1619 973 1665 totus
1011 1611 1194 1680 homo,
1235 1611 1413 1681 qualis
1446 1611 1596 1664 intus
1638 1619 1747 1671 est,
1784 1610 1948 1663 talem

248 1702 307 1738 se
355 1683 486 1738 foris
537 1701 756 1754 quoque
803 1683 860 1736 in
907 1683 1052 1736 vitae
1102 1683 1337 1754 negotiis
1382 1681 1672 1753 praebeat,
1712 1680 1947 1752 ideoque

247 1754 400 1809 velut
451 1772 590 1809 unus
642 1774 670 1808 e
721 1754 902 1807 multis
954 1755 1130 1808 factus
1185 1773 1304 1808 esse
1342 1750 1620 1821 videatur,
1660 1761 1854 1825 utpote
1892 1752 1948 1806 in

248 1825 534 1881 sentiendo
571 1825 896 1898 agendoque
946 1844 1160 1896 semper
1195 1844 1379 1879 secum
1415 1825 1538 1895 ipso
1577 1825 1946 1878 consentiens

235 1897 376 1967 'Quo
422 1897 546 1951 loco
596 1897 757 1951 simul
804 1898 968 1950 etiam
1017 1897 1319 1950 iniustitiae
1369 1905 1565 1949 natura
1623 1895 1946 1951 declaratur.

249 1967 393 2024 Nam
431 1970 619 2023 actio
657 1969 762 2022 ius
781 1976 848 2022 ta
884 1975 1113 2021 vocatur
1151 1987 1290 2038 quae
1314 1967 1411 2020 tali
1450 1987 1516 2021 ex
1555 1968 1718 2020 animi
1755 1967 1948 2022 habitu

247 2041 495 2114 profecta
524 2047 606 2095 est
636 2041 793 2111 eique
821 2048 1214 2104 consentanea3
1252 2039 1523 2093 iniusta
1572 2048 1772 2109 autem,
1807 2054 1946 2110 quae

251 2112 424 2167 oritur
461 2132 528 2165 ex
563 2111 727 2165 animi
766 2110 1016 2181 discidio,
1056 2110 1288 2181 ideoque
1322 2111 1437 2164 eius
1475 2130 1665 2193 pacem
1701 2112 1947 2165 ac'tran-

252 2184 575 2254 quillitatem
613 2184 799 2238 turbat
836 2184 906 2253 ¹⁵).
956 2183 1122 2236 Hunc
1164 2202 1292 2235 vero
1330 2182 1572 2236 iustitiae
1609 2190 1814 2236 statum
1854 2182 1946 2252 q'ui

247 2255 306 2309 in
342 2275 443 2310 suo
479 2256 655 2328 ipsius
694 2255 871 2309 animo
898 2262 1081 2308 tuetur
1118 2262 1282 2324 atque
1310 2261 1617 2324 conservat,
1656 2255 1703 2308 is
1731 2253 1946 2309 demum

236 2325 321 2381 'ad
344 2328 691 2382 vvirtutem
722 2327 991 2398 pervenit,
1022 2345 1160 2396 quae
1183 2325 1321 2379 nihil
1356 2332 1440 2379 est
1463 2325 1611 2379 aliud
1649 2325 1752 2380 nisi
1782 2325 1947 2379 anim'i

249 2399 456 2454 sanitas
497 2398 763 2469 quaedam
802 2405 856 2452 et
891 2397 1206 2469 pulcritudo
1262 2404 1317 2451 et
1366 2397 1544 2451 bonus
1588 2395 1805 2452 habitus
1840 2387 1944 2469 pff).

249 2470 604 2526 Pervenimus
643 2479 824 2524 autem
863 2469 934 2523 ad
971 2489 1088 2523 eam
1124 2469 1221 2538 ita,
1261 2476 1322 2522 ut
1358 2468 1736 2540 generosiores
1774 2468 1946 2522 nostri

247 2550 432 2614 partes
488 2544 686 2596 artium
735 2561 800 2596 ac
837 2540 1246 2614 disciplinarum
1281 2540 1654 2613 imprimisque
1702 2540 1946 2612 philoso-

247 2613 410 2686 phiae
457 2634 561 2688 ope
599 2614 912 2668 excolamus
962 2621 1017 2667 et
1051 2614 1358 2666 universam
1399 2612 1565 2676 vitam
1597 2615 1840 2666 nostram
1877 2609 1947 2663 ad

249 2686 491 2744 summi
533 2686 698 2740 boni
732 2685 952 2739 ideam
995 2684 1355 2754 moderemur,
1382 2683 1452 2737 ad
1490 2681 1945 2754 cuiusr'cognitio-

249 2775 373 2810 nem
420 2759 621 2813 mentis
672 2765 838 2827 atque
888 2757 1185 2828 sapientiae
1231 2756 1287 2810 vi
1336 2754 1613 2809 evehimur
1649 2762 1705 2808 et
1742 2754 1799 2806 in
1836 2771 1947 2823 qua

250 2829 672 2901 contemplanda
716 2837 778 2882 ut
826 2847 950 2883 cum
1002 2828 1279 2901 voluptate
1304 2842 1634 2894 versemur,
1695 2826 1946 2880 omnibu's

247 2897 458 2953 viribus
513 2900 614 2954 niti
662 2899 820 2955 decet
869 2900 1000 2970 ***).
1038 2930 1107 2941 --
1189 2899 1300 2953 Hic
1336 2897 1505 2969 igitur
1539 2905 1622 2952 est
1659 2898 1794 2951 ordo
1831 2896 1945 2966 ille,

521 3041 588 3048 .-.-.

305 3124 358 3181 ·)
404 3126 450 3170 ν.
485 3127 582 3168 iibr.
612 3128 694 3172 1v.
731 3141 774 3182 p.
803 3128 903 3173 441.
938 3130 991 3171 E.
1023 3152 1078 3161 -
1108 3127 1208 3173 444.
1239 3129 1291 3173 E.

291 3212 361 3268 **)
395 3213 442 3257 V.
473 3215 574 3255 libr.
604 3215 683 3256 IV.
715 3229 756 3268 p.
791 3214 889 3258 444.
923 3216 977 3260 D.
1012 3216 1066 3259 E.
1132 3215 1297 3256 Eadem
1346 3219 1528 3254 vocatur
1560 3215 1691 3254 etiam
1726 3213 1942 3254 harmo-

407 3273 497 3314 nia
525 3286 568 3326 p.
598 3271 694 3318 443.
724 3272 782 3314 D.
812 3273 867 3314 E.
925 3273 1154 3314 Phaedon.
1181 3286 1224 3325 p.
1256 3271 1327 3315 93.
1360 3272 1397 3311 Ε

280 3356 371 3409 ***)
401 3358 503 3399 vid.
537 3360 635 3402 libr.
669 3360 749 3402 VI.
781 3365 962 3402 extrem.
995 3365 1038 3401 et
1073 3359 1164 3402 viI.
1196 3360 1306 3412 init„
1338 3359 1412 3398 ubi
1445 3371 1556 3410 quae
1588 3358 1642 3397 de
1672 3355 1943 3408 principibus

402 3417 592 3461 civitatis
625 3419 911 3467 disseruntur,
941 3430 993 3459 ea
1025 3418 1118 3459 sine
1149 3417 1283 3459 dubio
1322 3417 1453 3458 etiam
1483 3416 1537 3456 de
1568 3414 1945 3468 praestantissima
