2124 3744
294 163 361 211 34
914 158 1389 214 PLATONIS

300 307 457 371 ληθῆ
503 306 666 369 λέγει,
722 301 795 366 ὡς
839 301 1109 375 ἄχρηστοι
1149 317 1263 369 τοῖς
1306 304 1536 369 πολλοῖς
1583 311 1635 360 οἱ
1682 311 2004 360 ἐπιεικέστα-

303 410 391 443 τοι
440 390 549 441 τῶν
593 393 649 441 ὲν
691 391 1029 463 φιλοσοφίᾳ·
1074 392 1171 455 τῆς
1212 398 1405 460 μέντοι
1447 389 1753 461 ἀχρηστίας
1776 389 1909 454 τοὺς
1929 390 2000 460 μὴ

295 477 608 544 χρωμένους
650 475 824 526 κέλευε
871 475 1207 538 αἰτιᾶσθαι,
1252 471 1397 527 ἀλλὰ
1443 472 1519 545 μὴ
1570 471 1702 537 τοὺς
1742 481 2004 539 ἐπιεικεῖς.

302 557 367 612 οὐ
415 553 524 628 γὰρ
569 558 670 626 ἔχει
717 553 887 630 φύσιν
930 558 1271 629 κυβερνήτην
1305 562 1526 612 ναυτῶν
1572 561 1799 613 δεῖσθαι
1845 556 2006 631 ἄρχε-

301 645 447 696 σθαι
503 638 601 714 ὑφ’
667 638 873 707 αὑτοῦ,
943 641 1071 696 οὐδὲ
1126 641 1259 706 τοὺς
1311 641 1528 716 σοφοὺς
1585 647 1672 698 ἐπὶ
1737 640 1838 706 τὰς
1894 646 2005 698 τῶν

208 732 253 785 C
305 729 584 780 πλουσίων
629 722 1025 795 &apag-lavat,
1071 725 1195 780 ἀλλ’
1252 725 1280 781 ὁ
1329 731 1502 782 τοῦτο
1545 725 2006 802 κομψευσάμενος

299 809 609 886 ἐψεύσατο,
667 807 731 864 τὸ
793 812 850 864 δὲ
906 809 1126 876 ἀληθὲς
1170 819 1435 886 πέφυκεν,
1494 811 1595 866 ὲοὶν
1640 832 1695 866 τε
1743 811 2008 876 πλούσιος

300 895 403 949 ἐάν
465 915 521 947 τε
578 899 743 960 πένης
796 893 1006 971 κάμνῃ,
1080 894 1394 965 ἀναγκαῖον
1460 895 1601 952 εῖναι
1649 899 1738 951 ἐπὶ
1798 899 2006 968 ἰατρῶν

302 978 493 1052 θύρας
548 984 688 1034 ἰέναι
739 982 829 1032 καὶ
893 979 1079 1033 πάντα
1140 979 1239 1035 τὸν
1283 977 1565 1054 ἄρχεσθαι
1612 977 1875 1050 δεόμενον
1918 985 2004 1036 ἐπὶ

302 1063 403 1128 τὰς
449 1066 549 1118 τοῦ
592 1059 783 1134 ἄρχειν
828 1066 1163 1134 δυναμένου,
1220 1064 1287 1120 οὐ
1332 1064 1434 1120 τὸν
1481 1062 1732 1138 ἄρχοντα
1778 1068 2006 1121 δεῖσθαι

420 1283 690 1336 ἄρχεσθαι
724 1281 818 1336 ὑφ’
852 1281 1045 1339 αὐτοῦ]
1078 1286 1151 1328 Sic
1185 1287 1282 1327 Par.
1305 1289 1362 1328 A.
1402 1288 1495 1329 Vat.
1525 1284 1572 1326 Θ.
1607 1282 2004 1328 Ven.:=*,11.vind.

307 1344 456 1396 Angel.
495 1343 586 1382 Vat.
624 1355 655 1382 r.
688 1342 805 1384 Flor.
841 1358 879 1382 α.
914 1357 953 1386 x.
996 1346 1104 1387 Vett.
1138 1346 1261 1387 editt.
1293 1346 1404 1386 male
1436 1340 1514 1384 ὑπ’
1548 1339 1700 1385 αὐτοῦ.

307 1516 386 1565 D.‚
428 1521 519 1555 tum
564 1516 680 1556 clare
719 1519 938 1557 testantur
980 1518 1111 1559 etiam

305 1587 380 1623 οε,
423 1585 533 1624 quae
577 1571 643 1613 liic
685 1573 891 1614 continuo
925 1587 1113 1628 sequun-

306 1638 393 1671 tur:
436 1630 629 1671 κέλευε
669 1629 891 1672 αἰτιᾶσθαι
932 1637 975 1673 et
1010 1645 1112 1674 mox

308 1702 348 1742 p.
378 1688 479 1732 489.
511 1689 568 1730 Ο.-
611 1690 679 1729 καὶ
719 1686 820 1737 τούς
861 1686 964 1731 ὑπὸ
997 1687 1114 1731 zov'-

309 1760 408 1787 των
440 1745 702 1800 λεγομένους
733 1762 770 1788 κ.
804 1762 837 1790 τ.
858 1749 891 1791 λ.
925 1748 1029 1790 ibid.
1054 1749 1114 1790 D:

310 1802 412 1846 οὓς
459 1803 512 1858 δὴ
566 1803 621 1846 σύ
673 1803 761 1858 φῂς
811 1804 908 1846 τόν
957 1805 1114 1861 ἐγκα-

307 1863 508 1904 λοῦντα
556 1865 616 1916 τῇ
658 1866 900 1919 φιλοσοφίᾳ
938 1866 1116 1920 λέγειν

308 1937 344 1962 κ.
367 1936 400 1965 τ.
422 1922 471 1971 L,
504 1934 614 1975 quae
638 1929 860 1976 postrema
893 1923 1116 1966 Schnei-

307 1980 472 2020 derus
511 1993 739 2034 perperam
783 1980 835 2021 ad
877 1981 1114 2023 defenden-

308 2038 406 2079 dam
450 2040 706 2080 sententiam
750 2051 871 2080 suam
904 2039 1115 2090 adhibuit,

306 2108 439 2148 quum
485 2094 540 2136 ad
584 2097 843 2137 contrariam
900 2098 1112 2139 rationem

306 2153 509 2195 tuendam
576 2155 760 2195 valeant.
854 2154 1112 2206 Legendum

308 2212 420 2252 enim
472 2212 717 2254 necessario
766 2218 836 2253 est
888 2212 1020 2267 λέγει,
1069 2219 1114 2253 ut

309 2268 551 2310 subiectum
593 2270 648 2310 sit
686 2266 852 2311 ἐκεῖνος
887 2266 910 2311 ὁ
940 2269 1112 2322 θαυμά-

308 2328 413 2380 ζων,
471 2328 541 2367 vel
590 2328 765 2369 omnino
815 2329 990 2383 ignotus
1042 2330 1114 2371 ille

307 2383 607 2439 philosophiae
643 2385 940 2436 adversarius,
983 2400 1111 2440 quem

308 2442 567 2484 Adimantus
613 2442 866 2496 loquentem
932 2446 1110 2487 inducit.

305 2498 565 2553 Quanquam
613 2498 804 2546 foi-tasse
862 2503 1112 2556 praeferen-

307 2558 408 2600 dum
450 2563 519 2599 est
558 2557 674 2611 quod
716 2560 880 2614 aliquot
907 2562 1002 2603 libri
1037 2560 1111 2603 ha·

306 2617 409 2659 bent
441 2612 506 2656 ὅτι
536 2640 592 2648 -
625 2616 774 2671 λέγειν),
804 2623 855 2660 ut
884 2619 1112 2660 infinitivus

306 2679 408 2728 post
439 2670 505 2714 ὅτι
544 2675 780 2729 inferatur,
825 2689 911 2730 quo
950 2678 1113 2718 clarius

306 2733 487 2774 alienam
536 2734 792 2775 sententiam
844 2734 994 2776 referri
1040 2748 1113 2789 pa-

305 2795 411 2832 teat.
469 2790 534 2832 De
550 2804 636 2844 quo
669 2793 1006 2834 constructionis
1035 2806 1111 2848 ge-

308 2861 410 2890 nere
439 2861 494 2890 ex
520 2848 701 2902 duplicis
726 2854 971 2893 structurae
989 2862 1110 2893 com-

304 2905 517 2947 mixtione
564 2907 821 2961 explicando
881 2922 921 2952 v,
971 2907 1110 2950 Mat-

306 2963 461 3004 thiae
510 2963 589 3006 Gr.
635 2965 676 3017 ξ.
717 2965 817 3011 539.
863 2967 903 3009 1.
957 2966 1111 3008 Rost.

305 3022 383 3062 Gr.
418 3023 457 3073 ἓ.
490 3021 590 3067 122,
622 3035 719 3064 ann.
749 3023 792 3067 3.
854 3024 963 3066 Nam
995 3024 1113 3078 quod

314 3077 698 3122 Schneiderus
732 3082 980 3132 contendit,
1017 3083 1111 3124 infi-

309 3136 486 3177 nitivum
519 3144 620 3191 post
651 3135 715 3180 ὅτι
747 3138 786 3182 h.
820 3141 845 3183 l.
879 3145 1111 3182 stare-non

306 3206 464 3245 posse,
514 3195 558 3236 id
614 3197 751 3251 magis
799 3198 979 3239 arbitrio
1031 3211 1111 3240 suo

303 3251 458 3291 sumsit
487 3265 613 3304 quam
652 3255 921 3308 argumentis
953 3257 1109 3310 proba-

302 3308 375 3351 vit.
407 3307 560 3361 Neque
578 3313 689 3353 enim
712 3313 963 3354 offensionis
982 3313 1107 3367 quid-

298 3378 430 3418 quam
478 3367 640 3420 habet,
699 3370 815 3422 quod
877 3372 1108 3413 infinitivus

299 3423 523 3485 continuo,
557 3427 671 3468 nulla
701 3427 1026 3483 intercapedine
1057 3442 1105 3470 o-

1200 1518 1379 1560 rationis
1421 1518 1565 1569 facta,
1605 1517 1856 1571 particulam
1892 1513 2006 1556 exci-

1201 1576 1276 1630 pit.
1336 1574 1445 1618 Nam
1478 1575 1592 1617 istud
1615 1574 1789 1629 quidem
1810 1572 1906 1614 usui
1937 1572 2005 1613 lo-

1199 1633 1358 1687 quendi
1392 1635 1641 1687 neutiquam
1661 1623 1895 1679 adversari,
1926 1629 2004 1671 do·
2072 1659 2083 1663 ·

1199 1698 1382 1733 cuerunt
1439 1691 1476 1733 F
1495 1704 1515 1732 r
1537 1692 1548 1733 i
1573 1697 1590 1732 t
1611 1705 1632 1732 s
1648 1705 1672 1733 c
1693 1689 1732 1734 h.
1794 1689 2002 1731 Luciann.

1201 1749 1382 1799 Quaest.
1403 1764 1442 1804 p.
1460 1750 1545 1794 172
1559 1763 1622 1802 sq.
1646 1746 2003 1790 Schoemann.

1201 1808 1254 1849 ad
1287 1808 1460 1849 Isaeum
1492 1821 1534 1862 p.
1566 1807 1666 1851 328.
1712 1803 2004 1847 Foertsch.

1201 1865 1334 1909 Obss.
1388 1866 1425 1907 in
1466 1865 1643 1922 Lysiam
1681 1878 1720 1918 p.
1765 1863 1834 1908 79.
1890 1862 2005 1903 conf.

1202 1924 1330 1965 etiam
1373 1937 1471 1964 ann.
1503 1929 1642 1965 nostr.
1680 1921 1734 1964 ad
1766 1920 1932 1964 Phileb.
1965 1933 2007 1974 p.

1199 1981 1271 2025 50.
1296 1980 1331 2021 C
1354 1994 1419 2034 sq.
1452 1981 1524 2023 ubi
1554 1982 1658 2023 item
1692 1983 1794 2033 post
1824 1980 2007 2019 πίστεως

1201 2036 1323 2092 χάριν
1363 2041 1481 2080 nulla
1519 2038 1631 2080 facta
1672 2038 2005 2091 interpositione

1198 2097 1429 2139 infinitivus
1468 2102 1569 2150 post
1611 2097 1868 2150 particulam
1907 2096 2002 2137 illa-

1198 2161 1267 2197 tus
1301 2160 1392 2204 est,
1434 2161 1478 2196 et
1512 2167 1614 2196 mox
1644 2167 1742 2196 ann.
1782 2153 1918 2194 critic.
1949 2151 2003 2193 ad

1199 2227 1241 2267 p.
1264 2212 1363 2257 501.
1395 2216 1442 2256 Α.
1505 2212 1710 2253 Ceterum
1743 2211 1799 2253 ad
1832 2211 1901 2251 καὶ
1937 2205 2004 2250 ὅτι

1198 2295 1256 2302 —-
1272 2269 1380 2324 λέγει
1410 2273 1477 2312 vel
1501 2270 1636 2324 λέγειν
1655 2275 1776 2322 patet
1795 2283 1848 2312 ex
1873 2281 2003 2323 prae-

1199 2329 1373 2371 cedenti
1426 2327 1601 2370 δίδασκε
1639 2333 1791 2382 aptum
1832 2325 2003 2380 aliquod

1200 2388 1378 2428 verbum
1421 2400 1502 2442 per
1539 2398 1723 2440 zeugma
1760 2385 2002 2439 intelligen-

1199 2445 1300 2486 dum
1335 2445 1531 2498 relinqui.

1258 2499 1390 2543 τοὺς
1434 2500 1498 2557 μὴ
1543 2500 1885 2555 χρωμένους]
1941 2513 2004 2542 sc.

1201 2557 1362 2605 αὐτοῖς.
1394 2573 1433 2602 v.
1464 2561 1520 2602 ad
1552 2561 1646 2604 libr.
1678 2559 1728 2601 V.
1762 2574 1802 2614 p.
1817 2558 1920 2603 452.
1952 2558 2001 2602 C.
2042 2613 2048 2618 ι

1260 2642 1323 2688 οὐ
1365 2644 1467 2701 γὰρ
1509 2647 1614 2699 ἔχει
1651 2643 1844 2700 φύσιν]
1889 2658 1927 2687 ν.
1959 2658 2001 2699 p.

1198 2705 1300 2751 473.
1334 2710 1384 2750 A.
1443 2704 1540 2747 Non
1582 2705 1808 2756 convenit,
1846 2703 2000 2756 inquit,

1199 2765 1253 2806 ab
1299 2764 1595 2817 gubernatore
1644 2763 1848 2816 precibus
1890 2759 2000 2802 adiri

1198 2826 1376 2872 nautas,
1419 2825 1470 2862 ut
1512 2834 1561 2862 se
1597 2819 1651 2861 ab
1689 2819 1783 2873 ipso
1824 2817 1915 2871 regi
1959 2823 2002 2859 et

1198 2879 1431 2933 gubernari
1448 2878 1676 2931 patiantur.
1697 2901 1752 2906 —
1791 2875 1878 2917 ἐπὶ
1909 2872 1966 2916 τὰ
1981 2887 2003 2916 ς

1200 2938 1302 2978 τῶν
1332 2932 1818 2989 πλουσίωνθύρας
1850 2932 2000 2975 ἰέναι.

1199 3009 1236 3039 v.
1268 2995 1323 3058 ad
1354 2995 1451 3038 libr.
1483 2994 1535 3036 11.
1570 3006 1611 3046 p.
1642 2992 1743 3037 364.
1778 2987 1828 3034 n.

1255 3081 1306 3125 C,
1369 3076 1393 3120 ὁ
1426 3081 1596 3120 τοῦτο
1629 3075 1999 3131 κομψευσάμε-

1198 3154 1223 3179 ν
1238 3153 1262 3179 ο
1278 3151 1301 3179 ς
1351 3136 1445 3188 ἕψε
1458 3134 1486 3178 ὕ
1500 3149 1563 3178 σα
1578 3154 1597 3178 τ
1612 3139 1663 3192 ο]
1708 3137 1999 3179 Sclioliastes=

1197 3192 1523 3247 κομψευσάμ
1537 3210 1557 3236 ε
1571 3208 1684 3237 νος·
1728 3207 1998 3249 πανουργευ-

1196 3253 1392 3305 σάμενος.
1424 3252 1781 3306 κομψευσάμενον
1811 3249 1887 3294 τὸν
1902 3249 1996 3293 Εὕ-

1193 3310 1361 3365 βουλόν
1383 3324 1531 3365 φησιν,
1551 3311 1603 3354 ὃς
1621 3308 1711 3353 ὐπὸ
1732 3309 1999 3366 Σωκράτους

1192 3369 1450 3424 ἐρωτηθείς,
1481 3364 1548 3420 ,,ιῦ
1577 3369 1812 3424 Εὔβουλε,
1854 3365 1999 3422 σοφὸς

1191 3427 1357 3469 ἐθέλεις
1394 3422 1502 3469 εἶναι
1539 3425 1566 3483 ἢ
1605 3426 1717 3471 πλού
1723 3433 1867 3475 σιος,·“
1915 3426 1995 3482 ἔφη
