2072 3730
244 178 346 226 444
866 172 1338 226 PLATONIS

241 322 518 387 γυναικῶν
562 326 857 374 κοινωνίαν
901 331 1022 384 τοῖς
1059 320 1349 392 ἀνδράσιν,
1399 318 1466 386 ἣν
1510 321 1940 392 διεληλύθαμεν,

244 407 494 468 παιδείας
539 425 592 458 τε
638 409 759 475 πέρι
803 408 892 458 καὶ
937 408 1151 458 παίδων
1194 410 1284 458 καὶ
1331 406 1583 479 φυλακῆς
1615 408 1726 459 τῶν
1758 405 1941 461 ἄλλων

241 491 513 550 πολιτῶν,
584 490 727 542 κατά
796 510 852 543 τε
910 488 1076 544 πόλιν
1126 488 1400 559 μενούσας
1454 495 1528 552 εἰς
1583 487 1826 558 πόλεμόν
1883 511 1940 544 τε

240 571 435 636 ἰούσας
479 576 570 627 καὶ
612 573 1021 647 ξυμφυλάττειν
1063 577 1177 627 δεῖν
1222 577 1316 627 καὶ
1359 573 1726 644 ξυνθηρεύειν
1763 573 1939 645 ὥςπερ

138 652 188 702 D
238 657 428 728 κύνας,
477 661 568 712 καὶ
614 657 799 712 πάντα
845 657 1031 735 πάντῃ
1077 656 1222 711 κατά
1263 656 1325 713 τὸ
1357 655 1599 713 δυνατὸν
1625 670 1939 722 κοινωνεῖνς
2066 677 2072 729 j

237 746 328 796 καὶ
373 744 553 796 ταῦτα
599 740 957 813 πραττούσας
1009 741 1080 795 τά
1140 763 1195 796 τε
1237 746 1494 811 βέλτιστα
1558 741 1787 813 πράξειν
1845 749 1938 798 καὶ

238 826 304 881 οὐ
350 824 506 898 παρὰ
553 826 725 902 φύσιν
769 826 874 895 τὴν
918 830 1021 882 τοῦ
1068 827 1276 894 θήλεος
1331 826 1472 899 πρὸς
1531 824 1592 883 τὸ
1637 826 1840 903 ἅῤῥεν,
1905 821 1937 904 ᾗ

236 910 560 987 πεφύκατον
605 910 746 983 πρὸς
785 911 1007 978 ἀλλήλω
1054 924 1364 985 newton-siv,
1410 915 1712 983 Συγχωρῶ,
1759 917 1885 988 ἔφη.

364 993 507 1073 Cap.
560 993 723 1053 XIV.
774 996 1007 1062 Οὐκοῦν,
1048 988 1116 1063 ἦν
1142 994 1184 1050 δ’
1224 996 1342 1066 ἐγώ,
1385 1004 1558 1052 ἐκεῖνο
1605 996 1804 1052 λοιπὸν
1832 1001 1938 1052 διε-

233 1083 455 1146 λέσθαι,
501 1087 546 1135 εὶ
592 1078 705 1151 ἄρα
749 1085 840 1136 καὶ
886 1088 944 1135 ὲν
974 1078 1310 1151 ἀνθρώποις
1338 1080 1593 1146 δυνατόν,
1642 1079 1817 1154 ὥςπερ
1844 1086 1937 1137 καὶ

231 1171 291 1218 ὲν
326 1163 523 1229 ἄλλοις
580 1166 759 1233 ζώοις,
819 1164 1030 1233 ταύτην
1090 1163 1194 1232 τὴν
1238 1172 1534 1223 κοινωνίαν
1591 1171 1936 1235 ἐγγενέσθαι,

230 1254 324 1304 καὶ
370 1248 480 1327 ὅπῃ
527 1250 802 1318 δυνατόν,·
829 1247 1090 1325 ”Εφθης,
1139 1255 1262 1327 ἔφη,
1307 1250 1476 1306 εἰπών
1519 1243 1552 1326 ᾗ
1603 1254 1830 1318 ἔμελλον
1874 1249 1936 1305 ὑ-

230 1332 618 1410 πολήψεσθαι.
707 1339 849 1407 Περὶ
893 1339 994 1406 μὲν
1035 1333 1143 1406 γὰρ
1202 1338 1311 1390 τῶν
1370 1343 1428 1390 ὲν
1474 1337 1549 1405 τῷ
1597 1338 1815 1406 πολέμῳ
1857 1335 1936 1391 οἶ-

127 1425 178 1478 Ε
227 1441 344 1490 μαι,
389 1422 550 1494 ἔφην,
597 1422 784 1486 δῆλον,
828 1416 894 1474 ὃν
937 1419 1150 1490 τρόπον
1197 1418 1588 1489 πολεμήσουσι.
1670 1423 1841 1489 Huic,
1899 1411 1934 1487 ἦ

234 1502 278 1558 δ’
328 1500 407 1568 ὅς.
438 1501 561 1559 Ὅτι
605 1507 761 1583 κοινῇ
806 1503 1271 1575 στρατεύσονται,
1318 1508 1411 1559 καὶ
1459 1503 1598 1576 πρός
1640 1525 1699 1573 γε
1742 1504 1936 1572 ἄξουσι

234 1591 344 1643 τῶν
390 1592 603 1644 παίδων
648 1595 724 1654 εὶς
767 1587 868 1644 τὸν
915 1590 1161 1661 πόλεμον
1218 1586 1345 1646 ὅσοι
1397 1587 1596 1661 ἁδροί,
1640 1588 1710 1644 ἵν’
1757 1587 1934 1663 ὥςπερ

232 1678 286 1729 οἱ
331 1676 444 1728 τῶν
486 1669 671 1729 ἄλλων
711 1677 1060 1744 δημιουργῶν
1104 1677 1357 1731 θεῶνται
1402 1677 1608 1740 ταῦτα,
1662 1671 1698 1728 ἃ
1746 1678 1932 1730 τελεω-

233 1761 446 1823 θέντας
505 1758 682 1826 δεήσει
731 1762 1109 1832 δημιουργεῖν·
1173 1757 1315 1832 πρὸς
1366 1762 1423 1814 δὲ
1468 1763 1544 1837 τῇ
1590 1763 1706 1830 θέᾳ
1747 1763 1932 1815 διακο-

345 1925 451 1980 Cap.
483 1925 599 1970 XIV.
634 1926 684 1968 D.
717 1924 890 1977 ὥςπερ
921 1927 1011 1966 καὶ
1040 1929 1091 1966 ἐν
1122 1929 1313 1976 ἄλλοις
1347 1927 1417 1980 ζ]
1482 1926 1643 1967 Addidi
1675 1929 1746 1966 καί
1777 1939 1801 1966 e
1836 1926 1928 1969 vat.

230 1982 283 2027 Θ.
334 1985 436 2027 Ven.
473 1986 517 2025 Ξ.
562 1983 685 2025 Vind.
730 1984 831 2024 Par.
866 1984 965 2026 DK.
1012 1984 1130 2027 Mon.
1176 1985 1269 2027 Vat.
1301 1999 1336 2027 r.
1379 1985 1497 2028 Flor.
1528 1987 1569 2037 β.
1633 1983 1786 2038 Neque
1818 1986 1928 2026 enim

228 2041 432 2084 credibiie
453 2048 521 2084 est
532 2056 626 2083 eam
643 2055 792 2083 vocem
818 2055 841 2082 a
867 2043 1020 2084 scribis
1043 2056 1164 2085 mero
1186 2045 1393 2085 arbitratu
1408 2044 1629 2084 adiectam
1645 2044 1793 2084 esseiu
1814 2043 1930 2083 libris

230 2105 318 2140 tam
350 2102 494 2142 multis
526 2107 569 2142 et
600 2101 763 2142 virtute
795 2113 872 2140 sua
906 2102 1167 2155 insignibus,
1210 2103 1365 2155 quibus
1406 2107 1524 2143 certe
1563 2115 1647 2142 non
1680 2101 1818 2142 minus
1850 2104 1928 2142 tri-

228 2158 462 2211 buendum‚
494 2171 622 2211 quam
654 2159 723 2199 uni
756 2157 900 2198 Paris.
937 2161 985 2202 Α.

345 2210 372 2269 ᾗ
417 2217 648 2270 ἔμελλον
690 2215 1122 2269 ὑπολήψεσθαι]
1186 2219 1261 2260 Sic
1293 2218 1396 2260 ΑΜ.
1443 2218 1537 2258 Bas.
1572 2217 1610 2259 1.
1643 2216 1741 2260 Par.
1776 2217 1927 2258 ΑΒΚ.

1117 2333 1310 2386 quoad
1349 2333 1483 2374 fieri
1525 2333 1728 2387 possit,
1788 2345 1925 2374 com-

1120 2392 1295 2433 munia
1341 2392 1578 2439 habere,
1629 2396 1706 2434 ctr.
1767 2390 1927 2442 Itaque

1120 2451 1252 2502 liquet
1283 2452 1478 2491 voculam
1521 2451 1590 2491 καὶ
1621 2454 1721 2490 ante
1763 2446 1930 2489 παίδων

226 2333 350 2385 gesin
384 2333 658 2385 superiorum
691 2333 920 2388 verborum
957 2346 1034 2386 per

226 2389 472 2431 infinitivum
533 2391 747 2444 subiungi.
828 2390 862 2430 Ρ
874 2403 894 2430 r
905 2391 963 2430 ob
977 2404 998 2431 a
1013 2404 1032 2430 s

226 2448 426 2500 igitur,
504 2448 669 2501 inquit,
743 2449 1030 2489 mulierum

225 2518 283 2546 ac
316 2507 558 2548 virorum
593 2507 1033 2548 communionem

225 2577 259 2607 s.
324 2566 796 2616 communitatem,
862 2577 1032 2617 quam

225 2623 565 2675 persequuti
622 2635 834 2674 sumus,
888 2622 1033 2677 quod

227 2680 432 2721 attinet
481 2683 564 2722 vei
613 2681 674 2722 ad
716 2681 1030 2722 institutio-

224 2750 337 2779 nem
371 2751 430 2779 ac
463 2738 846 2793 disciplinam,
879 2738 1031 2794 (quam

224 2796 399 2849 utrique
436 2796 557 2838 sexui
607 2809 883 2839 communem
931 2811 1032 2839 esse

225 2854 387 2896 debere
424 2855 783 2908 iudicabamus‚)
832 2857 918 2898 vel
969 2855 1030 2896 ad

226 2912 468 2963 iiberos,
515 2911 660 2967 (quos
691 2915 795 2954 nuili
829 2914 1031 2967 proprios

225 2983 323 3011 esse
345 2971 641 3026 volebamus),
662 2973 744 3013 vei
767 2971 830 3013 ad
852 2976 1030 3013 custo-

224 3027 364 3070 diam
407 3034 459 3070 et
501 3031 733 3072 tutelam
783 3030 1031 3083 retiquo-

224 3098 331 3128 rum
373 3087 606 3139 civium,
640 3091 805 3140 (quam
839 3093 884 3129 et
913 3101 938 3128 a
969 3088 1030 3127 vi-

228 3143 287 3182 ris
319 3148 362 3184 et
382 3157 406 3183 a
428 3146 676 3187 mulieribus
698 3145 912 3198 agendam
932 3159 1032 3187 esse

226 3200 581 3256 arbitrabamur),
605 3217 631 3246 u
643 3210 662 3246 t
683 3204 878 3245 scilice
891 3209 909 3245 t
926 3217 966 3245 m
983 3217 1031 3244 u-

228 3258 400 3299 lieres
462 3261 600 3302 belii
659 3261 922 3314 domique
977 3268 1031 3304 et

228 3327 324 3357 una
367 3318 683 3361 custodiam
725 3333 901 3373 agere
945 3318 1031 3360 de-

228 3374 394 3415 beant
426 3379 478 3416 et
509 3388 695 3428 canum
725 3378 903 3419 instar
929 3390 1028 3425 una

232 3430 423 3474 venari
474 3438 527 3474 et
579 3436 751 3476 omnia
814 3435 1028 3478 omnino

1120 2520 1262 2561 neque
1302 2507 1528 2550 delendam
1577 2520 1721 2560 ⁴neque
1758 2509 1802 2547 in
1844 2507 1928 2547 τῶν

1121 2565 1371 2607 mutandam
1423 2580 1546 2618 esse,
1597 2565 1715 2619 quod
1769 2566 1927 2606 Aetio

1119 2625 1159 2664 in
1198 2629 1386 2665 mentem
1430 2625 1562 2666 venit.
1623 2624 1807 2664 Dativus
1840 2627 1928 2662 τοῖς

1117 2679 1330 2733 ἀνδράσιν
1380 2682 1542 2735 pendet
1601 2695 1654 2723 ex
1712 2682 1924 2728 κοινωνία,

1118 2741 1290 2781 nomine
1322 2741 1505 2790 verbali,
1549 2745 1596 2781 ut
1635 2740 1725 2782 iibr.
1768 2740 1842 2781 ΙΙΙ.
1882 2753 1925 2792 p.

1117 2798 1221 2842 491.
1267 2799 1317 2838 D.
1353 2799 1433 2842 lv.
1463 2797 1564 2842 444.
1605 2798 1657 2837 E.
1699 2799 1755 2840 ai.
1792 2811 1832 2837 V.
1866 2797 1921 2837 ad

1120 2854 1340 2899 Charmid.
1385 2870 1427 2910 p.
1460 2856 1556 2901 166.
1589 2855 1642 2899 Β.
1683 2854 1848 2908 Cratyi.
1882 2869 1922 2908 p.

1116 2914 1220 2959 434.
1251 2915 1303 2954 Β,

1177 2973 1284 3025 Cap.
1321 2971 1439 3015 xw.
1503 2972 1551 3014 D.

1119 3029 1177 3071 ἐν
1210 3028 1404 3071 ἄλλοις
1432 3030 1495 3083 gt]
1533 3029 1744 3070 Voculam
1780 3029 1847 3068 καὶ
1880 3030 1920 3069 in

1118 3089 1440 3142 comparatione
1470 3089 1528 3128 ita
1561 3088 1821 3138 geminatam
1842 3100 1919 3128 no-

1118 3148 1302 3188 tavimus
1320 3146 1457 3198 Gorg.
1490 3159 1528 3198 p.
1561 3145 1661 3189 457.
1682 3146 1736 3186 E.
1762 3145 1917 3186 Prota-

1117 3217 1210 3256 gor.
1252 3217 1296 3257 p.
1336 3202 1436 3246 361.
1481 3204 1530 3246 C.
1572 3203 1684 3245 conf.
1725 3203 1832 3244 infra
1875 3216 1917 3257 p.

1115 3261 1214 3306 470.
1248 3263 1299 3304 B.

1175 3319 1225 3360 E.
1246 3320 1329 3360 καὶ
1362 3315 1501 3373 πρός
1532 3315 1835 3372 γεᾶξουσι]
1857 3332 1917 3360 ac

1117 3383 1413 3431 praeterea
1466 3377 1531 3427 ad
1574 3377 1770 3419 betium
1825 3376 1915 3416 du-

1116 3440 1247 3477 cent
1287 3449 1348 3478 ex
1394 3434 1589 3477 liberis
1640 3440 1916 3487 quotquot

1614 2967 1790 3023 ὥςπερ
1836 2971 1921 3011 καὶ
