2124 3744
0 347 2 365 ἰ

0 439 1 474 i
10 484 22 507 ὅ

727 168 947 224 LIBRI
981 168 1323 226 SEPTIMI.
1782 171 1883 224 113

177 315 232 366 in
271 328 551 383 posterum
588 312 660 366 ad
695 312 820 367 loca
853 311 1139 383 superiora
1172 310 1491 381 contendat,
1531 322 1701 383 utque
1727 311 1883 383 gravi

176 403 355 455 poena
400 384 705 453 afficiatur,
759 383 807 438 si
858 383 983 453 quis
1032 401 1194 451 quem
1233 403 1263 437 e
1303 383 1538 438 vinculis
1574 383 1790 438 solvere
1827 389 1884 437 et

175 475 206 508 e
255 455 478 509 sedibus
525 456 642 509 suis
694 454 929 509 educere
977 453 1207 523 audeat,
1270 455 1335 509 P.
1386 458 1493 510 514
1530 487 1599 494 ——
1637 457 1762 510 517.
1813 455 1881 508 Β.

171 526 332 580 Haec
367 546 501 581 vero
538 528 645 597 (ita
680 526 824 580 enim
862 525 1123 581 Socrates
1157 526 1339 598 pergit
1375 526 1707 598 disputare),
1745 526 1884 581 haec

174 607 259 651 est
306 598 453 651 vitae
500 597 768 651 humanae
817 598 1019 670 imago·
1093 597 1317 651 Etenim
1353 605 1572 651 autrum
1609 596 1776 666 illud,
1826 598 1884 651 in

174 688 287 739 quo
336 669 587 723 homines
635 669 809 723 vincti
855 675 1113 723 tenentur
1159 687 1263 723 nec
1312 669 1419 722 nisi
1455 688 1635 722 rerum
1669 668 1883 740 species

172 748 231 794 et
276 741 498 794 umbras
532 740 752 810 vident,
804 741 850 795 si
931 740 1083 795 ificat
1128 740 1277 794 hunc
1328 739 1595 794 mundum
1632 740 1884 795 sensibus

171 811 506 865 subiectum:
553 811 751 883 igneus
788 759 1082 884 spffliidor,
1133 812 1229 882 qui
1264 811 1321 864 in
1357 811 1677 883 speluncam
1715 810 1883 881 cadit,

171 881 383 936 indicat
418 882 620 951 solem,
661 884 820 937 cuius
858 882 999 936 radii
1034 902 1217 936 rerum
1253 882 1673 936 universitatem
1711 882 1883 936 collu-

170 960 376 1007 strantt
410 953 647 1025 denique
686 953 987 1008 adscensus
1023 955 1117 1008 ille
1155 953 1227 1008 ad
1262 973 1351 1008 res
1389 971 1619 1023 superas
1644 952 1886 1007 illustrat

170 1025 318 1078 illam
356 1025 523 1078 animi
554 1026 731 1080 nostri
767 1026 1146 1097 agitationem,
1187 1044 1298 1096 qua
1327 1024 1533 1078 relictis
1569 1024 1735 1078 rebus
1773 1031 1885 1078 ter-

170 1096 440 1151 restribus
488 1096 561 1150 ad
596 1117 684 1152 res
738 1098 856 1151 sola
895 1105 1080 1151 mente
1119 1095 1666 1167 comprehendendas
1704 1095 1887 1149 evolat

171 1167 228 1220 in
265 1168 442 1239 iisque
481 1168 920 1241 contemplandis
956 1187 1081 1223 cum
1106 1168 1391 1239 voluptate
1430 1174 1695 1221 versatur.
1771 1167 1884 1220 Ita-

171 1258 279 1308 que
326 1239 583 1311 equidem
630 1241 710 1295 sic
760 1259 977 1295 censeo,
1068 1240 1135 1293 In
1172 1238 1378 1293 mundo
1414 1237 1782 1311 intelligibili,
1822 1246 1886 1291 ut

169 1310 249 1364 ita
283 1310 559 1382 dicamus,
609 1312 755 1367 Boni
801 1312 1017 1383 species
1055 1319 1141 1366 est
1176 1311 1341 1382 longe
1379 1310 1882 1382 praestantissima3

168 1401 311 1454 quae
348 1403 519 1455 quum
554 1403 666 1439 non
702 1383 823 1438 sine
858 1383 1032 1437 multo
1069 1383 1261 1437 labore
1299 1389 1696 1454 cognoscatur,
1745 1389 1883 1451 tum,

168 1454 266 1509 ubi
301 1455 472 1510 semel
507 1464 592 1510 est
625 1456 881 1529 cognita,
931 1455 1110 1509 omnis
1148 1454 1413 1508 bonitatis
1449 1473 1514 1507 ac
1553 1453 1880 1526 pulcritudi-

169 1526 256 1581 nis
304 1527 430 1581 fons
480 1535 647 1598 atque
702 1527 879 1598 princi
920 1526 1033 1580 ium
1070 1525 1324 1580 videatur
1361 1544 1589 1581 necesse
1625 1532 1738 1590 est3
1793 1543 1884 1578 ea-

171 1617 280 1668 que
319 1599 483 1654 sicuti
518 1599 578 1652 iu
614 1600 780 1653 rebus
819 1618 883 1653 su
947 1616 1143 1653 sensus
1168 1597 1494 1651 cadentibus
1533 1597 1666 1651 solis
1701 1596 1883 1651 lucem

170 1672 503 1741 procreavit,
541 1671 621 1724 ita
658 1671 716 1724 in
753 1670 839 1740 iis,
879 1688 1021 1739 quae
1059 1677 1239 1723 mente
1270 1676 1702 1741 cognoscuntur,
1740 1668 1884 1723 veri-

167 1750 338 1796 tatem
387 1750 445 1796 et
490 1743 861 1815 cognitionem
913 1741 1113 1796 efficit:
1161 1740 1309 1795 unde
1361 1740 1459 1810 qui
1506 1759 1594 1795 res
1641 1740 1730 1793 vel
1782 1739 1882 1793 do-

167 1814 427 1868 mesticas
475 1814 565 1867 vel
612 1814 866 1886 publicas
911 1822 1064 1868 recte
1100 1811 1482 1867 administrare
1519 1811 1786 1881 voluerit,
1826 1810 1883 1864 id

168 1884 336 1940 debet
370 1885 622 1956 studere,
662 1894 727 1939 ut
762 1885 869 1939 sibi
906 1905 1008 1956 pro
1046 1885 1256 1939 viribus
1296 1884 1513 1956 plenam
1551 1883 1700 1938 illius
1739 1883 1882 1938 noti·

166 1957 299 2011 tiam
348 1966 647 2030 comparet.
700 1989 770 1997 —
855 1957 1065 2010 Verum
1115 1957 1259 2010 enim
1309 1974 1442 2009 vero
1491 1955 1563 2008 ad
1599 1954 1748 2008 illam
1787 1973 1882 2009 co-

166 2029 475 2102 guitionem
524 2029 573 2083 si
623 2029 748 2100 quis
796 2028 1079 2101 pervenit,
1130 2028 1178 2081 is
1213 2026 1520 2080 mirandum
1560 2045 1670 2080 non
1707 2034 1794 2080 est
1834 2026 1882 2080 si

168 2102 459 2157 contemtis
509 2101 675 2156 rebus
713 2100 964 2155 humanis
1010 2108 1277 2171 perpetuo
1315 2098 1524 2153 versari
1562 2099 1744 2152 animo
1779 2116 1882 2151 suo

166 2172 360 2245 cupiat
393 2173 452 2227 in
486 2191 667 2227 rerum
709 2172 1017 2227 divinarum
1052 2171 1516 2242 contemplatione
1562 2187 1742 2240 neque
1782 2169 1882 2222 hu·

167 2263 452 2299 manorum
500 2263 569 2298 ne
613 2245 854 2299 otiorum
912 2243 1080 2297 ullam
1130 2261 1316 2298 curam
1366 2249 1525 2314 gerat
1575 2250 1672 2295 aut
1720 2259 1882 2295 usum

165 2325 367 2371 teneat.
443 2263 614 2385 Quod
663 2324 847 2371 tamen
909 2314 1107 2370 acerbe
1169 2313 1498 2386 reprehendi
1556 2332 1669 2367 non
1731 2312 1879 2382 licet,

167 2387 617 2459 quandoquidem
664 2387 981 2461 philosophi
1029 2405 1140 2440 non
1203 2405 1271 2440 ex
1316 2385 1560 2440 tenebris
1610 2384 1667 2438 in
1717 2383 1881 2438 huius

167 2461 315 2515 vitae
360 2460 539 2514 lucem
586 2460 1003 2533 pervenientes,
1057 2457 1157 2512 sed
1192 2457 1436 2512 vicissim
1475 2476 1544 2510 ex
1579 2475 1758 2509 rerum
1797 2454 1880 2509 di-

165 2533 413 2587 vinarum
450 2531 575 2586 luce
596 2530 918 2586 decidentes
942 2530 999 2584 in
1024 2529 1383 2584 humanarum
1410 2547 1593 2582 rerum
1617 2526 1881 2599 caligines

165 2604 499 2660 caecutiunt.
515 2631 585 2643 -
621 2601 842 2671 Quodsi
862 2621 993 2656 vera
1017 2609 1147 2655 sunt
1169 2619 1309 2671 quae
1333 2599 1403 2654 de
1431 2599 1692 2654 scientiae
1715 2606 1772 2652 et
1796 2598 1881 2651 in-

164 2675 427 2731 scientiae
452 2674 666 2729 ratione
691 2674 1068 2741 disseruimus,
1095 2679 1327 2744 apparet
1350 2671 1512 2726 etiam
1541 2670 1732 2724 falsam
1758 2687 1880 2725 esse

160 2766 348 2803 eorum
372 2746 715 2818 opinionem,
761 2745 857 2818 qui
878 2763 940 2800 se
963 2744 1183 2800 efficere
1220 2761 1385 2816 posse
1421 2748 1637 2814 putant,
1675 2748 1738 2794 ut
1773 2759 1881 2813 ope

163 2817 488 2891 disciplinae
512 2826 568 2872 et
590 2817 956 2872 iustitutionis
980 2816 1178 2870 animis
1200 2815 1478 2870 hominum
1502 2813 1880 2885 insipientium

165 2890 452 2946 scientiam
490 2889 747 2962 ingerant
782 2897 840 2943 et
877 2888 1034 2960 quasi
1073 2905 1271 2943 caecae
1307 2885 1478 2940 menti
1518 2884 1713 2939 indaut
1748 2902 1880 2938 vera

164 2961 426 3019 cernendi
476 2962 666 3017 aciem.
753 2959 979 3033 Quippe
1027 2958 1276 3014 veritatis
1324 2954 1747 3030 cognoscendae
1795 2955 1876 3009 fa·-

165 3033 342 3089 cultas
390 3041 589 3088 natura
641 3033 697 3087 in
750 3050 1087 3103 unoquoque
1136 3030 1317 3084 animo
1366 3029 1543 3097 inest,
1590 3027 1767 3082 omnis
1809 3045 1878 3081 ue

164 3105 429 3160 scientiae
478 3103 879 3178 comparandae
928 3103 1069 3157 ratio
1125 3103 1179 3156 in
1220 3100 1323 3155 hoc
1359 3119 1468 3155 uno
1506 3099 1690 3183 posita
1726 3098 1780 3152 vi
1822 3117 1878 3152 e-

166 3187 276 3246 tur,
314 3182 380 3230 ut
411 3194 565 3232 mens
602 3195 636 3230 a
672 3195 852 3231 rerum
910 3175 1177 3229 fluxarum
1216 3191 1280 3227 ac
1317 3171 1658 3226 mutabilium
1695 3170 1878 3226 consi-

166 3247 447 3303 deratione
498 3256 730 3303 avocata
782 3246 853 3301 ad
904 3246 1099 3302 summi
1151 3245 1296 3299 illius
1341 3243 1472 3298 boni
1511 3242 1877 3298 constantiam

166 3317 642 3391 contemplandam
681 3327 1051 3375 convertatur.
1136 3314 1358 3371 Etenim
1395 3315 1480 3370 vis
1518 3312 1878 3369 inveniendae

165 3391 415 3447 veritatis
464 3409 574 3445 non
622 3398 811 3463 potest
857 3390 970 3445 ulla
1022 3396 1136 3442 arte
1202 3386 1345 3441 effici
1410 3394 1507 3441 aut
1569 3384 1876 3457 procreari;

227 3481 338 3521 Plan.
373 3479 486 3530 opp.
523 3476 617 3518 vol.
652 3477 734 3518 Πῐ.
782 3479 901 3522 Soc-t.
935 3478 987 3519 ΙΙ.
1483 3473 1513 3521 8
