2106 3594
245 158 430 212 XLIV

247 298 583 382 eandemque
633 298 851 351 virtutis
902 296 1289 365 felicitatisque
1337 298 1603 351 rationem
1642 297 1713 366 ¹⁸³).
1788 298 1943 351 Haec

244 371 414 443 igitur
446 378 605 424 acute
643 378 699 423 et
735 369 1015 450 eleganter
1060 367 1157 420 De
1181 367 1501 422 Geerius.
1556 368 1770 436 Quibus
1807 368 1945 421 illud

248 462 418 495 unum
465 440 743 495 addidisse
782 439 1020 508 iuvabit,
1071 439 1267 492 similia
1309 438 1375 492 de
1414 440 1674 512 Lycurgo
1713 439 1946 525 prodere

247 512 716 566 Plutarchum
765 511 879 564 Vit.
939 510 1182 599 Lycurg
1232 508 1366 582 Cap.
1433 514 1529 565 31.
1593 511 1704 564 ἀλλ’
1769 510 1942 581 ὥςπερ

247 582 370 647 ἑνὸς
406 581 612 653 ἀνδρὸς
652 585 757 652 βιῳ
785 586 876 636 καὶ
907 580 1118 644 πόλεως
1145 583 1278 646 ὅλης
1315 585 1576 672 νομίζων
1584 582 1946 668 ευδαιμονιάν

247 654 334 708 ἀπ’
383 654 583 728 ἀρετης
627 656 989 724 ἐγγίγνεσθαι
1048 659 1140 706 καὶ
1191 651 1459 722 ὁμονοίας
1509 675 1607 718 της
1659 652 1802 722 ποὸς
1854 652 1946 706 αὑ-

245 724 348 789 τὴν
385 747 433 779 κ.
470 746 519 778 τ.
557 729 605 779 λ.
685 723 797 779 Sed
835 723 906 777 ad
943 723 1078 778 haec
1116 724 1222 778 alia
1260 725 1423 777 etiam
1461 726 1540 777 rei
1580 744 1745 778 causa
1788 743 1946 777 acce-

246 796 357 865 dit,
409 796 578 850 ducta
629 797 724 849 illa
770 815 837 849 ex
878 796 1050 879 ipsius
1112 796 1418 868 argumenti
1477 803 1687 848 natura.
1785 797 1945 849 Plato

245 868 388 921 0111111
423 887 590 937 quum
624 869 912 921 universae
959 868 1102 920 vitae
1139 866 1426 920 humanae·
1445 868 1711 949 optimum
1748 873 1948 920 statum

245 947 300 991 et
347 939 717 992 conditionem
763 937 1072 992 describere
1123 940 1526 1007 constituisset,
1585 939 1681 991 uni
1741 938 1949 991 homini

245 1009 385 1063 vidit
429 1010 707 1063 civitatem
764 1030 885 1064 esse
926 1010 1171 1080 proxime
1208 1010 1491 1063 finitimam
1530 1017 1583 1061 et
1621 1010 1778 1078 quasi
1816 1028 1946 1074 con-

244 1082 544 1135 terminam.
601 1081 895 1149 'Quocirca
933 1081 1069 1134 duas
1105 1081 1364 1151 tanquam
1403 1081 1638 1133 ditiones
1678 1081 1947 1134 humanae

246 1153 390 1206 vitae
429 1154 684 1222 secrevit,
722 1154 948 1206 alteram
989 1171 1078 1221 qu}
1064 1152 1208 1205 idem
1233 1171 1457 1223 parvam
1490 1159 1550 1205 et
1583 1153 1706 1223 ipso
1731 1152 1948 1205 homine

245 1231 588 1292 contentam,
651 1224 877 1278 alteram
933 1243 1189 1295 magnam
1249 1231 1413 1293 atque
1476 1224 1738 1293 amplam,
1803 1237 1947 1293 quae

244 1296 698 1367 complecteretur
756 1296 1062 1349 universam
1122 1294 1440 1348 societatem
1501 1295 1732 1349 civilem
1829 1295 1948 1348 Iam

242 1386 374 1420 vero
411 1367 552 1420 hanc
590 1367 846 1437 quoniam
869 1366 1007 1428 nihil
1043 1365 1195 1418 aliud
1233 1385 1353 1420 esse
1381 1366 1595 1419 censuit
1634 1367 1737 1420 nisi
1777 1385 1950 1436 quan-

245 1438 370 1491 dam
421 1438 568 1491 illius
621 1438 1105 1510 amplificationem
1156 1444 1212 1489 et
1263 1437 1422 1507 quasi
1460 1436 1947 1505 continuationem,

244 1509 517 1562 hominem
554 1516 815 1579 tanquam
854 1529 882 1562 e
919 1515 1092 1563 semet
1128 1507 1248 1578 ipso
1288 1508 1506 1576 eduxit,
1548 1517 1712 1579 atque
1752 1509 1948 1562 ethicis

243 1580 530 1662 principiis
570 1580 641 1633 ad
676 1582 891 1634 civilem
941 1579 1245 1632 doctrinam
1283 1550 1564 1633 translatis
1605 1599 1722 1632 eam
1759 1580 1948 1633 condi-

244 1652 327 1705 dit
378 1652 657 1705 civitatem
707 1662 849 1722 quae
901 1651 1065 1734 plane
1111 1650 1350 1704 hominis
1405 1658 1654 1704 naturam
1705 1653 1948 1705 referret.

242 1723 311 1776 Id
361 1723 510 1793 quod
563 1742 627 1777 eo
676 1725 853 1795 magis
904 1725 982 1776 ita
1018 1724 1198 1775 facere
1235 1722 1437 1794 potuit,
1479 1723 1627 1793 quod
1667 1723 1949 1776 civitatum

242 1743 443 1848 fornilas
493 1801 548 1847 et
585 1795 931 1848 conditiones
978 1794 1083 1847 sibi
1147 1800 1496 1865 persuaserat
1555 1813 1622 1846 ex
1671 1794 1949 1847 hominum

242 1865 482 1920 moribus
518 1874 684 1935 atque
722 1866 957 1938 ingeniis
997 1865 1142 1918 oriri.
1218 1866 1306 1918 De
1347 1885 1456 1934 quo
1495 1886 1546 1919 v.
1586 1865 1740 1918 Libr.
1779 1866 1833 1919 ll.
1874 1867 1946 1919 111.

243 1937 398 1991 Libr.
453 1938 642 1991 lV.0.
695 1941 779 1994 11
825 1958 876 2009 Ρ.
917 1936 1126 2024 4⁶35E.
1168 1942 1224 1989 et
1270 1936 1401 1990 Vlll.
1441 1956 1496 2022 Ρ.
1538 1939 1659 1990 544.
1699 1938 1770 1990 D.
1809 1938 1875 1991 E.
1908 1934 1951 2004 ἢ

246 2009 348 2063 οἴει
387 2015 445 2062 ἐκ
513 2007 683 2081 δρυός
719 2015 908 2063 ποθεν
947 2004 980 2074 ὴ
1033 2014 1091 2061 ὲκ
1140 2013 1345 2075 πέτρας
1393 2013 1493 2071 τάς
1545 2012 1826 2072 πολιτείας
1871 2015 1947 2078 γί-

245 2085 520 2149 γνεσθαι,
575 2079 685 2134 ἀλλ’
756 2079 877 2150 ουχὶ
942 2086 1001 2132 ἐκ
1049 2081 1159 2132 τῶν
1207 2079 1376 2144 ἠθῶν
1424 2083 1532 2133 τῶν
1593 2087 1650 2133 ὲν
1709 2078 1950 2136 πόλεσιν.

245 2152 468 2223 Quippe
508 2152 668 2205 sicuti
706 2151 903 2205 homo
944 2142 1165 2204 Platoni
1203 2171 1314 2203 non
1355 2159 1718 2223 estcorpus
1759 2151 1948 2206 huma-

243 2243 391 2292 num,
433 2223 582 2293 quod
630 2225 900 2277 cernimus
936 2222 1158 2288 0011118,
1224 2223 1477 2290 auribus,
1526 2225 1808 2290 manibus,
1848 2244 1945 2293 pe-

244 2295 426 2361 dibus,
469 2295 732 2364 articulis,
773 2295 1026 2348 0101011118
1048 2294 1394 2363 instructum,
1421 2294 1515 2348 ed
1542 2294 1618 2362 ld
1662 2295 1811 2364 quod
1843 2296 1947 2349 hoc

245 2367 442 2418 animal
489 2367 688 2435 agitat,
742 2366 889 2435 quod
924 2365 1131 2433 sentit,
1190 2366 1370 2435 cupit,
1411 2335 1653 2437 cogitat,
1709 2365 1946 2436 denique

243 2445 421 2490 mente
461 2445 516 2489 et
544 2438 924 2519 intelligentia
943 2438 1124 2508 viget3
1163 2437 1238 2488 ita
1276 2437 1452 2489 eidem
1489 2438 1682 2491 civitas
1720 2458 1829 2492 non
1869 2447 1951 2492 est

242 2509 521 2561 hominum
570 2508 863 2561 multitudo
911 2510 966 2561 in
1015 2527 1124 2560 una
1171 2509 1304 2560 urhe
1342 2509 1430 2561 vel
1466 2515 1612 2561 terra
1650 2512 1948 2576 communi-

243 2588 328 2632 ter
359 2580 678 2648 viventium,
717 2580 815 2633 sed
854 2599 1068 2645 sensus,
1110 2579 1206 2631 sed
1248 2581 1503 2650 spiritus,
1543 2580 1640 2634 sed
1677 2601 1855 2635 mores
1895 2590 1950 2635 et

244 2651 496 2722 ingenia,
554 2651 649 2704 sed
699 2671 851 2705 mens
891 2659 946 2704 et
983 2651 1140 2718 ratic,
1180 2652 1377 2718 quibus
1415 2652 1494 2704 1111
1532 2660 1795 2722 tanquam
1833 2654 1948 2705 ani-

246 2730 489 2790 mantur,
555 2731 608 2775 et
656 2723 821 2776 unius
870 2723 1102 2776 hominis
1155 2723 1332 2775 instar
1382 2723 1578 2776 vivunt
1627 2743 1691 2776 ac
1738 2724 1942 2796 vigent.

243 2794 442 2861 Itaque
480 2794 842 2877 philosophus
890 2795 948 2847 in
998 2793 1287 2847 condenda
1323 2795 1543 2847 civitate
1579 2769 1829 2849 morales
1851 2796 1947 2849 ho-

242 2865 473 2922 minum
504 2866 647 2918 vires
685 2866 917 2918 maxime
956 2868 1199 2936 respexit
1234 2866 1410 2935 iisque
1449 2865 1667 2919 ordines
1707 2867 1946 2921 civitatis

244 2916 627 2988 convenienter
664 2937 970 3004 constituit,
995 2946 1072 2989 ut
1111 2956 1248 3005 quae
1285 2937 1341 2989 in
1379 2936 1608 3008 singulis
1636 2937 1944 2993 hominibus

242 3008 483 3059 inessent
544 3008 688 3060 viies
744 3017 795 3060 et
842 3008 1162 3075 facultateS,
1203 3027 1296 3060 eae
1335 3009 1390 3060 in
1428 2980 1648 3060 civitate
1685 3016 1945 3079 tanquam

241 3080 296 3129 in
352 3097 520 3130 unum
559 3080 882 3132 coniunctae
919 3087 978 3132 ut
1029 3087 1206 3142 totum
1247 3079 1507 3148 quiddam
1555 3080 1942 3136 evalescerent.

296 3322 332 3370 ⁸>
368 3320 496 3362 Con'f.
530 3335 623 3361 011111
650 3322 716 3361 his
751 3336 812 3374 ea,
850 3337 958 3374 quae
980 3324 1205 3375 eleganter
1229 3323 1436 3362 disseruit
1468 3322 1507 3361 K
1522 3324 1700 3374 sippen
1730 3323 1775 3361 111
1807 3323 1942 3362 libro:

357 3378 579 3419 l‘olitik
614 3381 752 3421 nach
788 3379 1833 3431 1)]3101118011011(“ἕ1·1ιῐ1(1831κο11.11.12.
