2124 3744
543 1101 1416 1234 ARGUMENTUM

688 1276 915 1322 mmm
953 1273 1215 1321 ocTAv
1225 1276 1275 1320 Ι.
1331 1316 1345 1330 ,

129 1476 427 1593 Expositis
464 1521 561 1590 iis,
610 1540 751 1592 quae
786 1520 858 1574 ad
894 1518 1169 1574 tollendas
1206 1519 1634 1589 colloquentium
1674 1517 1831 1573 dubi-

129 1593 370 1647 tationes
408 1593 718 1646 neeessaria
754 1609 875 1647 esse
910 1591 1258 1660 videbantur,
1298 1590 1558 1646 Socrates
1595 1609 1629 1643 a
1656 1588 1830 1644 Glau-

130 1682 268 1718 cone
303 1665 768 1719 commonefactus
805 1664 1097 1718 revertitur
1133 1662 1203 1716 ad
1233 1663 1626 1734 quaestionem,
1666 1681 1830 1733 quam

128 1735 254 1789 libri
302 1736 479 1806 quinti
528 1736 686 1790 initio
736 1745 853 1790 erat
887 1735 1258 1789 instituturus,
1349 1734 1649 1805 Proposita
1685 1735 1831 1788 enim

129 1807 367 1879 optimae
417 1808 659 1861 civitatis
704 1807 975 1879 imagine,
1025 1826 1092 1860 ex
1141 1825 1251 1876 qua
1291 1806 1691 1878 perfectissima
1738 1825 1831 1860 co-

128 1890 487 1951 gnosceretur
509 1878 740 1933 hominis
762 1887 978 1947 natura,
1019 1878 1269 1932 voluerat
1292 1879 1456 1931 etiam
1496 1885 1743 1949 quattu
1757 1897 1790 1932 o
1804 1898 1832 1931 r

128 1969 380 2021 pravas
426 1951 529 2004 rei
590 1950 875 2004 ublicae
923 1951 1187 2005 formas
1246 1949 1698 2019 describere,
1749 1965 1831 2004 at-

130 2040 237 2092 que
271 2021 471 2076 docere
507 2042 543 2094 p
565 2041 669 2076 ane
707 2022 927 2077 easdem
965 2021 1377 2093 depravationis
1414 2022 1628 2093 species
1666 2022 1830 2075 etiam

130 2094 187 2147 in
237 2094 578 2167 singulorum
627 2094 906 2149 hominum
952 2095 1189 2167 ingeniis
1225 2112 1290 2147 ac
1330 2094 1572 2147 moribus
1611 2112 1832 2165 expres-

130 2183 220 2220 sas
258 2174 492 2220 exstare.
566 2166 691 2227 Hoc
727 2166 898 2239 igitur
932 2185 1080 2220 nunc
1117 2167 1195 2219 ita
1230 2166 1410 2219 facere
1458 2165 1729 2233 instituit,
1769 2175 1832 2219 ut

130 2237 559 2308 uniuscuiusque
610 2238 854 2292 civitatis
903 2238 1144 2311 origine,
1195 2245 1392 2290 natura
1446 2245 1611 2308 atque
1646 2236 1831 2292 indole

130 2308 423 2378 illustrata,
462 2328 678 2381 semper
712 2308 911 2364 deinde
948 2317 1222 2382 proponat
1256 2308 1491 2364 bominis
1513 2309 1829 2378 imaginem,

131 2381 188 2434 in
227 2399 337 2452 qua
374 2380 575 2434 similia
614 2390 909 2435 cernantur
944 2382 1105 2450 vitia,
1148 2381 1333 2451 qualia
1368 2382 1425 2434 in
1463 2381 1696 2454 singulis
1732 2400 1830 2435 no-

132 2460 249 2505 tata
293 2465 427 2506 aunt
474 2453 806 2508 civitatibus.
878 2453 1021 2507 Nam
1061 2471 1227 2524 quum
1266 2452 1462 2507 civitas
1498 2454 1553 2505 in
1592 2453 1829 2522 homine,

134 2523 296 2578 bomo
348 2532 532 2578 autem
578 2524 635 2578 in
668 2525 892 2579 civitate
947 2533 1257 2597 spectetur,
1311 2534 1373 2577 ut
1424 2523 1559 2578 alter
1604 2523 1828 2578 alterius

132 2605 392 2665 tanquam
427 2595 610 2668 imago
650 2597 752 2665 sit,
803 2595 1044 2651 civitatis
1081 2596 1150 2650 ab
1189 2595 1396 2667 optimo
1445 2604 1591 2650 statu
1629 2594 1698 2649 ad
1736 2594 1830 2649 de-

132 2666 385 2721 teriorem
435 2665 673 2722 defectio
726 2675 873 2723 certe
919 2665 1254 2739 respondere
1310 2666 1476 2721 debet
1521 2667 1686 2721 etiam
1733 2666 1830 2722 ho-

131 2738 292 2792 minis
339 2738 531 2810 optimi
569 2737 974 2811 depravationi,
1031 2737 1477 2809 qnandoquidem
1522 2739 1714 2793 civitas
1753 2740 1832 2792 ita

132 2819 337 2865 morata
380 2829 501 2864 esse
538 2811 697 2877 solet,
735 2819 799 2865 ut
833 2811 1006 2893 ipsius
1028 2811 1177 2865 cives
1202 2810 1396 2864 morati
1421 2818 1550 2864 sunt
1587 2811 1665 2882 (p.
1706 2812 1828 2866 544.

134 2880 202 2936 E..
250 2881 372 2936 coll.
423 2886 546 2937 541.
599 2882 711 2946 B.).
787 2883 1004 2936 Initium
1053 2900 1182 2935 vero
1233 2882 1395 2936 huius
1441 2881 1525 2935 dis
1567 2881 1831 2936 utationis

133 2954 281 3026 capit
315 2953 530 3022 exinde,
572 2965 632 3008 ut
668 2954 884 3023 doceat,
924 2952 1199 3024 quomodo
1238 2953 1447 3025 optima
1482 2954 1520 3007 il
1546 2973 1578 3007 a
1615 2954 1827 3023 civitas,

135 3042 298 3095 quam
330 3026 520 3095 finxit,
578 3045 853 3097 quamque
902 3025 1110 3097 optimo
1146 3025 1262 3079 iure
1300 3026 1829 3079 aristocratiam

135 3094 401 3167 appellat,
449 3096 783 3171 pedetentim
820 3098 876 3151 in
917 3098 1075 3168 peius
1113 3105 1378 3151 muteturz
1429 3096 1576 3151 unde
1626 3096 1825 3151 deinde

136 3174 396 3236 quattuor
430 3188 628 3241 pravas
665 3170 794 3223 oriri
825 3168 961 3223 dicit
998 3168 1330 3239 reipublicae
1365 3170 1583 3238 formas,
1624 3169 1825 3223 timo-

135 3238 456 3307 cratiam‚
506 3241 600 3295 oli
669 3240 1005 3309 archiam,
1049 3239 1583 3308 democratiam,
1626 3250 1682 3294 et
1719 3256 1829 3313 ty-

136 3308 511 3365 rannidem.
587 3313 661 3367 lat
707 3313 1055 3367 aristocratia
1093 3309 1312 3394 quidem
1363 3311 1488 3381 illa,
1540 3313 1656 3365 sive
1746 3332 1829 3366 er-

136 3382 277 3436 fecta
314 3381 526 3452 civitas,
564 3382 693 3441 licet
730 3383 877 3440 haud
918 3383 1077 3439 facile
1117 3402 1171 3437 in
1209 3392 1355 3438 statu
1391 3403 1492 3439 suo
1523 3394 1709 3457 pertur
1750 3385 1827 3437 ari
