2124 3744
183 823 231 874 B

283 167 387 226 434
935 167 1416 222 PLATONIS

283 314 348 377 τῆ
406 344 485 353 -
532 311 633 376 τὰς
695 311 742 367 δ’
812 305 884 368 αὖ
944 320 1000 368 ἐκ
1056 317 1154 370 τοῦ
1217 315 1467 414 οὐρανοῦ
1515 315 1828 384 εὐπαθείας
1872 325 1988 386 διη-

281 399 513 464 γεῖσιῖαι
559 418 678 451 και
694 401 839 461 θέας
875 396 1200 469 ἀμηχάνους
1246 398 1307 455 τὸ
1358 398 1581 464 κάλλος.
1629 424 1698 456 τα
1743 407 1843 473 μὲν
1888 427 1991 460 ουν

283 472 567 545 πολλά,ὦ
615 480 901 544 Γλαύκων,
947 485 1159 537 πολλοῦ
1200 483 1413 555 χρόνου
1460 485 1875 553 διηγήσασθαι·
1923 490 1987 543 τὸ

285 563 351 619 δ’,
391 556 838 645 ουν-κεφάλαιον
881 569 984 641 ἔφη
1031 566 1155 621 τόδε
1201 568 1370 632 εἶναι,
1430 567 1538 636 ὅσα
1594 569 1816 627 πώποτέ
1865 595 1990 628 τινα

284 643 555 715 ἠδίκησαν
599 653 692 706 καὶ
737 648 903 712 ὅσους
947 656 1181 716 ἕκαστοι,
1226 650 1364 723 ὑπὲρ
1410 650 1683 709 ἁπάντων
1712 659 1867 724 δίκην
1905 661 1991 712 δε-

285 736 515 788 δωκέναι
561 740 619 789 ἐν
662 741 826 806 μέρει,
868 732 1008 806 ὑπὲρ
1057 736 1291 792 ἑκάστου
1335 736 1578 802 δεκάκις·
1621 742 1789 795 τοῦτο
1835 740 1877 795 δ’
1921 741 1991 797 εἷ·

284 838 380 873 ναι
424 816 569 872 κατὰ
614 823 1117 891 ἑκατονταετηρίδα
1172 821 1441 891 ἑκάστην,
1509 821 1767 892 αἷς-,βίου
1826 822 1991 890 ὄντος

285 900 565 958 τοσούτου
602 906 706 959 τοῦ
750 902 1143 973 ἀνθρωπίνου,
1187 910 1278 960 ἵνα
1326 906 1698 970 δεκαπλάσιον
1740 907 1830 963 τὸ
1851 915 1990 964 ἔκτι-

286 1005 398 1057 σμα
444 991 544 1041 τοῦ
589 987 933 1057 ἀδικήματος
978 993 1267 1044 ἐκτίνοιεν·
1319 988 1460 1066 [καὶ]
1509 990 1631 1046 οἷον
1677 993 1725 1047 εἴ
1766 998 1990 1049 πολλῶν

286 1068 568 1135 θανάτων
629 1065 771 1140 ἦσαν
809 1072 1010 1138 αἴτιοι,
1065 1070 1095 1140 ἢ
1154 1073 1340 1138 πόλεις
1394 1076 1696 1146 προδόντες
1741 1073 1773 1144 ἢ
1823 1100 1991 1147 στρα-

288 1156 496 1211 τόπεδα
540 1167 658 1213 καὶ
675 1163 749 1221 εἰς
786 1159 1047 1221 δουλείας
1090 1159 1501 1230 ἐμβεβληκότες,
1549 1157 1583 1227 57
1628 1183 1713 1216 τιι
1720 1184 1780 1225 ος
1819 1160 1991 1229 ἄλλης

287 1245 584 1312 κακουχίας
625 1244 914 1314 μεταίτιοι,
958 1240 1185 1298 πάντων
1232 1242 1450 1300 τούτων
1486 1249 1860 1311 δεκαπλασίας
1891 1247 1991 1302 αλ-

403 1460 452 1502 Β.
497 1462 579 1501 καὶ
613 1457 733 1502 οἷον
764 1463 818 1502 εἴ
842 1474 986 1504 τινες
1018 1464 1250 1518 πολλῶν]
1293 1464 1388 1507 vat.
1428 1464 1475 1506 Θ.
1511 1467 1623 1509 Ven.
1660 1467 1708 1511 Ξ.

287 1531 317 1559 r.
355 1519 470 1560 Flor.
504 1520 549 1572 β.
582 1532 623 1561 Χ.
659 1521 727 1560 καὶ
761 1521 915 1561 οἵτινες
950 1535 993 1563 π.

1745 1471 1852 1523 Ang.
1886 1470 1988 1512 Vnt.

401 1574 587 1618 πόλεις
626 1576 962 1632 προδόντες]
1006 1578 1287 1634 προδιδόντες
1318 1581 1446 1622 Vind.
1483 1581 1578 1623 vat.
1614 1595 1672 1623 m.
1714 1582 1831 1625 Flor.
1877 1599 1914 1626 a.
1950 1598 1985 1626 c.

284 1649 323 1676 α.
388 1633 494 1677 Voci
537 1638 770 1689 κακουχίας
815 1637 855 1678 in
895 1636 1012 1679 Flor.
1063 1652 1104 1680 Χ.
1158 1639 1498 1694 superscriptum
1546 1641 1823 1696 κακουργίας.

1901 1643 1990 1684 Sed

284 1693 397 1735 illius
428 1695 552 1744 vocis
580 1697 703 1739 notio
733 1700 856 1750 patet
886 1696 1016 1738 latius
1048 1702 1092 1738 et
1122 1696 1220 1738 huic
1250 1698 1347 1738 loco
1381 1698 1536 1739 melius
1567 1700 1784 1740 convenit.

290 1881 354 1907 τοι
388 1859 470 1908 οὖν
501 1866 676 1914 ἐπειδὰν
707 1867 999 1922 τελευτήσωσι,
1033 1866 1092 1908 δι-

288 1923 500 1966 κάσουσιν
535 1925 581 1966 ἐν
614 1928 678 1980 τῷ
710 1927 892 1976 λειμῶνι.

346 1983 397 2025 Ρ.
418 1984 516 2028 615.
540 1986 753 2025 πολλου
772 1983 1093 2039 χρονουὸιη

288 2039 608 2112 γήσασθαι]
653 2043 929 2085 Creberrima
974 2043 1094 2084 verbi

286 2094 395 2140 εἶναι
424 2102 538 2154 apud
578 2100 691 2142 hunc
727 2092 964 2154 genitivum
1004 2101 1093 2142 elli·

283 2158 375 2210 psis
406 2164 487 2199 est.
535 2158 671 2211 legg.
709 2159 785 2199 IV.
821 2173 861 2212 p.
898 2158 995 2202 708.
1029 2159 1093 2199 D.

285 2215 567 2269 ξυμφυσῆσαι
611 2218 774 2258 πολλοῦ
819 2215 983 2269 χρόνου
1026 2218 1094 2257 καὶ

284 2271 655 2327 nandi-&nomam
681 2273 809 2316 ἐστίν.
837 2275 949 2316 Ibid.
976 2274 1024 2314 V.
1052 2289 1091 2328 p.

285 2332 383 2376 729.
421 2332 477 2373 E:
513 2332 674 2386 πολλῆς
705 2329 1092 2384 εὖλαβειάμ-ποε

284 2389 517 2444 ρευθῆναι.
544 2390 656 2431 Ibid.
692 2405 733 2444 p.
769 2391 867 2436 728.
901 2391 956 2431 D:
993 2392 1091 2432 τοῦ·

284 2463 333 2489 το
355 2446 401 2488 δὲ
429 2448 694 2499 νομοθέτου,
723 2450 798 2491 int.
820 2448 951 2490 ἐστίν.
977 2450 1090 2490 Ibid.

284 2521 324 2560 p.
357 2506 456 2550 735.
491 2507 552 2550 C·
588 2506 786 2559 σπουδῆς
814 2505 862 2548 δὲ
893 2508 1094 2561 μεγίστης

282 2589 336 2595 -
370 2562 695 2618 διερευνᾶσθαι.
728 2567 782 2606 al.

338 2620 392 2662 ἐν
440 2623 619 2680 μέρει]
668 2636 767 2665 suo
817 2635 1093 2677 quemque

282 2680 507 2734 ordine,
590 2680 863 2735 quemque
943 2680 1092 2724 dein-

284 2752 434 2792 ceps.

340 2797 505 2837 τοῦτο
538 2793 583 2837 δ’
613 2792 841 2849 εἶναι-]
874 2796 979 2838 hoc
1007 2808 1091 2838 au·

285 2861 414 2906 tem,
485 2854 624 2908 quod
681 2867 885 2908 poenas
942 2853 1092 2895 dein·

283 2926 414 2966 ceps
456 2913 652 2953 decies
704 2924 804 2966 pro
854 2911 1092 2965 singulis

285 2973 438 3011 luant
464 2971 530 3024 (id
556 2971 666 3012 enim
691 2974 759 3012 est
773 2971 938 3022 τοῦτο),
963 2970 1090 3011 fieri

284 3030 474 3070 solere
508 3029 769 3070 centenis
788 3027 1092 3080 quibusque

283 3087 467 3138 annis,
518 3086 731 3140 quippe
777 3098 933 3138 quum
977 3087 1090 3127 vita

283 3142 510 3184 humana
548 3149 654 3185 tam
691 3145 859 3197 longa
895 3144 1002 3195 sit,
1033 3148 1092 3184 ut

282 3200 676 3254 decemplicem
709 3200 941 3243 iniuriae
961 3213 1088 3254 poe-

279 3270 390 3299 nam
423 3259 573 3300 lue-re
613 3259 848 3313 possint.
913 3258 1089 3312 Quippe

277 3316 364 3357 vita
396 3314 577 3356 humana
610 3317 802 3359 centenis
833 3317 972 3368 annis,
1006 3318 1090 3357 iter

279 3378 422 3415 autem
475 3374 594 3415 mille
650 3375 771 3415 annis
836 3375 1087 3416 absolvitur.

281 3430 410 3475 Quod
465 3429 638 3484 quidem
706 3432 823 3474 mille
879 3444 1085 3475 annorum

1182 1870 1370 1923 spatium
1403 1871 1531 1914 etiam
1566 1871 1606 1912 in
1641 1869 1848 1912 Phaedro
1879 1881 1985 1924 poe-

1183 1929 1247 1968 nis
1279 1929 1451 1971 luendis
1483 1929 1746 1970 destinatum
1778 1932 1857 1969 est.

1242 1986 1292 2029 B.
1335 1988 1424 2027 καὶ
1463 1981 1585 2027 οἷον
1616 1987 1839 2026 εἴτινες
1869 1984 1987 2026 πολ-

1183 2045 1315 2099 λῶν]
1350 2045 1426 2085 Sic
1447 2045 1540 2085 libri
1565 2044 1715 2097 optimi
1734 2048 1864 2096 atque
1893 2045 1987 2097 plu-

1181 2103 1292 2143 rimi.
1320 2102 1463 2152 'Quam
1500 2103 1730 2143 lectionem
1772 2102 1855 2141 etsi
1896 2106 1988 2142 stu-

1183 2159 1429 2202 diosissime
1468 2158 1661 2201 defendit
1700 2156 1990 2200 Schneide-

1177 2231 1297 2266 rus‚
1338 2223 1485 2259 tamen
1524 2216 1627 2258 illud
1665 2222 1784 2258 certe
1814 2217 1990 2258 minime

1179 2276 1342 2328 effecit,
1375 2282 1423 2316 ut
1454 2270 1573 2324 οἶον,
1614 2274 1732 2328 quod
1765 2275 1806 2315 in
1839 2287 1989 2316 exem·

1177 2335 1260 2388 plis
1311 2333 1548 2375 afferendis
1593 2337 1852 2386 usurpatur,
1902 2333 1990 2373 isto

1179 2391 1311 2432 modo
1352 2396 1455 2445 post
1499 2390 1567 2431 καὶ
1606 2390 1770 2432 illatum
1823 2391 1991 2443 reliquo

1178 2451 1364 2491 sermoni
1384 2450 1630 2490 2intexatur.
1672 2447 1886 2490 Nimirum
1919 2460 1990 2489 re·

1179 2508 1373 2548 ctissime
1411 2507 1518 2548 vidit
1564 2506 1729 2547 Henr.
1762 2504 1989 2559 Stepha-

1178 2578 1296 2615 nuS,
1339 2564 1405 2605 cui
1445 2566 1577 2606 etiam
1612 2564 1808 2605 Aetius
1839 2575 1990 2605 aasen-

1178 2636 1255 2664 sua
1287 2627 1370 2674 est,
1401 2623 1663 2677 particulam
1698 2621 1767 2662 καὶ
1800 2635 1898 2675 esee
1926 2621 1986 2662 in-

1178 2681 1380 2721 siticiam.
1451 2681 1587 2721 Cuius
1634 2679 1990 2733 originesmerte

1177 2738 1426 2790 neutiquam
1442 2738 1485 2779 in
1496 2737 1686 2778 obscuro
1707 2740 1856 2778 latent.
1877 2737 1989 2778 Sex-

1179 2796 1344 2838 centies
1379 2796 1490 2837 enim
1526 2795 1797 2848 grammatici
1826 2796 1988 2847 impor-

1177 2860 1281 2895 tune
1312 2854 1386 2894 καί
1412 2852 1690 2905 addiderunt,
1722 2852 1859 2893 sicubi
1891 2864 1991 2892 aen—

1176 2912 1310 2953 tentia
1349 2911 1494 2964 aliqua
1539 2911 1614 2952 alii
1654 2910 1877 2953 subiicitur
1914 2910 1992 2962 per

1178 2969 1442 3023 epexegesin
1475 2981 1660 3021 eamque
1697 2968 1763 3009 ob·
1787 2979 1989 3008 caussam

1176 3028 1267 3069 aine
1294 3028 1480 3080 copulae
1510 3026 1682 3066 vinculo
1703 3024 1988 3078 subiungitur.

1176 3086 1311 3126 Cuius
1350 3085 1413 3125 rei
1461 3085 1659 3135 exempla
1703 3083 1815 3123 bene
1856 3083 1989 3124 multa

1175 3144 1420 3184 notavimus
1462 3141 1515 3182 ad
1551 3140 1784 3194 Protagor.
1815 3154 1855 3193 p.
1886 3140 1987 3184 335.

1174 3202 1231 3242 A.
1266 3200 1404 3252 Gorg.
1438 3210 1479 3250 p.
1516 3196 1616 3240 450.
1655 3203 1703 3238 Α.
1726 3199 1826 3242 459.
1853 3198 1901 3238 Β.
1931 3199 1985 3239 al.

1175 3257 1301 3302 Quae
1332 3268 1464 3309 quum
1499 3255 1558 3295 ita
1592 3257 1691 3306 sint,
1728 3257 1828 3298 licet
1859 3261 1987 3309 opta-

1174 3315 1246 3357 tivi
1279 3314 1522 3366 κομίζοιντο
1556 3318 1601 3353 et
1631 3316 1887 3368 κομίσαιντο
1909 3326 1985 3367 pa-

1174 3374 1281 3415 riter
1309 3377 1440 3423 atque
1480 3371 1682 3411 ἐκτίνοιεν
1723 3372 1777 3413 ab
1817 3369 1886 3411 ἵνα
1920 3384 1986 3412 re·

1173 3435 1343 3483 gantur,
1375 3433 1519 3470 tamen
1539 3433 1641 3481 post
1670 3431 1878 3470 ἐκτίνοιεν
1912 3441 1985 3469 ve-
