2124 3744
209 851 259 901 1)

268 1092 486 1171 Ιμόνον
545 1100 780 1165 γεωργίᾳ
843 1096 970 1150 οὐδὲ
1027 1098 1284 1166 ναυτιλίᾳ
1349 1093 1633 1163 προςήκει,

322 193 415 242 15ίί
916 188 1392 244 PLATONIS

314 337 436 406 κρά.
535 339 713 402 ΙΙοῖας
777 327 808 400 ἦ
866 335 914 389 δ’
978 334 1057 400 ὅς.
1129 335 1197 391 “A
1251 359 1307 391 τε
1364 336 1430 401 δὴ
1487 333 1554 391 σὺ
1611 335 1778 399 εἶπες,
1835 329 1903 401 ἦν
1949 336 1998 388 δ’

312 420 446 487 ἐγώ,
496 418 560 472 τα
611 425 730 489 περὶ
777 418 877 474 τὸν
924 419 1199 490 πόλεμον,
1258 423 1347 475 καὶ
1395 418 1466 485 δὴἼ
1506 424 1598 474 καὶ
1642 420 1782 491 πρὸς
1825 422 2010 482 πασας

312 501 621 573 μαθήσεις,
667 503 798 567 ὥςτε
836 504 1065 559 κάλλιον
1107 504 1520 575 ἀποδέχεσθαι,
1567 506 1721 572 ἴσμεν
1767 526 1874 559 που
1920 503 2010 558 ὅτι

314 592 388 657 τῷ
436 586 567 663 ὄλῳῆ
594 592 685 642 καὶ
730 592 899 642 παντὶ
943 591 1134 644 διοίσει
1172 587 1411 659 ἡμμένος
1458 610 1514 643 τε
1560 595 1888 657 γεωμετρίας
1917 595 2013 642 και

310 672 405 742 μή.
499 674 588 740 Τῷ
647 676 815 726 παντὶ
868 677 1059 742 μέντοι
1113 672 1181 740 νὴ
1243 672 1348 738 Δί’,
1403 679 1525 744 ἔφη.
1613 674 1885 742 Δεύτερον
1941 673 2008 738 δὴ

311 759 482 812 τοῦτο
528 760 778 826 τιθῶμεν
820 758 1070 825 μάθημα
1116 769 1236 820 τοῖς
1267 763 1450 820 ,νέοιςς
1543 759 1827 826 Τιθῶμεν,
1886 754 2010 829 ἔφη.

439 837 580 915 Cap.
627 840 703 895 X.
803 845 868 895 Τι’
925 847 1054 905 δαίς
1114 848 1307 912 τρίτον
1353 844 1547 910 θῶμεν
1590 840 2013 910 ἀ,στρονομιάν;

310 922 343 990 ἢ
388 924 454 981 οὐ
503 929 686 989 ὔοκεῖς
767 925 920 996 Ἐμοὶ
977 929 1142 994 γοῦν,
1203 931 1342 1000 ἔφη·

309 1008 793 1078 εὐαισθητοτέρως
842 1014 982 1080 ἔχειν
1028 1014 1144 1064 Ἰκαὶ
1213 1013 1402 1080 μηνῶν
1473 1016 1562 1063 καὶ
1621 1013 1886 1064 ἐνιαυτῶν
1945 1010 2010 1064 ου

1410 926 1468 980 τὸ
1527 923 1635 995 γὰρ
1686 929 1808 996 περὶ
1862 924 2014 994 ὥρας

1705 1082 1853 1148 ἀλλᾶ
1920 1099 2008 1147 καὶ

309 1184 619 1249 στρατηγίᾳ
663 1178 763 1249 οὐχ
810 1172 996 1245 ἧττον.
1063 1178 1239 1243 “Ηδὺς
1291 1178 1352 1241 εἷ,
1401 1172 1470 1246 ἦν
1516 1178 1559 1231 δ’
1613 1178 1734 1245 ἐγώ,
1776 1176 1864 1233 ὅτι
1907 1182 2014 1232 ἔοι-

309 1286 410 1325 κας
447 1264 650 1318 δεδιότι
696 1261 832 1327 τοὺς
875 1263 1144 1333 πολλούς,
1186 1264 1258 1334 μὴ
1308 1267 1473 1340 δοκῇς
1522 1261 1773 1332 ἄχρηστα
1813 1262 2012 1332 μαθή-

308 1369 460 1415 ματα
507 1346 888 1417 προςτοὶττειν.
930 1348 993 1403 τὸ
1041 1345 1082 1402 δ’
1114 1355 1259 1404 ἔστιν
1293 1347 1359 1403 οὐ
1405 1346 1551 1401 ποτ’-νυ
1578 1349 1817 1418 φαῦλον,
1860 1344 2007 1400 ἀλλὰ

309 1430 554 1502 χαλεπὸν
596 1434 912 1496 πιστεῦσαι,
965 1432 1055 1488 ὅτι
1114 1440 1172 1488 ὲν
1226 1432 1448 1495 τούτοις
1507 1442 1625 1494 τοῖς
1668 1429 2012 1500 μαθήμασιν

317 1514 553 1571 ἑκάστου
594 1513 842 1587 ὄργανόν
887 1539 940 1571 τι
985 1519 1169 1591 ψυχῆς
1215 1519 1618 1587 ἐκκαθαίρεταί
1654 1537 1711 1569 τε
1748 1519 1836 1569 καὶ
1872 1514 2012 1570 ἀνα-

429 1621 947 1679 Cap.X.1).'H32·.s
977 1622 1028 1667 εἶ
1054 1625 1133 1680 —]
1167 1622 1227 1668 ως
1257 1622 1366 1680 ἦδύς
1395 1619 1439 1666 εἶ
1461 1626 1560 1668 Par.
1597 1625 1698 1666 ΒΚ.

826 1686 900 1729 6.
933 1692 977 1726 et
1009 1685 1258 1727 Nicomach.
1280 1683 1456 1727 Arithm.
1478 1698 1518 1738 p.
1544 1684 1612 1728 71.
1636 1684 1708 1726 ed.
1732 1688 1823 1724 Ast.
1861 1683 2010 1724 Pauiio

308 1686 350 1728 9-
383 1684 552 1725 Theon.
585 1685 819 1758 §myrmp

1745 1625 1861 1667 Mon.
1894 1624 2010 1666 Fior

308 1747 408 1783 ante
441 1742 555 1795 vulg.
585 1739 754 1796 ’Ἐμοιγ’
792 1699 893 1791 οὖν,
927 1743 1140 1796 probante
1176 1744 1444 1785 Hermanno.

423 1799 656 1840 ἑκάστου
698 1798 974 1854 ὄργανον]
1037 1801 1110 1841 Sic
1142 1801 1242 1842 Par.
1277 1800 1410 1842 be.
1446 1799 1548 1840 Ven.
1580 1799 1640 1839 II.
1672 1797 1790 1840 Mon.
1823 1796 1920 1838 Vnt.
1953 1809 2008 1838 m.

308 1870 341 1901 r.
376 1857 492 1900 Flor.
536 1872 574 1899 a.
607 1873 643 1898 c.
675 1872 715 1902 x,
759 1864 803 1900 et
833 1873 898 1913 pr.
935 1863 1029 1904 Vnt,
1067 1859 1120 1900 Θ.

1167 1861 1268 1900 item
1303 1857 1427 1899 Theo
1461 1857 1550 1899 Sm.
1599 1858 1624 1897 Ι.
1659 1869 1695 1896 c.

1764 1855 2013 1908 Legebamu-

304 1914 516 1968 ἑκάστοις,
548 1914 663 1969 quod
698 1917 826 1958 etiarn
863 1917 1085 1959 Bekkerus
1114 1917 1305 1958 retinuit.

309 2003 376 2043 sit.
412 2027 467 2032 —
538 1999 682 2043 ὥςτε
718 2001 938 2044 κάλλιον
979 1999 1107 2044 ἀπο-

310 2058 588 2112 δέχεσθαι,
628 2075 688 2101 se.
729 2058 885 2112 αὐτάς,
926 2068 986 2103 ut
1020 2075 1110 2103 eas

311 2118 541 2160 facilius
579 2121 776 2171 capiat.
810 2143 866 2150 -—
927 2121 1112 2161 Formu-

311 2178 392 2217 iam
429 2173 514 2230 ὅλῳ
549 2178 618 2217 καὶ
649 2181 778 2218 παντί
806 2178 858 2218 ad
891 2178 1112 2219 Phaedon.

310 2249 350 2286 ι).
385 2235 453 2278 79.
490 2234 538 2275 Ε.
570 2237 802 2286 tetigimus

369 2293 474 2346 Cap.
487 2291 541 2333 X.
565 2294 613 2336 D.
649 2308 714 2334 ου
745 2291 921 2344 μόνον
951 2307 1112 2346 yeme·

311 2364 404 2420 για
464 2346 595 2391 ουδὲ
649 2351 924 2406 ναυτιλίᾳ]
978 2353 1023 2392 h.
1075 2364 1113 2394 e.

309 2404 415 2449 οὐδὲ
443 2405 584 2458 μόνον
615 2411 820 2465 ναυτιλίᾳ.
879 2410 949 2450 Ita
981 2407 1116 2459 μόνον

308 2479 388 2507 usu
419 2467 512 2507 fere
545 2470 759 2509 constanti
787 2468 916 2510 etiam
946 2468 998 2508 ad
1033 2480 1112 2521 po-

310 2526 520 2566 steriores
555 2526 741 2577 negandi
781 2526 1013 2579 partic-uias
1045 2539 1114 2567 re·

309 2582 562 2634 serendum,
613 2584 668 2626 de
714 2597 799 2637 quo
850 2596 1009 2637 genere
1050 2585 1113 2625 Ιο-

310 2641 469 2692 quendi
541 2643 710 2684 monuit
775 2643 808 2684 S
826 2657 849 2683 c
870 2641 893 2682 Ιι
912 2655 937 2682 a
959 2656 982 2682 e
1002 2640 1025 2681 f
1043 2655 1066 2680 e
1086 2654 1122 2683 r.

309 2697 366 2739 ad
383 2699 662 2741 Demosthen.
682 2699 736 2740 ad
760 2700 921 2743 Coron.
946 2714 986 2752 p.
1000 2700 1118 2751 257.,

309 2757 350 2800 6.
419 2763 462 2797 et
521 2758 764 2808 262,12.
827 2758 895 2802 ed.
965 2758 1118 2801 Reisk.

311 2815 376 2854 De
445 2814 628 2856 formula
689 2817 899 2858 irrisionis
961 2809 1120 2868 ἦδύς

310 2866 371 2912 εἶ
443 2885 481 2912 ν.
553 2871 798 2923 ΒῐιιΙιιιΙι.
879 2873 932 2915 ad
1007 2874 1117 2916 Tim.

310 2930 458 2973 Gioss.
504 2945 542 2984 p.
576 2932 675 2976 131.
727 2932 937 2986 Lepide
977 2933 1117 2985 agis,

313 2989 474 3039 inquit,
517 3002 676 3041 quium
718 2991 894 3033 vereri
935 2990 1116 3031 videa·

312 3048 406 3095 ris,
470 3061 535 3088 ne
595 3047 846 3090 homines
920 3053 1118 3101 putent

313 3111 365 3144 te
442 3105 685 3148 inutiles
777 3106 1118 3159 disciplinas

316 3163 739 3213 praescribere.
796 3159 949 3206 Infud
988 3177 1118 3205 vero

313 3219 447 3259 haud
489 3233 617 3261 sane
656 3222 829 3264 facile
886 3220 980 3262 sed
1016 3221 1117 3262 dif-

314 3276 473 3317 ficile
520 3284 606 3318 est
661 3280 728 3320 ad
779 3280 1117 3334 persuaden-

312 3335 458 3385 dum,
499 3332 652 3375 hisce
699 3337 1023 3390 disciplinis
1065 3336 1119 3376 in

312 3404 643 3444 unoquoque
689 3396 1114 3436 instrumentum

313 3448 584 3501 quoddam
635 3453 795 3493 animi
841 3465 1116 3504 expurga-

1194 2003 1242 2043 ri
1295 2007 1346 2043 et
1387 2001 1536 2053 ignis
1587 2000 1775 2040 instar
1830 2000 2011 2039 susci·

1195 2059 1330 2110 tari,
1363 2061 1698 2101 exstinctum
1736 2062 1789 2097 et
1816 2070 2009 2098 occae-

1197 2123 1377 2159 catum
1460 2116 1699 2168 reiiquis
1776 2115 2009 2165 studiis,

1197 2187 1352 2228 quum
1419 2181 1595 2216 tamen
1667 2172 1807 2214 iliud
1887 2185 2009 2213 con-

1201 2234 1422 2274 servari
1477 2232 1683 2272 melius
1727 2231 1806 2270 sit
1853 2243 2006 2283 quam

1202 2291 1354 2333 miiie
1424 2292 1643 2331 oculos:
1723 2299 1838 2329 narn
1908 2289 2009 2328 hoc

1200 2350 1324 2391 soio
1378 2348 1654 2389 intuemur
1693 2346 1865 2396 ipsam
1921 2358 2007 2388 ve-

1199 2407 1443 2447 ritatem.
1488 2429 1536 2436 --
1590 2401 1671 2445 ὅτι
1711 2403 1896 2443 ἔοικας
1927 2402 2005 2443 δε-

1201 2462 1351 2505 διότι.
1390 2463 1505 2507 Libr.
1538 2464 1624 2504 ΙΙΙ.
1657 2476 1696 2514 p.
1724 2461 1826 2505 414.
1868 2462 1924 2506 ,(ἐ
1949 2456 2008 2501 ὥς

1199 2523 1365 2569 ἔοικας,
1423 2523 1530 2575 ἔφη,
1594 2517 1797 2561 ὀκνοῦντι
1859 2517 2002 2590 λέγειι.

1199 2582 1321 2622 Men.
1394 2581 1510 2623 ..80
1554 2580 1616 2620 D:
1661 2575 1814 2629 ὅμοιος
1854 2589 1891 2617 ει
1924 2592 2008 2619 ουκ

1201 2636 1349 2680 εἰδότι.
1364 2594 1524 2690 pHipp.
1572 2637 1670 2678 Mai.
1720 2651 1760 2690 p.
1799 2636 1900 2679 300.
1948 2636 2006 2676 [⁴2-

1203 2696 1353 2749 τέρατα
1392 2691 1449 2736 αὖ
1480 2692 1805 2793 ἀποκρινομένῳ
1845 2693 2005 2732 ἔοικας.

1205 2756 1436 2808 Protagor.
1471 2770 1509 2803 μ.
1542 2754 1643 2797 361.
1676 2753 1724 2793 C.
1771 2749 1926 2791 phaed.
1966 2764 2007 2803 p

1200 2813 1273 2856 86.
1307 2813 1357 2855 D.
1389 2814 1443 2854 ai.
1469 2811 1693 2853 Genitivus
1725 2805 1910 2850 ἑκάστου
1946 2808 2010 2848 sic

1201 2871 1360 2912 nomini
1403 2883 1485 2912 suo
1547 2869 1822 2922 praepositus
1880 2866 2004 2907 simui

1202 2929 1334 2970 dativi
1377 2928 1631 2977 commodi„
1663 2938 1790 2978 quom
1835 2931 2005 2970 vocant,

1203 2991 1348 3039 partes
1379 2988 1479 3035 agit.
1514 2998 1551 3023 v.
1587 2985 1897 3025 Buttmann.
1931 2983 2008 3022 Gr.

1203 3045 1242 3097 ἓ.
1274 3044 1377 3094 120,
1406 3048 1448 3087 4.
1480 3044 1548 3083 Ex
1575 3053 1661 3093 quo
1693 3046 1888 3092 apparet,
1920 3051 2008 3091 quo

1203 3105 1299 3144 iure
1323 3103 1394 3142 alii
1414 3098 1612 3141 ἑκάστοις
1635 3098 1914 3138 scribendum
1942 3098 2007 3136 iu-

1203 3159 1482 3217 dicaverint.=
1515 3157 1579 3198 De
1609 3156 1818 3209 proximis
1849 3159 2007 3196 contu-

1206 3219 1254 3258 iit
1291 3218 1482 3258 Astius
1515 3215 1698 3255 Svnes.
1725 3214 1848 3254 Dion.
1874 3227 1912 3266 p
1934 3211 2004 3255 47.

1204 3275 1272 3316 D:
1302 3269 1404 3314 α’λλά
1435 3288 1499 3313 τοι
1531 3273 1661 3312 ταῦτα
1695 3269 1829 3311 πάντα
1861 3275 2010 3319 κοσμεῖ

1206 3328 1254 3372 τὸ
1296 3328 1407 3382 ὄμμα
1445 3329 1584 3371 ἐκεῖνο
1625 3332 1693 3370 καὶ
1727 3325 1906 3381 ἀφαιρεῖ
1931 3325 2008 3381 τὴν

1205 3386 1352 3442 λήμην.
1393 3389 1559 3430 Ciem.
1606 3391 1675 3429 ΑΙ.
1717 3387 1845 3428 Paed.
1877 3387 1924 3428 ΙΙ.
1956 3389 2003 3427 l:

1207 3447 1250 3488 τὸ
1284 3445 1395 3496 ὄμμα
1438 3448 1510 3499 τῆς
1549 3447 1688 3498 ψυχῆς
1718 3444 2005 3495 ἐκκαθαίρειν.
