2098 3658
283 120 383 174 140
870 115 1357 172 PLATONIS

278 283 451 318 νοντα
510 262 585 330 τῷ
646 260 722 331 μὴ
786 265 1154 335 δυςχεραίνειν
1210 262 1272 317 τὸ
1326 260 1554 316 ἀδικεῖν.
1622 266 1697 324 εὶς
1761 260 1985 330 ἀγῶνας

279 351 467 402 τοίνυν
511 343 671 399 ἰόντα
716 350 809 403 καὶ
854 350 968 417 ἰδίᾳ
1013 350 1105 402 καὶ
1150 350 1391 417 δημοσίᾳ
1434 348 1860 416 περιγίγνεσθαι
1893 349 1986 400 καὶ

282 434 625 484 πλεονεκτεῖν
664 432 774 484 τῶν
821 433 1075 501 ἐχθρῶν,
1131 433 1574 486 πλεονεκτοῦντα
1621 431 1678 483 δὲ
1725 432 1986 484 πλουτεῖν

283 516 373 569 καὶ
421 511 556 576 τούς
599 534 654 568 τε
700 518 897 587 φίλους
942 507 1000 570 εὖ
1048 526 1225 570 ποιεῖν
1257 517 1349 569 καὶ
1391 510 1524 577 τοὺς
1559 509 1806 584 ἐχθροὺς
1848 514 1988 583 βλά-

282 618 466 661 πτειν,
513 600 604 651 καὶ
653 601 815 662 θεοῖς
860 602 1070 662 θυσίας
1121 602 1212 653 καὶ
1255 597 1614 667 ἀναθήματα
1647 599 1852 659 ἱκανῶς
1896 601 1988 651 καὶ

280 684 714 753 μεγαλοπρεπῶς
765 682 935 738 θύειν
998 705 1052 736 τε
1090 686 1182 738 καὶ
1228 682 1599 745 ἀνατιθέναι,
1658 684 1751 735 καὶ
1807 684 1988 750 θερα-

284 766 468 821 πεύειν
510 769 611 820 τοῦ
657 770 872 821 δικαίου
918 765 1059 821 πολὺ
1103 764 1332 837 ἄμεινον
1371 764 1501 830 τοὺς
1541 762 1718 828 θεοὺς
1762 767 1855 819 καὶ
1879 767 1991 819 τῶν

279 848 613 920 ἀνθρώπων
659 849 757 914 οὓς
800 849 875 904 ἂν
917 852 1210 921 βούληται,
1255 849 1386 914 ὥςτε
1430 854 1525 906 καὶ
1557 852 1994 923 θεοφιλέστερον

283 933 462 990 αὐτὸν
508 934 649 988 εἶναι
693 938 908 1005 μᾶλλον
949 934 1240 1004 προςήκειν
1285 941 1341 989 ἐκ
1389 938 1498 989 τῶν
1545 932 1771 990 εἰκότων
1809 929 1844 1000 ἢ
1891 929 1992 988 τὸν

284 1022 520 1073 δίκαιον.
559 1016 704 1072 οὕτω
753 1024 953 1093 ᾳασίν,
1009 1012 1048 1073 ὦ
1099 1018 1428 1089 Σώκρατες,
1474 1016 1628 1091 παρα
1683 1019 1840 1072 θεῶν
1900 1020 1991 1071 καὶ

285 1100 420 1174 παρ’
484 1100 816 1171 ἀνθρώπων
860 1106 936 1173 τῷ
981 1102 1153 1173 ἀδίκῳ
1213 1102 1677 1174 παρεσκευάσθαι
1721 1099 1824 1156 τὸν
1866 1103 1992 1172 βίον

285 1186 517 1257 ἄμεινον
559 1183 591 1252 ἢ
639 1189 717 1256 τῷ
761 1190 973 1256 δικαίῳ.

417 1267 558 1345 Cap.
606 1267 712 1324 Vl.
809 1268 984 1326 Ταῦτ’
1039 1268 1296 1333 εἰπόντος
1343 1273 1445 1326 τοῦ
1492 1267 1847 1334 Γλαύκωνος,
1890 1263 1991 1336 ἐγὼ

197 1357 388 1426 1,)μὲν
444 1361 503 1408 ἐν
559 1355 637 1423 νῷ
695 1354 840 1424 εἶχόν
886 1377 936 1410 τι
981 1357 1154 1420 λέγειν
1200 1352 1338 1424 πρὸς
1385 1357 1592 1418 ταῦτα,
1652 1351 1681 1407 ὁ
1737 1355 1793 1407 δὲ
1837 1350 1995 1406 ἀδελ-

409 1548 459 1591 C.
520 1544 662 1602 παρὰ
710 1550 849 1589 θεῶν
890 1548 977 1587 καὶ
1017 1546 1144 1602 παρ’
1185 1545 1516 1599 ἀνθρώπων]
1563 1545 1657 1587 vat.
1702 1544 1756 1586 Θ.
1793 1557 1825 1586 r.
1873 1544 1992 1587 vind.

291 1609 347 1650 Φ.
386 1605 456 1645 καὶ
495 1604 610 1659 παρὰ
654 1606 770 1645 θεῶν
811 1604 879 1644 καὶ
920 1606 1026 1662 παρ’
1070 1604 1205 1661 ἆνθρ.
1242 1606 1362 1647 Flor.
1395 1617 1436 1645 a.
1479 1618 1516 1647 e.
1550 1617 1591 1647 x.
1621 1619 1664 1647 α.
1698 1604 1846 1644 Anibr.
1881 1604 1993 1656 Aug.

290 1660 410 1719 παρά
440 1678 486 1704 τε
519 1666 646 1707 θεῶν.

408 1721 514 1773 Cap.
544 1720 624 1762 Vl.
687 1719 738 1763 D.
803 1719 882 1761 Οὔ
919 1722 972 1762 τί
1011 1736 1113 1762 που
1154 1720 1292 1773 οἴει]
1335 1719 1411 1760 Sic
1453 1719 1552 1762 Par.
1593 1718 1758 1759 ADK.
1790 1716 1899 1758 Ven.
1933 1716 1991 1758 Π.

291 1780 414 1822 Mon.
455 1779 604 1822 Ambr.
656 1780 764 1832 Ang.
804 1778 921 1821 Flor.
961 1793 999 1822 a.
1034 1793 1071 1820 c.
1105 1793 1144 1821 x.
1187 1780 1272 1822 aiii.
1331 1777 1477 1830 Vulgo
1520 1793 1597 1817 πω.
1660 1776 1765 1817 Dein
1797 1776 1876 1828 ἔφη
1907 1787 1993 1817 om.

291 1837 393 1879 Par.
428 1837 484 1879 A.
518 1837 620 1876 Vat.
657 1835 709 1877 Θ,
749 1837 850 1878 ch.
882 1836 927 1879 Ξ.
965 1837 1089 1877 Vind.
1121 1841 1174 1880 (1).
1209 1840 1326 1878 recte
1357 1834 1567 1890 sortasse3
1609 1845 1854 1887 quanquam
1887 1832 1992 1873 inud

292 1895 459 1937 scribae
499 1894 679 1935 subinde
723 1894 902 1935 arbitrio
945 1908 1024 1936 suo
1057 1895 1420 1944 exterminarunt,
1460 1890 1593 1934 sicubi
1626 1897 1783 1946 sponte
1816 1890 1994 1943 intelligi

1184 2034 1237 2077 ad
1281 2034 1456 2074 Wener.
1499 2028 1698 2074 G'ramm.
1736 2033 1790 2073 T.
1819 2032 1909 2073 ΙΙΙ.
1946 2031 1995 2073 Ρ.

1186 2093 1238 2136 ΙΙ.
1270 2107 1310 2146 p.
1342 2090 1447 2134 124.

1243 2152 1350 2204 Cap.
1395 2148 1463 2190 VI.
1537 2149 1586 2189 D.
1665 2145 1740 2188 Οὔ
1795 2146 1852 2186 τί
1894 2160 1993 2187 που

293 2041 383 2078 tus
425 2047 632 2088 capere
669 2036 722 2076 in
765 2047 858 2075 sua
899 2037 1101 2079 civita-

295 2100 372 2144 te,
405 2105 565 2146 quum
598 2093 781 2134 iustus
812 2099 1103 2146 appareat:

295 2151 500 2193 deinde
560 2163 716 2202 quam
780 2152 916 2193 velit
976 2164 1104 2194 uxo-

295 2222 404 2251 rem
459 2208 661 2249 ducere
711 2213 764 2250 et
808 2221 963 2259 suas».
1015 2209 1103 2250 cui

295 2266 464 2317 veiit,
518 2267 711 2308 locare
751 2271 828 2310 ctr.
912 2267 1103 2308 Verbum

294 2322 541 2374 ἐκδιδόναι,
586 2329 807 2377 nuptum
851 2323 1008 2376 dare,
1050 2325 1101 2366 il-

295 2381 494 2424 lustravit
553 2382 808 2423 Valcken.
857 2382 910 2423 ad
956 2384 1101 2424 Hero·

295 2440 387 2482 dot.
434 2440 489 2490 V,
531 2439 572 2481 2.
642 2439 746 2481 Mox
788 2440 842 2480 de
881 2440 1102 2493 δυςχεραί-

295 2512 384 2538 mv
414 2509 509 2538 cum
544 2503 733 2538 accusat.
778 2504 1029 2539 constructo
1062 2511 1101 2542 V.

296 2556 405 2597 infra
444 2569 484 2609 p.
522 2554 623 2598 366.
664 2556 715 2597 C.
762 2557 859 2599 con.
907 2556 1102 2598 Matth.

296 2613 374 2654 Gr.
408 2613 445 2666 ξ.
478 2611 578 2656 414.
611 2619 700 2654 not.
731 2613 802 2657 12.

357 2671 408 2712 C.
469 2668 595 2717 ὥςτε
636 2670 722 2710 καὶ
753 2670 1101 2724 θεοφιλέστε-

300 2743 394 2783 ρον
453 2726 623 2769 αὐτὸν
682 2728 828 2769 εἶναι
895 2729 1105 2783 μᾶλλον

301 2784 600 2840 προςήκειν
632 2786 706 2840 —]
744 2787 818 2827 ita
853 2792 906 2827 ut
938 2787 1102 2828 etiam

300 2851 740 2886 consentaneum
761 2845 835 2885 sit
855 2857 967 2885 eum
1000 2844 1105 2886 diis

302 2914 428 2942 esse
460 2904 624 2942 multo
662 2903 835 2956 magis
866 2902 1105 2944 amicum

301 2971 453 3011 quam
523 2961 695 3001 virum
767 2961 994 3012 iustum3
1066 2971 1106 2999 v.

303 3016 607 3060 Heindorf.
649 3017 703 3058 ad
744 3019 882 3069 Gorg.
929 3031 969 3071 p.
1004 3016 1105 3061 479.

306 3074 356 3117 Ε.
392 3073 579 3118 Mattb.
618 3077 697 3116 Gr.
734 3075 773 3127 ξ.
805 3076 892 3120 535
942 3098 994 3105 -
1056 3075 1107 3114 ἐκ

304 3135 403 3172 τῶν
451 3130 710 3182 εἰκότων,
775 3128 1105 3176 verisimili-

305 3194 412 3239 ter,
453 3192 504 3227 ut
537 3189 642 3230 infra
681 3204 720 3243 p.
751 3191 851 3234 365.
885 3192 944 3232 B:
985 3191 1107 3244 λέγοι

305 3243 390 3300 γὰρ
418 3241 471 3284 ἂν
502 3246 546 3284 ἔκ
580 3252 662 3287 τῶν
693 3248 882 3292 εἰκότων.
944 3247 1104 3289 Simili-

306 3308 374 3344 ter
412 3300 568 3351 dicitur
611 3306 654 3346 ἐκ
693 3309 776 3345 τῶν
820 3305 1007 3358 ὁμοίων,
1059 3306 1105 3346 ἐκ

306 3364 387 3402 τῶν
417 3359 632 3412 δυνατῶν,
668 3364 744 3414 al.;
786 3376 823 3402 v.
858 3363 1103 3413 Fischer.

1185 2209 1316 2260 οἴει,
1348 2208 1446 2260 ἔφη
1470 2205 1539 2259 -]
1572 2204 1665 2248 Noa
1686 2203 1891 2246 dicimus:
1927 2203 1993 2245 du

1185 2264 1411 2318 g'iaubst
1452 2262 1592 2304 doch
1641 2261 1787 2303 nicht
1839 2271 1993 2310 etwa,

1187 2337 1298 2376 quae
1330 2328 1399 2364 est
1432 2321 1620 2364 formula
1651 2321 1850 2373 negantis
1882 2318 1992 2370 ἠθι-

1188 2385 1282 2429 κῶς.
1338 2394 1377 2421 v.
1434 2379 1488 2420 ad
1550 2379 1754 2433 Sympos.
1800 2392 1840 2432 p.
1891 2377 1991 2421 194.

1187 2440 1238 2482 Β.
1275 2452 1330 2479 =
1361 2452 1402 2492 p.
1433 2436 1503 2481 84.

1244 2523 1431 2576 Λύτό,
1465 2518 1494 2577 ἧ
1526 2521 1564 2564 δ’
1611 2519 1693 2572 δ’ς,
1733 2517 1824 2560 οὐκ
1856 2521 1991 2575 εἴρη-

1188 2599 1304 2636 ται,
1339 2580 1364 2624 δ’
1395 2584 1463 2637 μ.]
1496 2582 1572 2623 Sic
1601 2577 1916 2632 m'tro'wsaepius
1939 2577 1995 2618 de

1190 2655 1263 2693 re,
1303 2655 1418 2694 quae
1461 2647 1506 2681 ut
1546 2639 1776 2692 praecipue
1820 2639 1995 2690 notetur

1189 2707 1233 2742 et
1265 2699 1633 2742 animadvertatur
1665 2695 1894 2748 plurimum
1925 2705 1994 2733 re-

1191 2758 1295 2799 fert:
1357 2758 1407 2799 id
1467 2757 1672 2810 ipsum,
1733 2751 1907 2804 grade
1958 2763 1992 2790 s.

1193 2817 1331 2857 eben
1375 2815 1492 2869 das3
1532 2826 1572 2855 v.
1613 2807 1800 2852 Matth.
1845 2808 1923 2856 Gr.
1956 2807 1994 2860 ξ.

1189 2873 1291 2925 469,
1322 2874 1391 2925 qui
1427 2874 1554 2913 etiam
1573 2867 1784 2910 aLatinis
1814 2866 1992 2918 ipsum

1194 2946 1272 2986 pro
1303 2931 1353 2971 id
1387 2932 1556 2983 ipsum
1588 2925 1786 2975 usurpari
1814 2922 1994 2964 demon-

1193 2991 1349 3030 stravit
1391 2987 1627 3028 miscellan.
1674 2980 1884 3033 philolog.
1929 2981 1992 3025 11.

1191 3048 1233 3091 1.
1266 3061 1305 3100 p.
1338 3046 1412 3089 96.
1455 3039 1677 3085 Charmid.
1710 3051 1752 3092 p.
1793 3039 1893 3082 166.
1935 3038 1993 3080 B:

1190 3103 1260 3144 ἐπ’
1324 3100 1432 3145 αὐτὸ
1488 3099 1602 3153 ἥκεις
1648 3098 1851 3150 ἐρευνῶν,
1904 3094 1993 3149 δ’τῳ

1191 3163 1400 3214 διαφέρει.
1433 3158 1582 3213 Lysid.
1621 3169 1663 3209 p.
1684 3153 1783 3197 204.
1811 3155 1881 3197 A:
1913 3153 1993 3193 αὖ·

1191 3224 1271 3260 τοῦ
1305 3222 1474 3272 πρῶτον
1506 3213 1636 3269 ἡδέως
1659 3209 1891 3266 ἀκούσαιμ’
1925 3210 1992 3256 ἄν,

1247 3301 1482 3358 ἀδελφὸς
1539 3298 1706 3353 ἀνδρὶ
1764 3299 1990 3353 παρείη]

1191 3361 1475 3416 ”Frater
1537 3358 1719 3403 adsit
1781 3356 1990 3397 viro!‘⁴
