2124 3744
296 175 400 226 430

915 179 1396 238 PLATONIS

216 338 263 390 Β
303 316 373 390 ἦν
420 323 478 382 S„
510 320 637 392 ἐγώ,
677 322 929 379 Ἀλκίνου
971 348 1039 394 γε
1060 325 1362 398 ,ἀπόλογον
1397 331 1540 398 ὁρῶ,
1581 330 1710 386 ἀλλ’
1758 333 1994 406 ἀλκίμου

297 411 398 477 μὲν
444 403 665 477 ἀνδρός,
708 405 894 479 Ἠρὸς,
925 413 1027 467 τοῦ
1068 411 1391 482 Ἀρμενίου,
1438 411 1500 467 τὸ
1547 420 1702 483 γένος
1743 419 1994 494 Παμφύ-

300 496 437 548 λου·
495 489 559 556 ὅς
615 513 750 547 ποτε
794 498 1116 565 ἂνπολέμῳ
1162 497 1518 563 τελευτήσας,
1572 498 1994 573 ἀναιρεθέντων

298 756 478 786 monere
506 744 749 785 consultum
776 743 961 785 videtur.
996 743 1103 788 Ete-

297 803 382 843 nim
423 801 605 854 primum
652 799 825 854 Quidem
859 803 988 843 alicui
1022 804 1102 843 mi-

297 860 430 901 rabile
462 859 672 911 videatur,
703 859 818 912 quod
849 859 889 900 in
911 859 993 901 hoc
1010 872 1104 915 my-

297 918 370 958 tho
406 917 464 958 Er
503 917 674 969 quidam
716 919 936 959 Armenius
980 919 1103 971 fingi-

294 982 366 1016 tur
396 976 448 1027 is,
480 976 549 1026 qui
583 989 636 1016 ex
668 975 849 1015 mortuis
885 975 1103 1017 redivivus

294 1033 433 1074 factus
467 1046 609 1075 rerum
640 1033 879 1075 futurarum
907 1034 1100 1075 notitiam

291 1091 335 1131 in'
379 1091 486 1132 hanc
525 1091 656 1131 vitam
700 1090 926 1143 pertulerit
964 1091 1099 1132 adeo-

294 1161 378 1201 que
413 1148 712 1198 Arrhidaeum,
751 1150 938 1202 priscum
972 1150 1099 1191 Pam-

293 1205 464 1262 phyliae
482 1213 725 1261 tyrannum,
754 1206 965 1248 dirissima
992 1220 1098 1260 sup-

294 1265 420 1317 plicia
452 1265 764 1318 perpetientem
805 1265 1098 1317 conspexerit.

294 1324 489 1364 At‘enim
501 1321 795 1363 verovidetur
824 1322 898 1363 ille
929 1322 983 1363 ad
1007 1333 1098 1363 rem

293 1375 567 1433 praesentem
606 1378 706 1420 ideo
738 1389 837 1420 esse
867 1379 1100 1431 adhibitus,

292 1439 393 1491 quia
431 1437 544 1492 apud
583 1438 773 1490 populos
813 1437 989 1478 orientis
1028 1437 1099 1478 fa-

293 1497 421 1537 bulae
469 1496 525 1537 de
574 1494 822 1536 >hominibus
879 1493 1100 1535 defunctis

292 1548 544 1595 rursusin³
577 1553 704 1594 vitam
753 1553 967 1594 revocatis
1009 1565 1099 1593 non

293 1618 418 1656 erant
462 1604 708 1652 inusitatae.
779 1610 852 1652 De
899 1610 1101 1655 redivivis

293 1670 533 1713 hominibus
569 1668 772 1721 exposuit
802 1671 958 1710 Alex.
992 1668 1098 1709 Μο-

291 1735 383 1771 rus
414 1728 536 1770 Nott.
557 1727 611 1767 ad
627 1726 840 1778 quaedam
868 1728 960 1768 loca
981 1726 1098 1767 Novi

290 1785 503 1829 Foederis
542 1785 596 1825 ad
627 1785 783 1825 Joann.
816 1785 892 1826 Xl.
923 1784 995 1828 39.
1025 1784 1099 1825 ubi

291 1844 363 1886 ille
382 1849 547 1897 partem
563 1842 874 1883 Commentarii
891 1855 914 1883 a
937 1843 1097 1883 Proclo

292 1904 333 1944 in
376 1901 877 1951 Potit.1x.·comp0siti
918 1902 1095 1952 evulga-

290 1962 380 2012 vit3
410 1961 511 2000 Act.
546 1960 705 2021 Apost.
737 1958 836 2000 XX.
866 1959 936 2002 10.
959 1958 1096 2011 Epist.

291 2019 346 2059 ad
377 2019 505 2059 Rom.
542 2017 612 2057 Vl.
641 2014 694 2058 4:
724 2016 777 2057 ad
811 2016 998 2068 Philipp.
1031 2016 1094 2056 ΙΙ.

290 2077 332 2119 3.
359 2082 412 2117 et
442 2075 580 2116 Hebr.
613 2073 759 2117 XM:
794 2075 975 2115 Accedit
1010 2075 1097 2116 huc

290 2134 408 2187 quod
425 2131 708 2185 philosophus
722 2134 808 2173 isto
822 2131 953 2173 modo
971 2131 1095 2172 simul

290 2192 572 2246 significavit,
599 2189 747 2230 iudicii
774 2195 879 2243 post
910 2197 1094 2231 mortem

290 2249 521 2302 aliqua-ndo
551 2245 758 2288 instantis*
782 2249 974 2289 rationes
1007 2253 1094 2288 tam

291 2310 376 2349 late
408 2312 570 2361 patere,
602 2310 650 2345 ut
679 2305 732 2345 ad
766 2317 916 2346 omnes
946 2311 1097 2357 gentes

290 2371 420 2418 atque
449 2364 647 2404 nationes
681 2364 907 2414 pertineat.
943 2364 1097 2415 ltaque

287 2423 404 2464 istud
452 2421 627 2475 quidem
672 2421 925 2475 figmentum
973 2421 1095 2461 dubi-

287 2481 488 2522 tarinon·
519 2482 668 2531 potest
706 2480 808 2531 quin
853 2479 987 2519 totius
1019 2478 1095 2519 hu-

286 2540 361 2580 ius
389 2537 695 2590 disputationis
727 2538 918 2579 consiliis
948 2538 1096 2588 utique

288 2598 354 2637 sit*
389 2594 906 2637 accommodatissimum.
977 2596 1096 2635 Alte-

287 2664 395 2705 rum,
428 2653 482 2694 de
510 2652 790 2704 quo⁴'aliquid
830 2651 1093 2693 monendum

287 2712 484 2762 videtur,
523 2710 711 2763 pertinet
748 2709 801 2751 ad
835 2709 1096 2762 descriptio-

287 2783 389 2811 nem
428 2762 746 2809 totius-seiam
790 2768 1097 2819 universitatis,

288 2840 418 2881 quam
452 2825 734 2879 philosophus
759 2826 808 2867 in
835 2824 918 2867 >hac
949 2826 1095 2878 operis

287 2891 410 2939 parte
442 2885 549 2924 satis
579 2884 766 2936 copioso·
785 2895 988 2925 sermone
1018 2895 1095 2924 ex-

220 2937 224 2943 ’
286 2945 441 2984 hibuit.
473 2941 605 2990 Quod
623 2952 715 2981 ⁴cur·
736 2942 793 2982 ita
818 2941 990 2991 fecerit,
1016 2953 1093 2981 no-

287 3002 352 3041 bis
366 2999 541 3053 quidem
568 3011 652 3039 non
671 2999 843 3040 videtur
863 2998 978 3039 adeo
994 3011 1095 3040 esse

287 3060 536 3100 obscurum.
569 3057 950 3099 Quemadmodum
979 3057 1091 3098 enim

286 3118 326 3156 in
363 3115 564 3156 Phaedro
597 3115 787 3156 universi
820 3114 963 3155 mundi
983 3115 1092 3155 ima-

285 3174 383 3226 gine
425 3172 649 3225 proposita
682 3173 856 3224 poetice
896 3171 1092 3225 declara—

285 3231 364 3281 vit,
394 3230 494 3282 quid
515 3232 572 3271 sit
590 3229 716 3270 deum
736 3228 856 3282 sequi
879 3235 1009 3281 atque
1027 3229 1091 3270 di-

283 3288 380 3327 vina
414 3286 635 3339 sequendo
675 3299 816 3328 rerum
850 3287 1088 3327 divinarum

283 3344 461 3396 adipisci
493 3345 813 3396 cognitionem3=
840 3346 898 3386 ita
929 3345 979 3385 in·
998 3343 1091 3386 Re-

285 3402 458 3457 publica
499 3412 671 3442 omnem
720 3415 866 3444 rerum
891 3406 893 3409 “
920 3402 1089 3443 univer-

281 3462 454 3502 sitatem
484 3457 677 3501 ostendit
710 3458 946 3502 clarissime
970 3459 1091 3511 loqui

1188 746 1376 790 divinam
1423 749 1646 804 iustitiam,
1686 766 1770 807 qua
1802 760 1992 798 aeternis

1185 805 1356 857 legibus
1395 806 1452 848 ita
1495 809 1553 849 sit
1592 813 1901 866 constitutum,
1943 819 1992 856 ut

1185 863 1331 904 virtuti
1363 870 1406 905 et
1436 866 1672 918 sapientiae
1717 882 1824 911 suus
1854 871 1990 914 bonos

1185 926 1373 970 constet,
1407 922 1642 966 iniustitiae
1670 934 1812 970 autem
1846 939 1889 971 et
1924 937 1992 972 te-

1186 979 1372 1020 meritati
1412 993 1532 1023 suum
1578 983 1768 1026 dedecus
1812 993 1856 1028 et
1886 1001 1990 1041 sup-

1186 1036 1357 1088 plicium
1391 1038 1622 1082 immineat.
1683 1043 1843 1096 Itaque
1873 1045 1990 1097 quod

1186 1093 1242 1134 de
1273 1095 1359 1135 vita
1391 1094 1606 1139 hominum
1639 1102 1836 1143 terrestri
1865 1109 1992 1144 autea

1185 1152 1409 1193 subtilibus
1434 1158 1697 1207 argumentis
1720 1159 1991 1201 demonstra-

1185 1210 1259 1259 vit,
1292 1210 1332 1249 id
1367 1224 1478 1251 nunc
1508 1215 1699 1256 ostendit
1727 1217 1780 1257 ad
1820 1230 1990 1260 omnem

1184 1267 1387 1308 mundum
1426 1272 1663 1324 pertinere,
1702 1279 1857 1328 utpote
1897 1276 1989 1316 infi-

1183 1326 1302 1366 nitae
1333 1327 1522 1368 iustitiae
1559 1329 1728 1373 divinae
1761 1332 1888 1384 plane
1917 1346 1988 1374 re-

1184 1383 1486 1434 spondentem.
1547 1385 1593 1426 ln
1624 1401 1711 1440 quo
1743 1390 1990 1442 prudentis-

1185 1442 1297 1481 simo
1341 1442 1524 1482 consilio
1573 1444 1629 1485 ita
1669 1453 1862 1489 versatus
1905 1453 1988 1499 est,

1184 1503 1232 1538 ut
1259 1510 1399 1539 rerum
1433 1499 1755 1544 universitatem
1773 1535 1785 1554 ,
1815 1506 1987 1558 qualem

1184 1556 1416 1598 secundum
1483 1558 1814 1612 Pythagoreos·
1845 1564 1988 1605 animo

1182 1613 1519 1664 informaverat,
1547 1616 1811 1670 *depinxerit
1848 1633 1990 1674 eoque

1184 1671 1318 1712 modo
1340 1700 1341 1703 η
1361 1684 1480 1712 suam
1512 1673 1567 1714 de
1606 1676 1678 1716 illa
1703 1680 1986 1731 sententiam,

1185 1729 1315 1770 etiam
1336 1729 1375 1770 in
1398 1729 1594 1773 Phaedro
1615 1740 1659 1775 et
1677 1733 1859 1777 Timaeo
1886 1749 1988 1790 pro-

1184 1788 1397 1840 positam,
1447 1788 1503 1829 ita
1543 1792 1681 1843 palam
1720 1792 1895 1846 fecerit,
1941 1801 1989 1835 ut

1183 1846 1466 1898 paucissima,
1504 1848 1716 1901 imprimis
1760 1852 1868 1892 lucis
1911 1864 1989 1893 co·
2026 1863 2028 1866 ·

1183 1905 1385 1954 lumnam,
1420 1915 1547 1956 quiam
1581 1907 1700 1947 tinxit
1723 1912 1860 1950 totum
1882 1922 1986 1950 coe·-

1180 1961 1264 2001 lum
1288 1967 1601 2014 permeantem,
1624 1967 1855 2018 ›praesenti
1883 1979 1987 2020 pro-

1182 2020 1328 2071 posito
1356 2021 1775 2068 accommodaverit,
1808 2023 1985 2078 ›Super-

1181 2081 1249 2116 est
1284 2078 1456 2118 tertium
1500 2078 1554 2119 de
1591 2091 1677 2131 quo
1715 2082 1878 2132 aliquid
1920 2081 1984 2122 di-

1181 2134 1363 2174 cendum
1398 2136 1470 2175 sit.
1499 2137 1726 2179 Quaerere
1743 2140 1855 2180 enim
1890 2139 1987 2180 lice·

1181 2191 1265 2246 bit,
1299 2192 1398 2243 quid
1431 2199 1724 2246 (intantumque
1742 2197 1828 2244 sit,
1867 2197 1984 2249 quod

1186 2249 1312 2290 Plato
1344 2250 1385 2290 in
1417 2251 1485 2301 iis,
1517 2263 1627 2304 quae
1650 2253 1704 2292 ad
1727 2259 1884 2295 statum
1918 2254 1986 2294 fu-

1181 2311 1304 2347 turae
1336 2309 1576 2350 animorum
1612 2311 1730 2351 vitae
1752 2317 1885 2364 atque
1916 2317 1986 2353 to-

1180 2365 1427 2406 tiusmuudi
1451 2367 1766 2420 depingendum
1792 2374 1835 2410 et
1856 2382 1986 2410 exor-

1180 2423 1363 2463 nandum
1397 2424 1610 2476 adhibuit,
1640 2438 1851 2478 prover-o
1883 2439 1986 2480 pro-

1180 2480 1364 2521 baverit.
1422 2482 1486 2522 De
1519 2493 1602 2535 qua
1643 2496 1690 2524 re.
1725 2485 1783 2525 ita
1816 2484 1987 2526 videtur

1179 2539 1507 2580 existimandum
1525 2553 1638 2582 esse.
1669 2542 1852 2583 Primum
1869 2544 1982 2584 enim

1182 2598 1276 2636 sine
1307 2596 1443 2637 dubio-
1471 2610 1556 2638 non
1597 2610 1736 2651 pauca
1777 2601 1881 2641 meri
1914 2614 1985 2641 or-

1181 2659 1306 2694 natus
1335 2655 1477 2707 gratia
1516 2655 1710 2697 adhibuit
1748 2662 1877 2710 atque
1914 2671 1984 2700 ar·

1181 2709 1310 2752 bitrio
1343 2725 1423 2753 suo
1455 2714 1683 2762 confinxit,
1722 2720 1770 2756 ut
1807 2715 1982 2757 dubium

1183 2781 1283 2810 esse
1312 2780 1397 2810 non
1430 2773 1594 2824 possit,
1630 2774 1733 2824 quin
1764 2773 1816 2813 iis
1845 2775 1984 2826 poeti-

1182 2840 1260 2867 cae
1291 2831 1458 2869 tantum
1481 2828 1700 2881 dignitatis
1729 2830 1889 2882 aliquid
1909 2831 1982 2871 tri-

1180 2884 1336 2925 buerit.
1397 2886 1568 2927 Deinde
1607 2900 1718 2939 quae
1751 2886 1805 2928 de
1836 2888 1983 2929 mundi

1180 2947 1414 2993 structura,
1446 2943 1501 2984 de
1538 2944 1659 2986 fatali
1688 2947 1793 2996 lege
1815 2945 1984 2987 divinae

1179 2999 1322 3040 mundi
1340 3001 1695 3052 gubernationis,
1731 3002 1786 3041 de
1813 3006 1983 3044 animo-¹

1178 3069 1283 3098 rumv
1321 3058 1403 3099 vita
1455 3065 1587 3110 atque
1637 3060 1978 3112 migrationibus,
2038 3102 2042 3106 ,

1177 3114 1378 3166 tradidit,
1424 3129 1473 3156 ea
1508 3128 1590 3156 nou
1623 3122 1713 3156 tam
1742 3131 1821 3170 pro
1852 3122 1982 3171 veris,

1177 3185 1309 3224 quam
1348 3185 1426 3226 pro
1464 3170 1765 3216 verisimilibus
1810 3176 1981 3218 videtur

1176 3229 1393 3280 habuisse,
1411 3234 1461 3271 ut-
1474 3228 1527 3282 τῇ
1542 3227 1650 3282 δόξῃ
1663 3234 1979 3276 convenientia.

1178 3287 1259 3328 His
1281 3289 1416 3340 ³igitur
1451 3291 1784 3331 accommodate
1818 3291 1979 3333 effinxit

1177 3345 1662 3398 d'esci‘iptiouem,q11ani
1678 3348 1879 3401 exhihuit,
1894 3362 1977 3390 non

1176 3415 1263 3454 quo
1285 3407 1346 3444 ea
1376 3415 1454 3455 pro
1487 3404 1619 3445 certis
1650 3405 1864 3458 habuerit,
1900 3408 1978 3448 sed

1177 3459 1292 3512 quod
1331 3472 1381 3501 ea
1419 3473 1442 3501 a
1485 3462 1858 3506 verisimilitudine
1895 3477 1978 3505 non
