<?xml version="1.0" encoding="UTF-8"?>
<!DOCTYPE html PUBLIC "-//W3C//DTD XHTML 1.0 Transitional//EN"
    "http://www.w3.org/TR/xhtml1/DTD/xhtml1-transitional.dtd">
<html xmlns="http://www.w3.org/1999/xhtml" xml:lang="en" lang="en">
 <head>
  <title>
</title>
<meta http-equiv="Content-Type" content="text/html;charset=utf-8" />
  <meta name='ocr-system' content='tesseract 3.04.00' />
  <meta name='ocr-capabilities' content='ocr_page ocr_carea ocr_par ocr_line ocrx_word'/>
</head>
<body>
  <div class='ocr_page' id='page_1' title='image "./operaomniarecens03platuoft/operaomniarecens03platuoft_0033.png"; bbox 0 0 2106 3594; ppageno 0'>
   <div class='ocr_carea' id='block_1_1' title="bbox 0 0 69 3594">
    <p class='ocr_par' dir='ltr' id='par_1_1' title="bbox 0 0 69 3594">
     <span class='ocr_line' id='line_1_1' title="bbox 0 0 69 3594; baseline 0 0"><span class='ocrx_word' id='word_1_1' title='bbox 0 0 69 3594; x_wconf 95' lang='lat' dir='ltr'> </span> 
     </span>
    </p>
   </div>
   <div class='ocr_carea' id='block_1_2' title="bbox 1632 137 1871 207">
    <p class='ocr_par' dir='ltr' id='par_1_2' title="bbox 1632 137 1871 207">
     <span class='ocr_line' id='line_1_2' title="bbox 1632 137 1871 207; baseline -0.013 -12"><span class='ocrx_word' id='word_1_2' title='bbox 1632 137 1871 207; x_wconf 73' lang='lat' dir='ltr'>xxvn</span> 
     </span>
    </p>
   </div>
   <div class='ocr_carea' id='block_1_3' title="bbox 164 283 1876 1008">
    <p class='ocr_par' dir='ltr' id='par_1_3' title="bbox 164 283 1876 1008">
     <span class='ocr_line' id='line_1_3' title="bbox 166 283 1869 363; baseline -0.007 -17"><span class='ocrx_word' id='word_1_3' title='bbox 166 291 594 363; x_wconf 76' lang='lat' dir='ltr'>rempublicam,</span> <span class='ocrx_word' id='word_1_4' title='bbox 637 288 812 359; x_wconf 86' lang='lat' dir='ltr'>qualis</span> <span class='ocrx_word' id='word_1_5' title='bbox 852 287 910 343; x_wconf 89' lang='lat' dir='ltr'>in</span> <span class='ocrx_word' id='word_1_6' title='bbox 945 287 1032 342; x_wconf 88' lang='lat' dir='ltr'>his</span> <span class='ocrx_word' id='word_1_7' title='bbox 1070 286 1416 342; x_wconf 81' lang='lat' dir='ltr'>sermonibus</span> <span class='ocrx_word' id='word_1_8' title='bbox 1451 283 1732 354; x_wconf 84' lang='lat' dir='ltr'>descripta</span> <span class='ocrx_word' id='word_1_9' title='bbox 1767 289 1869 349; x_wconf 88' lang='lat' dir='ltr'>est,</span> 
     </span>
     <span class='ocr_line' id='line_1_4' title="bbox 168 353 1872 418; baseline -0.008 0"><span class='ocrx_word' id='word_1_10' title='bbox 168 371 316 418; x_wconf 86' lang='lat' dir='ltr'>recte</span> <span class='ocrx_word' id='word_1_11' title='bbox 351 360 719 416; x_wconf 85' lang='lat' dir='ltr'>iudicandam.</span> <span class='ocrx_word' id='word_1_12' title='bbox 792 359 920 414; x_wconf 89' lang='lat' dir='ltr'>Hoc</span> <span class='ocrx_word' id='word_1_13' title='bbox 957 359 1100 412; x_wconf 88' lang='lat' dir='ltr'>enim</span> <span class='ocrx_word' id='word_1_14' title='bbox 1133 365 1387 413; x_wconf 87' lang='lat' dir='ltr'>tenentes</span> <span class='ocrx_word' id='word_1_15' title='bbox 1421 355 1634 410; x_wconf 75' lang='lat' dir='ltr'>facilius</span> <span class='ocrx_word' id='word_1_16' title='bbox 1669 353 1872 407; x_wconf 90' lang='lat' dir='ltr'>intelli.-</span> 
     </span>
     <span class='ocr_line' id='line_1_5' title="bbox 166 423 1873 509; baseline -0.008 -19"><span class='ocrx_word' id='word_1_17' title='bbox 166 454 379 509; x_wconf 80' lang='lat' dir='ltr'>gemuS,</span> <span class='ocrx_word' id='word_1_18' title='bbox 416 453 516 487; x_wconf 87' lang='lat' dir='ltr'>cur</span> <span class='ocrx_word' id='word_1_19' title='bbox 550 430 914 504; x_wconf 87' lang='lat' dir='ltr'>philosophus</span> <span class='ocrx_word' id='word_1_20' title='bbox 959 438 1253 502; x_wconf 54' lang='lat' dir='ltr'>tantopere¹</span> <span class='ocrx_word' id='word_1_21' title='bbox 1283 448 1316 483; x_wconf 85' lang='lat' dir='ltr'>a</span> <span class='ocrx_word' id='word_1_22' title='bbox 1350 427 1669 500; x_wconf 83' lang='lat' dir='ltr'>vulgaribus</span> <span class='ocrx_word' id='word_1_23' title='bbox 1708 423 1778 479; x_wconf 89' lang='lat' dir='ltr'>de</span> <span class='ocrx_word' id='word_1_24' title='bbox 1814 443 1873 477; x_wconf 88' lang='lat' dir='ltr'>re</span> 
     </span>
     <span class='ocr_line' id='line_1_6' title="bbox 164 496 1875 575; baseline -0.007 -14"><span class='ocrx_word' id='word_1_25' title='bbox 164 507 312 561; x_wconf 76' lang='lat' dir='ltr'>civili</span> <span class='ocrx_word' id='word_1_26' title='bbox 365 505 716 575; x_wconf 83' lang='lat' dir='ltr'>opinionibus</span> <span class='ocrx_word' id='word_1_27' title='bbox 751 503 1057 571; x_wconf 79' lang='lat' dir='ltr'>recesserit,</span> <span class='ocrx_word' id='word_1_28' title='bbox 1096 521 1276 572; x_wconf 89' lang='lat' dir='ltr'>neque</span> <span class='ocrx_word' id='word_1_29' title='bbox 1313 496 1875 555; x_wconf 85' lang='lat' dir='ltr'>celebratissima-illa</span> 
     </span>
     <span class='ocr_line' id='line_1_7' title="bbox 165 567 1874 647; baseline -0.006 -16"><span class='ocrx_word' id='word_1_30' title='bbox 165 576 457 647; x_wconf 72' lang='grc' dir='ltr'><em>παράδοξα</em></span> <span class='ocrx_word' id='word_1_31' title='bbox 512 575 676 628; x_wconf 89' lang='lat' dir='ltr'>edere</span> <span class='ocrx_word' id='word_1_32' title='bbox 726 574 1077 628; x_wconf 87' lang='lat' dir='ltr'>dubitaverit.</span> <span class='ocrx_word' id='word_1_33' title='bbox 1154 573 1482 642; x_wconf 82' lang='lat' dir='ltr'>Quanquam</span> <span class='ocrx_word' id='word_1_34' title='bbox 1524 567 1874 624; x_wconf 84' lang='lat' dir='ltr'>diffitendum</span> 
     </span>
     <span class='ocr_line' id='line_1_8' title="bbox 165 640 1874 718; baseline -0.006 -15"><span class='ocrx_word' id='word_1_35' title='bbox 165 669 276 703; x_wconf 89' lang='lat' dir='ltr'>non</span> <span class='ocrx_word' id='word_1_36' title='bbox 309 655 426 717; x_wconf 91' lang='lat' dir='ltr'>est,</span> <span class='ocrx_word' id='word_1_37' title='bbox 478 646 538 700; x_wconf 86' lang='lat' dir='ltr'>id</span> <span class='ocrx_word' id='word_1_38' title='bbox 585 646 732 718; x_wconf 90' lang='lat' dir='ltr'>quod</span> <span class='ocrx_word' id='word_1_39' title='bbox 769 646 931 699; x_wconf 89' lang='lat' dir='ltr'>etiam</span> <span class='ocrx_word' id='word_1_40' title='bbox 970 643 1625 700; x_wconf 87' lang='lat' dir='ltr'>Schleiermachero</span> <span class='ocrx_word' id='word_1_41' title='bbox 1676 642 1754 694; x_wconf 87' lang='lat' dir='ltr'>ita</span> <span class='ocrx_word' id='word_1_42' title='bbox 1790 640 1874 693; x_wconf 88' lang='lat' dir='ltr'>vi-</span> 
     </span>
     <span class='ocr_line' id='line_1_9' title="bbox 166 711 1873 788; baseline -0.006 -14"><span class='ocrx_word' id='word_1_43' title='bbox 166 740 288 774; x_wconf 89' lang='lat' dir='ltr'>sum</span> <span class='ocrx_word' id='word_1_44' title='bbox 325 728 427 788; x_wconf 84' lang='lat' dir='ltr'>est,</span> <span class='ocrx_word' id='word_1_45' title='bbox 467 738 590 772; x_wconf 91' lang='lat' dir='ltr'>eum</span> <span class='ocrx_word' id='word_1_46' title='bbox 623 717 856 772; x_wconf 88' lang='lat' dir='ltr'>subinde</span> <span class='ocrx_word' id='word_1_47' title='bbox 895 717 1062 771; x_wconf 89' lang='lat' dir='ltr'>nimio</span> <span class='ocrx_word' id='word_1_48' title='bbox 1111 718 1227 770; x_wconf 71' lang='lat' dir='ltr'>iere</span> <span class='ocrx_word' id='word_1_49' title='bbox 1277 713 1647 770; x_wconf 79' lang='lat' dir='ltr'>similitudinis</span> <span class='ocrx_word' id='word_1_50' title='bbox 1687 711 1873 766; x_wconf 91' lang='lat' dir='ltr'>studio</span> 
     </span>
     <span class='ocr_line' id='line_1_10' title="bbox 166 786 1875 863; baseline -0.005 -18"><span class='ocrx_word' id='word_1_51' title='bbox 166 794 453 863; x_wconf 85' lang='lat' dir='ltr'>abreptum</span> <span class='ocrx_word' id='word_1_52' title='bbox 510 791 671 843; x_wconf 88' lang='lat' dir='ltr'>etiam</span> <span class='ocrx_word' id='word_1_53' title='bbox 709 790 842 842; x_wconf 88' lang='lat' dir='ltr'>talia</span> <span class='ocrx_word' id='word_1_54' title='bbox 878 790 1262 860; x_wconf 78' lang='lat' dir='ltr'>proposuisse,</span> <span class='ocrx_word' id='word_1_55' title='bbox 1312 806 1454 858; x_wconf 86' lang='lat' dir='ltr'>quae</span> <span class='ocrx_word' id='word_1_56' title='bbox 1491 786 1586 839; x_wconf 80' lang='lat' dir='ltr'>vix</span> <span class='ocrx_word' id='word_1_57' title='bbox 1623 802 1875 855; x_wconf 89' lang='lat' dir='ltr'>compro-</span> 
     </span>
     <span class='ocr_line' id='line_1_11' title="bbox 169 857 1872 932; baseline -0.006 -15"><span class='ocrx_word' id='word_1_58' title='bbox 169 863 386 919; x_wconf 83' lang='lat' dir='ltr'>baveris</span> <span class='ocrx_word' id='word_1_59' title='bbox 421 863 493 932; x_wconf 83' lang='grc'>*&gt;.</span> <span class='ocrx_word' id='word_1_60' title='bbox 569 861 683 917; x_wconf 87' lang='lat' dir='ltr'>Sed</span> <span class='ocrx_word' id='word_1_61' title='bbox 719 861 805 914; x_wconf 90' lang='lat' dir='ltr'>his</span> <span class='ocrx_word' id='word_1_62' title='bbox 844 880 992 914; x_wconf 89' lang='lat' dir='ltr'>nunc</span> <span class='ocrx_word' id='word_1_63' title='bbox 1038 860 1222 914; x_wconf 88' lang='lat' dir='ltr'>missis</span> <span class='ocrx_word' id='word_1_64' title='bbox 1260 876 1659 932; x_wconf 82' lang='lat' dir='ltr'>cognoscamus</span> <span class='ocrx_word' id='word_1_65' title='bbox 1697 857 1872 927; x_wconf 85' lang='lat' dir='ltr'>ipsam</span> 
     </span>
     <span class='ocr_line' id='line_1_12' title="bbox 167 932 1876 1008; baseline -0.006 -19"><span class='ocrx_word' id='word_1_66' title='bbox 167 937 443 1008; x_wconf 82' lang='lat' dir='ltr'>perfectae</span> <span class='ocrx_word' id='word_1_67' title='bbox 492 933 828 1005; x_wconf 89' lang='lat' dir='ltr'>reipublicae</span> <span class='ocrx_word' id='word_1_68' title='bbox 877 933 1113 1004; x_wconf 89' lang='lat' dir='ltr'>speciem</span> <span class='ocrx_word' id='word_1_69' title='bbox 1168 941 1334 1002; x_wconf 84' lang='lat' dir='ltr'>atque</span> <span class='ocrx_word' id='word_1_70' title='bbox 1387 932 1654 998; x_wconf 75' lang='lat' dir='ltr'>formam,</span> <span class='ocrx_word' id='word_1_71' title='bbox 1711 946 1876 997; x_wconf 86' lang='lat' dir='ltr'>quam</span> 
     </span>
    </p>
   </div>
   <div class='ocr_carea' id='block_1_4' title="bbox 166 1005 928 1079">
    <p class='ocr_par' dir='ltr' id='par_1_4' title="bbox 166 1005 928 1079">
     <span class='ocr_line' id='line_1_13' title="bbox 166 1005 928 1079; baseline -0.005 -18"><span class='ocrx_word' id='word_1_72' title='bbox 166 1006 528 1079; x_wconf 85' lang='lat' dir='ltr'>philosophus</span> <span class='ocrx_word' id='word_1_73' title='bbox 565 1005 928 1059; x_wconf 76' lang='lat' dir='ltr'>adumbravit.</span> 
     </span>
    </p>
   </div>
   <div class='ocr_carea' id='block_1_5' title="bbox 165 1111 1889 2824">
    <p class='ocr_par' dir='ltr' id='par_1_5' title="bbox 165 1111 1884 2197">
     <span class='ocr_line' id='line_1_14' title="bbox 307 1111 1878 1192; baseline -0.006 -18"><span class='ocrx_word' id='word_1_74' title='bbox 307 1120 614 1191; x_wconf 85' lang='lat' dir='ltr'>Postquam</span> <span class='ocrx_word' id='word_1_75' title='bbox 667 1119 835 1192; x_wconf 85' lang='lat' dir='ltr'>igitur</span> <span class='ocrx_word' id='word_1_76' title='bbox 884 1117 1176 1191; x_wconf 78' lang='lat' dir='ltr'>descripsit</span> <span class='ocrx_word' id='word_1_77' title='bbox 1223 1115 1397 1175; x_wconf 58' lang='lat' dir='ltr'>civilis</span> <span class='ocrx_word' id='word_1_78' title='bbox 1447 1112 1729 1172; x_wconf 85' lang='lat' dir='ltr'>societatis</span> <span class='ocrx_word' id='word_1_79' title='bbox 1770 1111 1878 1166; x_wconf 90' lang='lat' dir='ltr'>ori-</span> 
     </span>
     <span class='ocr_line' id='line_1_15' title="bbox 167 1182 1878 1266; baseline -0.006 -20"><span class='ocrx_word' id='word_1_80' title='bbox 167 1193 369 1266; x_wconf 87' lang='lat' dir='ltr'>ginem,</span> <span class='ocrx_word' id='word_1_81' title='bbox 407 1190 580 1264; x_wconf 84' lang='lat' dir='ltr'>ipsius</span> <span class='ocrx_word' id='word_1_82' title='bbox 618 1201 846 1264; x_wconf 80' lang='lat' dir='ltr'>naturae</span> <span class='ocrx_word' id='word_1_83' title='bbox 884 1189 987 1245; x_wconf 89' lang='lat' dir='ltr'>hac</span> <span class='ocrx_word' id='word_1_84' title='bbox 1024 1189 1080 1244; x_wconf 90' lang='lat' dir='ltr'>in</span> <span class='ocrx_word' id='word_1_85' title='bbox 1120 1211 1180 1246; x_wconf 91' lang='lat' dir='ltr'>re</span> <span class='ocrx_word' id='word_1_86' title='bbox 1210 1191 1407 1264; x_wconf 14' lang='lat' dir='ltr'>*legens</span> <span class='ocrx_word' id='word_1_87' title='bbox 1443 1186 1695 1259; x_wconf 85' lang='lat' dir='ltr'>vestigia,</span> <span class='ocrx_word' id='word_1_88' title='bbox 1736 1182 1878 1255; x_wconf 86' lang='lat' dir='ltr'>quae</span> 
     </span>
     <span class='ocr_line' id='line_1_16' title="bbox 169 1255 1880 1335; baseline -0.005 -17"><span class='ocrx_word' id='word_1_89' title='bbox 169 1264 438 1335; x_wconf 87' lang='lat' dir='ltr'>nemiuem</span> <span class='ocrx_word' id='word_1_90' title='bbox 475 1273 644 1316; x_wconf 82' lang='lat' dir='ltr'>unum</span> <span class='ocrx_word' id='word_1_91' title='bbox 682 1262 1042 1317; x_wconf 85' lang='lat' dir='ltr'>sufficientem</span> <span class='ocrx_word' id='word_1_92' title='bbox 1082 1263 1185 1318; x_wconf 89' lang='lat' dir='ltr'>sibi</span> <span class='ocrx_word' id='word_1_93' title='bbox 1224 1263 1356 1317; x_wconf 86' lang='lat' dir='ltr'>fecit</span> <span class='ocrx_word' id='word_1_94' title='bbox 1380 1261 1496 1332; x_wconf 85' lang='lat'><strong>**);</strong></span> <span class='ocrx_word' id='word_1_95' title='bbox 1534 1258 1764 1313; x_wconf 87' lang='lat' dir='ltr'>totidem</span> <span class='ocrx_word' id='word_1_96' title='bbox 1796 1255 1880 1320; x_wconf 79' lang='lat' dir='ltr'>&#39;ci-</span> 
     </span>
     <span class='ocr_line' id='line_1_17' title="bbox 169 1327 1882 1406; baseline -0.006 -16"><span class='ocrx_word' id='word_1_97' title='bbox 169 1337 320 1390; x_wconf 84' lang='lat' dir='ltr'>vium</span> <span class='ocrx_word' id='word_1_98' title='bbox 354 1335 413 1389; x_wconf 86' lang='lat' dir='ltr'>in</span> <span class='ocrx_word' id='word_1_99' title='bbox 451 1334 738 1406; x_wconf 83' lang='lat' dir='ltr'>republica</span> <span class='ocrx_word' id='word_1_100' title='bbox 775 1333 996 1402; x_wconf 85' lang='lat' dir='ltr'>ordines</span> <span class='ocrx_word' id='word_1_101' title='bbox 1033 1335 1339 1404; x_wconf 86' lang='lat' dir='ltr'>constituit,</span> <span class='ocrx_word' id='word_1_102' title='bbox 1417 1340 1516 1387; x_wconf 90' lang='lat' dir='ltr'>uot</span> <span class='ocrx_word' id='word_1_103' title='bbox 1552 1337 1680 1386; x_wconf 90' lang='lat' dir='ltr'>sunt</span> <span class='ocrx_word' id='word_1_104' title='bbox 1717 1327 1882 1392; x_wconf 87' lang='lat' dir='ltr'>animi</span> 
     </span>
     <span class='ocr_line' id='line_1_18' title="bbox 165 1402 1882 1480; baseline -0.005 -18"><span class='ocrx_word' id='word_1_105' title='bbox 165 1407 393 1478; x_wconf 84' lang='lat' dir='ltr'>humani</span> <span class='ocrx_word' id='word_1_106' title='bbox 430 1415 649 1480; x_wconf 82' lang='lat' dir='ltr'>parteS,</span> <span class='ocrx_word' id='word_1_107' title='bbox 692 1405 936 1460; x_wconf 83' lang='lat' dir='ltr'>ordinem</span> <span class='ocrx_word' id='word_1_108' title='bbox 976 1406 1209 1480; x_wconf 89' lang='lat' dir='ltr'>princi</span> <span class='ocrx_word' id='word_1_109' title='bbox 1279 1427 1416 1475; x_wconf 89' lang='lat' dir='ltr'>um,</span> <span class='ocrx_word' id='word_1_110' title='bbox 1467 1402 1668 1476; x_wconf 84' lang='lat' dir='ltr'>rationi</span> <span class='ocrx_word' id='word_1_111' title='bbox 1716 1421 1758 1467; x_wconf 11' lang='lat' dir='ltr'>sl.</span> <span class='ocrx_word' id='word_1_112' title='bbox 1799 1402 1882 1466; x_wconf 82' lang='grc' dir='ltr'>’τῷ</span> 
     </span>
     <span class='ocr_line' id='line_1_19' title="bbox 168 1471 1882 1552; baseline -0.006 -16"><span class='ocrx_word' id='word_1_113' title='bbox 168 1481 317 1552; x_wconf 71' lang='grc' dir='ltr'><em>λόγῳ</em></span> <span class='ocrx_word' id='word_1_114' title='bbox 357 1479 504 1534; x_wconf 90' lang='lat' dir='ltr'>omni</span> <span class='ocrx_word' id='word_1_115' title='bbox 543 1499 612 1533; x_wconf 83' lang='lat' dir='ltr'>ex</span> <span class='ocrx_word' id='word_1_116' title='bbox 645 1486 803 1550; x_wconf 88' lang='lat' dir='ltr'>parte</span> <span class='ocrx_word' id='word_1_117' title='bbox 842 1478 1106 1548; x_wconf 83' lang='lat' dir='ltr'>similem,</span> <span class='ocrx_word' id='word_1_118' title='bbox 1145 1482 1206 1533; x_wconf 88' lang='lat' dir='ltr'>or</span> <span class='ocrx_word' id='word_1_119' title='bbox 1247 1479 1391 1533; x_wconf 86' lang='lat' dir='ltr'>inem</span> <span class='ocrx_word' id='word_1_120' title='bbox 1429 1476 1746 1543; x_wconf 81' lang='lat' dir='ltr'>militum,</span> <span class='ocrx_word' id='word_1_121' title='bbox 1788 1471 1882 1542; x_wconf 90' lang='lat' dir='ltr'>qui</span> 
     </span>
     <span class='ocr_line' id='line_1_20' title="bbox 170 1542 1882 1675; baseline -0.005 -68"><span class='ocrx_word' id='word_1_122' title='bbox 170 1553 251 1622; x_wconf 79' lang='grc' dir='ltr'>τῷ</span> <span class='ocrx_word' id='word_1_123' title='bbox 291 1549 478 1626; x_wconf 29' lang='grc' dir='ltr'>,θύμῷ</span> <span class='ocrx_word' id='word_1_124' title='bbox 526 1549 892 1675; x_wconf 56' lang='grc' dir='ltr'>τεεὲοηᾶεειῐ,</span> <span class='ocrx_word' id='word_1_125' title='bbox 943 1548 1181 1621; x_wconf 87' lang='lat' dir='ltr'>denique</span> <span class='ocrx_word' id='word_1_126' title='bbox 1227 1549 1500 1624; x_wconf 82' lang='lat' dir='ltr'>plebem</span> <span class='ocrx_word' id='word_1_127' title='bbox 1538 1547 1659 1601; x_wconf 86' lang='lat' dir='ltr'>sive</span> <span class='ocrx_word' id='word_1_128' title='bbox 1689 1542 1882 1618; x_wconf 84' lang='lat' dir='ltr'>rudem</span> 
     </span>
     <span class='ocr_line' id='line_1_21' title="bbox 168 1614 1883 1695; baseline -0.006 -17"><span class='ocrx_word' id='word_1_129' title='bbox 168 1621 367 1695; x_wconf 83' lang='lat' dir='ltr'>populi</span> <span class='ocrx_word' id='word_1_130' title='bbox 387 1619 607 1676; x_wconf 89' lang='lat' dir='ltr'>multitu</span> <span class='ocrx_word' id='word_1_131' title='bbox 645 1621 810 1690; x_wconf 87' lang='lat' dir='ltr'>inem,</span> <span class='ocrx_word' id='word_1_132' title='bbox 851 1641 989 1692; x_wconf 90' lang='lat' dir='ltr'>quae</span> <span class='ocrx_word' id='word_1_133' title='bbox 1015 1641 1278 1676; x_wconf 87' lang='lat' dir='ltr'>summam</span> <span class='ocrx_word' id='word_1_134' title='bbox 1316 1621 1519 1686; x_wconf 87' lang='lat' dir='ltr'>habeat</span> <span class='ocrx_word' id='word_1_135' title='bbox 1555 1638 1677 1681; x_wconf 82' lang='lat' dir='ltr'>oum</span> <span class='ocrx_word' id='word_1_136' title='bbox 1716 1614 1883 1671; x_wconf 86' lang='lat' dir='ltr'>animi</span> 
     </span>
     <span class='ocr_line' id='line_1_22' title="bbox 172 1687 1881 1766; baseline -0.004 -18"><span class='ocrx_word' id='word_1_137' title='bbox 172 1693 477 1766; x_wconf 85' lang='lat' dir='ltr'>cupiditate</span> <span class='ocrx_word' id='word_1_138' title='bbox 537 1692 951 1759; x_wconf 75' lang='lat' dir='ltr'>similitudinem</span> <span class='ocrx_word' id='word_1_139' title='bbox 988 1693 1119 1765; x_wconf 81' lang='lat'>***).</span> <span class='ocrx_word' id='word_1_140' title='bbox 1213 1687 1690 1762; x_wconf 79' lang='lat' dir='ltr'>Quemadmodum</span> <span class='ocrx_word' id='word_1_141' title='bbox 1749 1707 1881 1758; x_wconf 82' lang='lat' dir='ltr'>vero</span> 
     </span>
     <span class='ocr_line' id='line_1_23' title="bbox 170 1756 1884 1836; baseline -0.005 -17"><span class='ocrx_word' id='word_1_142' title='bbox 170 1765 229 1833; x_wconf 86' lang='lat' dir='ltr'>in</span> <span class='ocrx_word' id='word_1_143' title='bbox 276 1764 493 1819; x_wconf 88' lang='lat' dir='ltr'>homine</span> <span class='ocrx_word' id='word_1_144' title='bbox 544 1764 745 1818; x_wconf 87' lang='lat' dir='ltr'>rationi</span> <span class='ocrx_word' id='word_1_145' title='bbox 808 1764 1005 1820; x_wconf 82' lang='lat' dir='ltr'>tribuit</span> <span class='ocrx_word' id='word_1_146' title='bbox 1065 1766 1354 1836; x_wconf 90' lang='lat' dir='ltr'>imperium</span> <span class='ocrx_word' id='word_1_147' title='bbox 1380 1773 1460 1819; x_wconf 58' lang='lat' dir='ltr'>÷et</span> <span class='ocrx_word' id='word_1_148' title='bbox 1516 1756 1884 1835; x_wconf 82' lang='lat' dir='ltr'>principatum</span> 
     </span>
     <span class='ocr_line' id='line_1_24' title="bbox 171 1831 1883 1907; baseline -0.004 -16"><span class='ocrx_word' id='word_1_149' title='bbox 171 1841 474 1891; x_wconf 88' lang='lat' dir='ltr'>ceterarum</span> <span class='ocrx_word' id='word_1_150' title='bbox 515 1835 694 1890; x_wconf 79' lang='lat' dir='ltr'>&#39;animi</span> <span class='ocrx_word' id='word_1_151' title='bbox 747 1835 1010 1907; x_wconf 87' lang='lat' dir='ltr'>partium,</span> <span class='ocrx_word' id='word_1_152' title='bbox 1059 1837 1138 1891; x_wconf 86' lang='lat' dir='ltr'>ita</span> <span class='ocrx_word' id='word_1_153' title='bbox 1175 1837 1339 1891; x_wconf 84' lang='lat' dir='ltr'>etiam</span> <span class='ocrx_word' id='word_1_154' title='bbox 1376 1836 1434 1889; x_wconf 92' lang='lat' dir='ltr'>in</span> <span class='ocrx_word' id='word_1_155' title='bbox 1470 1835 1693 1889; x_wconf 88' lang='lat' dir='ltr'>civitate</span> <span class='ocrx_word' id='word_1_156' title='bbox 1731 1831 1883 1904; x_wconf 90' lang='lat' dir='ltr'>prin-</span> 
     </span>
     <span class='ocr_line' id='line_1_25' title="bbox 171 1903 1884 1980; baseline -0.005 -15"><span class='ocrx_word' id='word_1_157' title='bbox 171 1908 388 1980; x_wconf 80' lang='lat' dir='ltr'>cipibus</span> <span class='ocrx_word' id='word_1_158' title='bbox 438 1908 553 1974; x_wconf 83' lang='lat' dir='ltr'>sive</span> <span class='ocrx_word' id='word_1_159' title='bbox 605 1908 1017 1980; x_wconf 87' lang='lat' dir='ltr'>magistratibus</span> <span class='ocrx_word' id='word_1_160' title='bbox 1057 1909 1232 1963; x_wconf 85' lang='lat' dir='ltr'>voluit</span> <span class='ocrx_word' id='word_1_161' title='bbox 1274 1927 1467 1980; x_wconf 85' lang='lat' dir='ltr'>parere</span> <span class='ocrx_word' id='word_1_162' title='bbox 1507 1903 1764 1960; x_wconf 80' lang='lat' dir='ltr'>custodes</span> <span class='ocrx_word' id='word_1_163' title='bbox 1803 1909 1884 1974; x_wconf 73' lang='lat' dir='ltr'>at·-</span> 
     </span>
     <span class='ocr_line' id='line_1_26' title="bbox 172 1977 1883 2052; baseline -0.003 -19"><span class='ocrx_word' id='word_1_164' title='bbox 172 1999 279 2051; x_wconf 86' lang='lat' dir='ltr'>que</span> <span class='ocrx_word' id='word_1_165' title='bbox 316 1979 548 2052; x_wconf 87' lang='lat' dir='ltr'>plebem.</span> <span class='ocrx_word' id='word_1_166' title='bbox 622 1979 699 2034; x_wconf 84' lang='lat' dir='ltr'>Et</span> <span class='ocrx_word' id='word_1_167' title='bbox 734 1979 962 2052; x_wconf 71' lang='lat' dir='ltr'>plebem‘</span> <span class='ocrx_word' id='word_1_168' title='bbox 987 1979 1225 2050; x_wconf 87' lang='lat' dir='ltr'>quidem,</span> <span class='ocrx_word' id='word_1_169' title='bbox 1266 1980 1396 2052; x_wconf 69' lang='lat' dir='ltr'>quia</span> <span class='ocrx_word' id='word_1_170' title='bbox 1449 1977 1750 2051; x_wconf 85' lang='lat' dir='ltr'>sapientiae</span> <span class='ocrx_word' id='word_1_171' title='bbox 1789 1994 1883 2041; x_wconf 61' lang='lat' dir='ltr'>ex·-</span> 
     </span>
     <span class='ocr_line' id='line_1_27' title="bbox 170 2045 1882 2126; baseline -0.003 -20"><span class='ocrx_word' id='word_1_172' title='bbox 170 2071 299 2125; x_wconf 88' lang='lat' dir='ltr'>pers</span> <span class='ocrx_word' id='word_1_173' title='bbox 351 2060 527 2122; x_wconf 80' lang='lat' dir='ltr'>esset,</span> <span class='ocrx_word' id='word_1_174' title='bbox 577 2070 679 2105; x_wconf 86' lang='lat' dir='ltr'>nec</span> <span class='ocrx_word' id='word_1_175' title='bbox 734 2071 977 2125; x_wconf 87' lang='lat' dir='ltr'>unquam</span> <span class='ocrx_word' id='word_1_176' title='bbox 1026 2072 1055 2107; x_wconf 91' lang='lat' dir='ltr'>e</span> <span class='ocrx_word' id='word_1_177' title='bbox 1094 2051 1440 2126; x_wconf 90' lang='lat' dir='ltr'>philosophis</span> <span class='ocrx_word' id='word_1_178' title='bbox 1471 2057 1760 2113; x_wconf 78' lang='lat' dir='ltr'>constaret</span> <span class='ocrx_word' id='word_1_179' title='bbox 1796 2045 1882 2117; x_wconf 85' lang='lat'>†),</span> 
     </span>
     <span class='ocr_line' id='line_1_28' title="bbox 172 2119 1882 2197; baseline -0.004 -19"><span class='ocrx_word' id='word_1_180' title='bbox 172 2143 207 2178; x_wconf 91' lang='lat' dir='ltr'>a</span> <span class='ocrx_word' id='word_1_181' title='bbox 255 2123 589 2197; x_wconf 87' lang='lat' dir='ltr'>reipublicae</span> <span class='ocrx_word' id='word_1_182' title='bbox 637 2121 1113 2179; x_wconf 85' lang='lat' dir='ltr'>administratione</span> <span class='ocrx_word' id='word_1_183' title='bbox 1164 2124 1454 2181; x_wconf 84' lang='lat' dir='ltr'>arcendam</span> <span class='ocrx_word' id='word_1_184' title='bbox 1514 2131 1570 2177; x_wconf 90' lang='lat' dir='ltr'>et</span> <span class='ocrx_word' id='word_1_185' title='bbox 1607 2141 1639 2174; x_wconf 92' lang='lat' dir='ltr'>a</span> <span class='ocrx_word' id='word_1_186' title='bbox 1696 2119 1882 2174; x_wconf 57' lang='lat' dir='ltr'>’rinci-</span> 
     </span>
    </p>

    <p class='ocr_par' dir='ltr' id='par_1_6' title="bbox 170 2142 1889 2824">
     <span class='ocr_line' id='line_1_29' title="bbox 213 2142 1884 2269; baseline -0.004 -19"><span class='ocrx_word' id='word_1_187' title='bbox 213 2194 335 2251; x_wconf 90' lang='lat' dir='ltr'>ibus</span> <span class='ocrx_word' id='word_1_188' title='bbox 373 2203 477 2269; x_wconf 88' lang='lat' dir='ltr'>ope</span> <span class='ocrx_word' id='word_1_189' title='bbox 515 2193 805 2254; x_wconf 74' lang='lat' dir='ltr'>custodum</span> <span class='ocrx_word' id='word_1_190' title='bbox 842 2195 900 2249; x_wconf 92' lang='lat' dir='ltr'>in</span> <span class='ocrx_word' id='word_1_191' title='bbox 942 2195 1128 2252; x_wconf 89' lang='lat' dir='ltr'>officio</span> <span class='ocrx_word' id='word_1_192' title='bbox 1177 2195 1560 2265; x_wconf 84' lang='lat' dir='ltr'>continendam</span> <span class='ocrx_word' id='word_1_193' title='bbox 1600 2142 1884 2253; x_wconf 78' lang='lat' dir='ltr'>iudicavit.</span> 
     </span>
     <span class='ocr_line' id='line_1_30' title="bbox 170 2215 1887 2351; baseline -0.002 -29"><span class='ocrx_word' id='word_1_194' title='bbox 170 2215 507 2339; x_wconf 51' lang='lat' dir='ltr'>1Quanquam</span> <span class='ocrx_word' id='word_1_195' title='bbox 555 2267 603 2321; x_wconf 90' lang='lat' dir='ltr'>si</span> <span class='ocrx_word' id='word_1_196' title='bbox 637 2266 731 2351; x_wconf 79' lang='lat' dir='ltr'>qui</span> <span class='ocrx_word' id='word_1_197' title='bbox 767 2267 909 2321; x_wconf 91' lang='lat' dir='ltr'>inter</span> <span class='ocrx_word' id='word_1_198' title='bbox 945 2288 1063 2323; x_wconf 89' lang='lat' dir='ltr'>eam</span> <span class='ocrx_word' id='word_1_199' title='bbox 1099 2269 1427 2324; x_wconf 81' lang='lat' dir='ltr'>excellerent</span> <span class='ocrx_word' id='word_1_200' title='bbox 1473 2267 1675 2322; x_wconf 89' lang='lat' dir='ltr'>virtute</span> <span class='ocrx_word' id='word_1_201' title='bbox 1713 2272 1769 2319; x_wconf 90' lang='lat' dir='ltr'>et</span> <span class='ocrx_word' id='word_1_202' title='bbox 1798 2263 1887 2319; x_wconf 69' lang='lat' dir='ltr'>&#39;in-</span> 
     </span>
     <span class='ocr_line' id='line_1_31' title="bbox 173 2337 1886 2414; baseline -0.003 -20"><span class='ocrx_word' id='word_1_203' title='bbox 173 2339 322 2414; x_wconf 85' lang='lat' dir='ltr'>genii</span> <span class='ocrx_word' id='word_1_204' title='bbox 359 2339 628 2408; x_wconf 90' lang='lat' dir='ltr'>bonitate,</span> <span class='ocrx_word' id='word_1_205' title='bbox 652 2340 720 2393; x_wconf 78' lang='lat' dir='ltr'>iis</span> <span class='ocrx_word' id='word_1_206' title='bbox 760 2339 924 2392; x_wconf 88' lang='lat' dir='ltr'>etiam</span> <span class='ocrx_word' id='word_1_207' title='bbox 963 2339 1171 2395; x_wconf 88' lang='lat' dir='ltr'>aditum</span> <span class='ocrx_word' id='word_1_208' title='bbox 1210 2339 1280 2394; x_wconf 89' lang='lat' dir='ltr'>ad</span> <span class='ocrx_word' id='word_1_209' title='bbox 1319 2339 1537 2394; x_wconf 90' lang='lat' dir='ltr'>ordines</span> <span class='ocrx_word' id='word_1_210' title='bbox 1575 2337 1886 2410; x_wconf 84' lang='lat' dir='ltr'>superiores</span> 
     </span>
     <span class='ocr_line' id='line_1_32' title="bbox 174 2409 1888 2536; baseline -0.002 -71"><span class='ocrx_word' id='word_1_211' title='bbox 174 2420 364 2536; x_wconf 72' lang='lat' dir='ltr'>patere</span> <span class='ocrx_word' id='word_1_212' title='bbox 420 2411 613 2465; x_wconf 84' lang='lat' dir='ltr'>voluit.</span> <span class='ocrx_word' id='word_1_213' title='bbox 711 2409 824 2467; x_wconf 88' lang='lat' dir='ltr'>Sed</span> <span class='ocrx_word' id='word_1_214' title='bbox 889 2412 1109 2467; x_wconf 88' lang='lat' dir='ltr'>omnino</span> <span class='ocrx_word' id='word_1_215' title='bbox 1171 2412 1395 2484; x_wconf 89' lang='lat' dir='ltr'>quidem</span> <span class='ocrx_word' id='word_1_216' title='bbox 1460 2430 1657 2484; x_wconf 87' lang='lat' dir='ltr'>operas</span> <span class='ocrx_word' id='word_1_217' title='bbox 1721 2417 1888 2479; x_wconf 90' lang='lat' dir='ltr'>atque</span> 
     </span>
     <span class='ocr_line' id='line_1_33' title="bbox 200 2480 1888 2555; baseline -0.001 -19"><span class='ocrx_word' id='word_1_218' title='bbox 200 2482 362 2537; x_wconf 89' lang='lat' dir='ltr'>abros</span> <span class='ocrx_word' id='word_1_219' title='bbox 399 2482 806 2555; x_wconf 85' lang='lat' dir='ltr'>magistratibus</span> <span class='ocrx_word' id='word_1_220' title='bbox 843 2491 899 2537; x_wconf 93' lang='lat' dir='ltr'>et</span> <span class='ocrx_word' id='word_1_221' title='bbox 937 2484 1260 2540; x_wconf 90' lang='lat' dir='ltr'>custodibus</span> <span class='ocrx_word' id='word_1_222' title='bbox 1340 2503 1491 2549; x_wconf 89' lang='lat' dir='ltr'>arere</span> <span class='ocrx_word' id='word_1_223' title='bbox 1528 2483 1706 2537; x_wconf 90' lang='lat' dir='ltr'>iussit.</span> <span class='ocrx_word' id='word_1_224' title='bbox 1801 2480 1888 2536; x_wconf 84' lang='lat' dir='ltr'>Si-</span> 
     </span>
     <span class='ocr_line' id='line_1_34' title="bbox 176 2552 1886 2625; baseline -0.001 -17"><span class='ocrx_word' id='word_1_225' title='bbox 176 2554 291 2609; x_wconf 88' lang='lat' dir='ltr'>cuti</span> <span class='ocrx_word' id='word_1_226' title='bbox 339 2572 470 2607; x_wconf 85' lang='lat' dir='ltr'>vero</span> <span class='ocrx_word' id='word_1_227' title='bbox 520 2552 857 2609; x_wconf 89' lang='lat' dir='ltr'>iracundiam</span> <span class='ocrx_word' id='word_1_228' title='bbox 918 2556 1083 2610; x_wconf 90' lang='lat' dir='ltr'>animi</span> <span class='ocrx_word' id='word_1_229' title='bbox 1145 2559 1224 2610; x_wconf 88' lang='lat' dir='ltr'>ita</span> <span class='ocrx_word' id='word_1_230' title='bbox 1311 2554 1626 2611; x_wconf 89' lang='lat' dir='ltr'>ormandam</span> <span class='ocrx_word' id='word_1_231' title='bbox 1689 2572 1886 2625; x_wconf 85' lang='lat' dir='ltr'>regen·</span> 
     </span>
     <span class='ocr_line' id='line_1_35' title="bbox 177 2624 1889 2698; baseline -0.002 -18"><span class='ocrx_word' id='word_1_232' title='bbox 177 2624 411 2696; x_wconf 81' lang='lat' dir='ltr'>(lamque</span> <span class='ocrx_word' id='word_1_233' title='bbox 461 2645 580 2680; x_wconf 88' lang='lat' dir='ltr'>esse</span> <span class='ocrx_word' id='word_1_234' title='bbox 633 2627 845 2697; x_wconf 86' lang='lat' dir='ltr'>statuit,</span> <span class='ocrx_word' id='word_1_235' title='bbox 899 2636 959 2680; x_wconf 91' lang='lat' dir='ltr'>ut</span> <span class='ocrx_word' id='word_1_236' title='bbox 1009 2629 1236 2684; x_wconf 88' lang='lat' dir='ltr'>rationis</span> <span class='ocrx_word' id='word_1_237' title='bbox 1288 2646 1539 2683; x_wconf 88' lang='lat' dir='ltr'>caussam</span> <span class='ocrx_word' id='word_1_238' title='bbox 1591 2634 1779 2698; x_wconf 84' lang='lat' dir='ltr'>ageret</span> <span class='ocrx_word' id='word_1_239' title='bbox 1824 2643 1889 2677; x_wconf 90' lang='lat' dir='ltr'>ac</span> 
     </span>
     <span class='ocr_line' id='line_1_36' title="bbox 176 2695 1889 2824; baseline -0.002 -73"><span class='ocrx_word' id='word_1_240' title='bbox 176 2704 452 2776; x_wconf 87' lang='lat' dir='ltr'>tueretur,</span> <span class='ocrx_word' id='word_1_241' title='bbox 506 2697 584 2751; x_wconf 88' lang='lat' dir='ltr'>ita</span> <span class='ocrx_word' id='word_1_242' title='bbox 632 2697 793 2751; x_wconf 89' lang='lat' dir='ltr'>etiam</span> <span class='ocrx_word' id='word_1_243' title='bbox 834 2698 1081 2753; x_wconf 88' lang='lat' dir='ltr'>ordinem</span> <span class='ocrx_word' id='word_1_244' title='bbox 1121 2700 1443 2769; x_wconf 88' lang='lat' dir='ltr'>custodum,</span> <span class='ocrx_word' id='word_1_245' title='bbox 1498 2705 1691 2824; x_wconf 59' lang='lat' dir='ltr'>utgote</span> <span class='ocrx_word' id='word_1_246' title='bbox 1728 2695 1889 2769; x_wconf 90' lang='lat' dir='ltr'>plebe</span> 
     </span>
    </p>
   </div>
   <div class='ocr_carea' id='block_1_6' title="bbox 179 2767 1888 2844">
    <p class='ocr_par' dir='ltr' id='par_1_7' title="bbox 179 2767 1888 2844">
     <span class='ocr_line' id='line_1_37' title="bbox 179 2767 1888 2844; baseline -0.001 -21"><span class='ocrx_word' id='word_1_247' title='bbox 179 2769 602 2844; x_wconf 80' lang='lat' dir='ltr'>generosiorem,</span> <span class='ocrx_word' id='word_1_248' title='bbox 642 2768 945 2841; x_wconf 87' lang='lat' dir='ltr'>prudenter</span> <span class='ocrx_word' id='word_1_249' title='bbox 991 2771 1215 2829; x_wconf 88' lang='lat' dir='ltr'>educari</span> <span class='ocrx_word' id='word_1_250' title='bbox 1252 2780 1417 2844; x_wconf 89' lang='lat' dir='ltr'>atque</span> <span class='ocrx_word' id='word_1_251' title='bbox 1455 2790 1551 2827; x_wconf 87' lang='lat' dir='ltr'>eru</span> <span class='ocrx_word' id='word_1_252' title='bbox 1593 2770 1658 2823; x_wconf 90' lang='lat' dir='ltr'>iri</span> <span class='ocrx_word' id='word_1_253' title='bbox 1694 2767 1888 2837; x_wconf 88' lang='lat' dir='ltr'>voluit,</span> 
     </span>
    </p>
   </div>
   <div class='ocr_carea' id='block_1_7' title="bbox 187 2944 520 2955">
    <p class='ocr_par' dir='ltr' id='par_1_8' title="bbox 187 2944 520 2955">
     <span class='ocr_line' id='line_1_38' title="bbox 187 2944 520 2955; baseline 0 0"><span class='ocrx_word' id='word_1_254' title='bbox 187 2944 520 2955; x_wconf 95' lang='lat' dir='ltr'> </span> 
     </span>
    </p>
   </div>
   <div class='ocr_carea' id='block_1_8' title="bbox 243 3070 1890 3214">
    <p class='ocr_par' dir='ltr' id='par_1_9' title="bbox 243 3070 1890 3214">
     <span class='ocr_line' id='line_1_39' title="bbox 277 3070 1890 3129; baseline 0.001 -16"><span class='ocrx_word' id='word_1_255' title='bbox 277 3074 318 3124; x_wconf 76' lang='lat'>⁸)</span> <span class='ocrx_word' id='word_1_256' title='bbox 353 3072 401 3115; x_wconf 85' lang='lat' dir='ltr'>V.</span> <span class='ocrx_word' id='word_1_257' title='bbox 436 3073 536 3114; x_wconf 76' lang='lat' dir='ltr'>libr.</span> <span class='ocrx_word' id='word_1_258' title='bbox 573 3071 622 3113; x_wconf 81' lang='lat' dir='ltr'>V.</span> <span class='ocrx_word' id='word_1_259' title='bbox 654 3086 697 3128; x_wconf 88' lang='lat' dir='ltr'>p.</span> <span class='ocrx_word' id='word_1_260' title='bbox 727 3070 829 3118; x_wconf 83' lang='lat'>473.</span> <span class='ocrx_word' id='word_1_261' title='bbox 863 3075 919 3114; x_wconf 77' lang='lat' dir='ltr'>A.</span> <span class='ocrx_word' id='word_1_262' title='bbox 952 3071 1037 3115; x_wconf 88' lang='lat' dir='ltr'>IX.</span> <span class='ocrx_word' id='word_1_263' title='bbox 1071 3086 1113 3127; x_wconf 86' lang='lat' dir='ltr'>p.</span> <span class='ocrx_word' id='word_1_264' title='bbox 1146 3073 1247 3119; x_wconf 80' lang='lat'>592.</span> <span class='ocrx_word' id='word_1_265' title='bbox 1285 3073 1333 3116; x_wconf 73' lang='lat' dir='ltr'>A.</span> <span class='ocrx_word' id='word_1_266' title='bbox 1365 3073 1419 3117; x_wconf 90' lang='grc' dir='ltr'>Β.</span> <span class='ocrx_word' id='word_1_267' title='bbox 1457 3072 1595 3129; x_wconf 80' lang='lat' dir='ltr'>Legg.</span> <span class='ocrx_word' id='word_1_268' title='bbox 1634 3073 1683 3117; x_wconf 84' lang='lat' dir='ltr'>V.</span> <span class='ocrx_word' id='word_1_269' title='bbox 1716 3088 1756 3129; x_wconf 90' lang='lat' dir='ltr'>p.</span> <span class='ocrx_word' id='word_1_270' title='bbox 1789 3073 1890 3119; x_wconf 82' lang='lat'>739.</span> 
     </span>
     <span class='ocr_line' id='line_1_40' title="bbox 243 3159 947 3214; baseline -0.001 -13"><span class='ocrx_word' id='word_1_271' title='bbox 243 3160 315 3212; x_wconf 61' lang='grc' dir='ltr'>ω)</span> <span class='ocrx_word' id='word_1_272' title='bbox 349 3160 397 3202; x_wconf 83' lang='lat' dir='ltr'>V.</span> <span class='ocrx_word' id='word_1_273' title='bbox 431 3161 531 3203; x_wconf 83' lang='lat' dir='ltr'>libr.</span> <span class='ocrx_word' id='word_1_274' title='bbox 562 3159 626 3204; x_wconf 85' lang='grc' dir='ltr'>ΙΙ.</span> <span class='ocrx_word' id='word_1_275' title='bbox 658 3173 702 3214; x_wconf 69' lang='grc' dir='ltr'>ρ.-</span> <span class='ocrx_word' id='word_1_276' title='bbox 732 3159 820 3205; x_wconf 86' lang='grc'>368</span> <span class='ocrx_word' id='word_1_277' title='bbox 850 3174 947 3214; x_wconf 81' lang='lat' dir='ltr'>sqq.</span> 
     </span>
    </p>
   </div>
   <div class='ocr_carea' id='block_1_9' title="bbox 215 3245 1890 3377">
    <p class='ocr_par' dir='ltr' id='par_1_10' title="bbox 215 3245 1890 3377">
     <span class='ocr_line' id='line_1_41' title="bbox 215 3245 1890 3311; baseline 0.001 -23"><span class='ocrx_word' id='word_1_278' title='bbox 215 3245 403 3311; x_wconf 20' lang='lat' dir='ltr'>‘&#39;U‘v.</span> <span class='ocrx_word' id='word_1_279' title='bbox 435 3247 532 3290; x_wconf 83' lang='lat' dir='ltr'>libr.</span> <span class='ocrx_word' id='word_1_280' title='bbox 565 3245 646 3300; x_wconf 78' lang='lat' dir='ltr'>lv.</span> <span class='ocrx_word' id='word_1_281' title='bbox 678 3260 719 3301; x_wconf 85' lang='lat' dir='ltr'>p.</span> <span class='ocrx_word' id='word_1_282' title='bbox 753 3246 853 3291; x_wconf 82' lang='lat'>441.</span> <span class='ocrx_word' id='word_1_283' title='bbox 885 3248 935 3291; x_wconf 88' lang='lat' dir='ltr'>C.</span> <span class='ocrx_word' id='word_1_284' title='bbox 983 3246 1061 3290; x_wconf 87' lang='lat' dir='ltr'>1x.</span> <span class='ocrx_word' id='word_1_285' title='bbox 1093 3260 1137 3303; x_wconf 86' lang='lat' dir='ltr'>p.</span> <span class='ocrx_word' id='word_1_286' title='bbox 1168 3246 1269 3293; x_wconf 84' lang='lat'>580.</span> <span class='ocrx_word' id='word_1_287' title='bbox 1302 3262 1399 3303; x_wconf 85' lang='lat' dir='ltr'>sqq.</span> <span class='ocrx_word' id='word_1_288' title='bbox 1443 3253 1488 3291; x_wconf 85' lang='lat' dir='ltr'>et</span> <span class='ocrx_word' id='word_1_289' title='bbox 1525 3249 1761 3303; x_wconf 85' lang='lat' dir='ltr'>praecipue</span> <span class='ocrx_word' id='word_1_290' title='bbox 1794 3249 1890 3290; x_wconf 86' lang='lat' dir='ltr'>libr.</span> 
     </span>
     <span class='ocr_line' id='line_1_42' title="bbox 354 3303 1141 3377; baseline 0.005 -31"><span class='ocrx_word' id='word_1_291' title='bbox 354 3304 406 3377; x_wconf 77' lang='lat' dir='ltr'>ll.</span> <span class='ocrx_word' id='word_1_292' title='bbox 438 3317 480 3359; x_wconf 84' lang='lat' dir='ltr'>p.</span> <span class='ocrx_word' id='word_1_293' title='bbox 512 3303 615 3350; x_wconf 78' lang='lat'>374.</span> <span class='ocrx_word' id='word_1_294' title='bbox 655 3327 692 3334; x_wconf 89' lang='lat'>-</span> <span class='ocrx_word' id='word_1_295' title='bbox 732 3303 821 3347; x_wconf 74' lang='grc' dir='ltr'>ΠΙ.</span> <span class='ocrx_word' id='word_1_296' title='bbox 853 3319 895 3360; x_wconf 85' lang='lat' dir='ltr'>p.</span> <span class='ocrx_word' id='word_1_297' title='bbox 926 3305 1030 3350; x_wconf 77' lang='lat'>412.</span> <span class='ocrx_word' id='word_1_298' title='bbox 1062 3303 1141 3369; x_wconf 51' lang='lat' dir='ltr'>B„</span> 
     </span>
    </p>
   </div>
   <div class='ocr_carea' id='block_1_10' title="bbox 279 3390 955 3443">
    <p class='ocr_par' dir='ltr' id='par_1_11' title="bbox 279 3390 955 3443">
     <span class='ocr_line' id='line_1_43' title="bbox 279 3390 955 3443; baseline -0.003 -10"><span class='ocrx_word' id='word_1_299' title='bbox 279 3391 330 3437; x_wconf 52' lang='grc' dir='ltr'>ἢ)</span> <span class='ocrx_word' id='word_1_300' title='bbox 360 3403 415 3440; x_wconf 78' lang='lat' dir='ltr'>v.</span> <span class='ocrx_word' id='word_1_301' title='bbox 452 3393 549 3432; x_wconf 74' lang='lat' dir='ltr'>libr.</span> <span class='ocrx_word' id='word_1_302' title='bbox 586 3390 659 3439; x_wconf 55' lang='lat' dir='ltr'>xl.</span> <span class='ocrx_word' id='word_1_303' title='bbox 693 3404 734 3443; x_wconf 83' lang='lat' dir='ltr'>p.</span> <span class='ocrx_word' id='word_1_304' title='bbox 769 3390 866 3435; x_wconf 68' lang='lat'>4224.</span> <span class='ocrx_word' id='word_1_305' title='bbox 902 3395 955 3435; x_wconf 76' lang='lat' dir='ltr'>A.</span> 
     </span>
    </p>
   </div>
  </div>
 </body>
</html>
