<?xml version="1.0" encoding="UTF-8"?>
<!DOCTYPE html PUBLIC "-//W3C//DTD XHTML 1.0 Transitional//EN"
    "http://www.w3.org/TR/xhtml1/DTD/xhtml1-transitional.dtd">
<html xmlns="http://www.w3.org/1999/xhtml" xml:lang="en" lang="en">
 <head>
  <title>
</title>
<meta http-equiv="Content-Type" content="text/html;charset=utf-8" />
  <meta name='ocr-system' content='tesseract 3.04.00' />
  <meta name='ocr-capabilities' content='ocr_page ocr_carea ocr_par ocr_line ocrx_word'/>
</head>
<body>
  <div class='ocr_page' id='page_1' title='image "./operaomniarecens03platuoft_0556.png"; bbox 0 0 2072 3730; ppageno 0'>
   <div class='ocr_carea' id='block_1_1' title="bbox 253 115 1347 213">
    <p class='ocr_par' dir='ltr' id='par_1_1' title="bbox 253 115 1347 213">
     <span class='ocr_line' id='line_1_1' title="bbox 253 115 1347 213; baseline -0.002 -1"><span class='ocrx_word' id='word_1_1' title='bbox 253 163 356 213; x_wconf 79' lang='lat'><em>414</em></span> <span class='ocrx_word' id='word_1_2' title='bbox 631 115 650 125; x_wconf 29' lang='grc' dir='ltr'>ν</span> <span class='ocrx_word' id='word_1_3' title='bbox 873 157 1347 211; x_wconf 79' lang='lat' dir='ltr'>PLATONIS</span> 
     </span>
    </p>
   </div>
   <div class='ocr_carea' id='block_1_2' title="bbox 254 303 1949 460">
    <p class='ocr_par' dir='ltr' id='par_1_2' title="bbox 254 303 1949 460">
     <span class='ocr_line' id='line_1_2' title="bbox 254 303 1948 379; baseline -0.001 -20"><span class='ocrx_word' id='word_1_4' title='bbox 254 315 520 372; x_wconf 72' lang='grc' dir='ltr'><em>γυναῖκας</em></span> <span class='ocrx_word' id='word_1_5' title='bbox 563 303 781 370; x_wconf 73' lang='grc' dir='ltr'><em>αὐτῶνς</em></span> <span class='ocrx_word' id='word_1_6' title='bbox 843 307 956 359; x_wconf 84' lang='grc' dir='ltr'><em>Καὶ</em></span> <span class='ocrx_word' id='word_1_7' title='bbox 996 305 1204 375; x_wconf 74' lang='grc' dir='ltr'><em>ὀρθῶς·</em></span> <span class='ocrx_word' id='word_1_8' title='bbox 1237 305 1311 374; x_wconf 73' lang='grc' dir='ltr'><em>γ’,</em></span> <span class='ocrx_word' id='word_1_9' title='bbox 1339 310 1480 379; x_wconf 65' lang='grc' dir='ltr'><strong>ἔφη.</strong></span> <span class='ocrx_word' id='word_1_10' title='bbox 1571 303 1788 360; x_wconf 71' lang='grc' dir='ltr'><em>(Ιύκοῦν</em></span> <span class='ocrx_word' id='word_1_11' title='bbox 1812 304 1948 374; x_wconf 80' lang='grc' dir='ltr'><em>μετὰ</em></span> 
     </span>
     <span class='ocr_line' id='line_1_3' title="bbox 261 387 1949 460; baseline 0.001 -18"><span class='ocrx_word' id='word_1_12' title='bbox 261 392 428 445; x_wconf 85' lang='grc' dir='ltr'><em>τοῦτο</em></span> <span class='ocrx_word' id='word_1_13' title='bbox 474 388 763 460; x_wconf 75' lang='grc' dir='ltr'><em>κελεύομεν</em></span> <span class='ocrx_word' id='word_1_14' title='bbox 809 387 909 444; x_wconf 84' lang='grc' dir='ltr'><em>τὸν</em></span> <span class='ocrx_word' id='word_1_15' title='bbox 950 390 1017 443; x_wconf 81' lang='grc' dir='ltr'><em>τά</em></span> <span class='ocrx_word' id='word_1_16' title='bbox 1061 396 1288 445; x_wconf 73' lang='grc' dir='ltr'><em>ἐναντία</em></span> <span class='ocrx_word' id='word_1_17' title='bbox 1331 393 1565 457; x_wconf 81' lang='grc' dir='ltr'><em>λεγοντα</em></span> <span class='ocrx_word' id='word_1_18' title='bbox 1611 392 1782 443; x_wconf 84' lang='grc' dir='ltr'><em>τοῦτο</em></span> <span class='ocrx_word' id='word_1_19' title='bbox 1808 388 1949 443; x_wconf 80' lang='grc' dir='ltr'><em>αὐτὸ</em></span> 
     </span>
    </p>
   </div>
   <div class='ocr_carea' id='block_1_3' title="bbox 111 471 1949 545">
    <p class='ocr_par' dir='ltr' id='par_1_3' title="bbox 111 471 1949 545">
     <span class='ocr_line' id='line_1_4' title="bbox 111 471 1949 545; baseline -0.001 -15"><span class='ocrx_word' id='word_1_20' title='bbox 111 480 213 531; x_wconf 77' lang='grc' dir='ltr'><strong>4.)ὁ</strong></span> <span class='ocrx_word' id='word_1_21' title='bbox 253 475 527 528; x_wconf 79' lang='grc' dir='ltr'><em>διδάσκειν</em></span> <span class='ocrx_word' id='word_1_22' title='bbox 584 471 756 545; x_wconf 78' lang='grc' dir='ltr'><em>ἡμᾶς,</em></span> <span class='ocrx_word' id='word_1_23' title='bbox 809 474 986 542; x_wconf 85' lang='grc' dir='ltr'><em>πρὸς</em></span> <span class='ocrx_word' id='word_1_24' title='bbox 1006 480 1132 528; x_wconf 84' lang='grc' dir='ltr'><em>τίνα</em></span> <span class='ocrx_word' id='word_1_25' title='bbox 1191 481 1382 544; x_wconf 78' lang='grc' dir='ltr'><em>τεχνην</em></span> <span class='ocrx_word' id='word_1_26' title='bbox 1437 471 1492 539; x_wconf 82' lang='grc' dir='ltr'>ἢ</span> <span class='ocrx_word' id='word_1_27' title='bbox 1521 479 1572 527; x_wconf 85' lang='grc' dir='ltr'><em>τί</em></span> <span class='ocrx_word' id='word_1_28' title='bbox 1616 473 1949 544; x_wconf 77' lang='grc' dir='ltr'><em>ἐπιτηδευμα</em></span> 
     </span>
    </p>
   </div>
   <div class='ocr_carea' id='block_1_4' title="bbox 248 555 1952 1050">
    <p class='ocr_par' dir='ltr' id='par_1_4' title="bbox 248 555 1952 1050">
     <span class='ocr_line' id='line_1_5' title="bbox 256 555 1950 629; baseline -0.001 -17"><span class='ocrx_word' id='word_1_29' title='bbox 256 561 365 612; x_wconf 84' lang='grc' dir='ltr'><em>τῶν</em></span> <span class='ocrx_word' id='word_1_30' title='bbox 408 562 530 628; x_wconf 80' lang='grc' dir='ltr'><em>περὶ</em></span> <span class='ocrx_word' id='word_1_31' title='bbox 562 558 770 622; x_wconf 84' lang='grc' dir='ltr'><em>πόλεως</em></span> <span class='ocrx_word' id='word_1_32' title='bbox 793 577 1140 626; x_wconf 81' lang='grc' dir='ltr'><em>κατασκευην</em></span> <span class='ocrx_word' id='word_1_33' title='bbox 1187 557 1287 629; x_wconf 85' lang='grc' dir='ltr'><em>οὐχ</em></span> <span class='ocrx_word' id='word_1_34' title='bbox 1334 555 1365 624; x_wconf 81' lang='grc' dir='ltr'><em>ἡ</em></span> <span class='ocrx_word' id='word_1_35' title='bbox 1413 557 1577 625; x_wconf 78' lang='grc' dir='ltr'><em>αὐτή,</em></span> <span class='ocrx_word' id='word_1_36' title='bbox 1619 556 1763 611; x_wconf 76' lang='grc' dir='ltr'><em>ἄλλα</em></span> <span class='ocrx_word' id='word_1_37' title='bbox 1793 564 1950 627; x_wconf 80' lang='grc' dir='ltr'><em>ἑτέρα</em></span> 
     </span>
     <span class='ocr_line' id='line_1_6' title="bbox 252 640 1950 717; baseline 0.001 -24"><span class='ocrx_word' id='word_1_38' title='bbox 252 641 418 717; x_wconf 72' lang='grc' dir='ltr'><em>φύσις</em></span> <span class='ocrx_word' id='word_1_39' title='bbox 460 640 746 711; x_wconf 80' lang='grc' dir='ltr'><em>3υναικός</em></span> <span class='ocrx_word' id='word_1_40' title='bbox 768 663 825 697; x_wconf 85' lang='grc' dir='ltr'><em>τε</em></span> <span class='ocrx_word' id='word_1_41' title='bbox 871 664 964 696; x_wconf 88' lang='grc' dir='ltr'><em>και</em></span> <span class='ocrx_word' id='word_1_42' title='bbox 1008 642 1253 712; x_wconf 72' lang='grc' dir='ltr'><em>άνὸρόςς</em></span> <span class='ocrx_word' id='word_1_43' title='bbox 1298 648 1561 697; x_wconf 77' lang='grc' dir='ltr'><strong><em>Δίκαιον</em></strong></span> <span class='ocrx_word' id='word_1_44' title='bbox 1551 645 1724 710; x_wconf 66' lang='lat'><em>2013».</em></span> <span class='ocrx_word' id='word_1_45' title='bbox 1792 644 1950 712; x_wconf 85' lang='grc' dir='ltr'><em>Ίάχα</em></span> 
     </span>
     <span class='ocr_line' id='line_1_7' title="bbox 248 724 1951 796; baseline 0 -16"><span class='ocrx_word' id='word_1_46' title='bbox 248 731 440 782; x_wconf 79' lang='grc' dir='ltr'><em>τοίνυν</em></span> <span class='ocrx_word' id='word_1_47' title='bbox 499 725 604 790; x_wconf 79' lang='grc' dir='ltr'><em>ἄν,</em></span> <span class='ocrx_word' id='word_1_48' title='bbox 659 724 795 796; x_wconf 87' lang='grc' dir='ltr'><em>ὅπερ</em></span> <span class='ocrx_word' id='word_1_49' title='bbox 856 725 923 781; x_wconf 81' lang='grc' dir='ltr'><em>σὺ</em></span> <span class='ocrx_word' id='word_1_50' title='bbox 979 726 1174 796; x_wconf 80' lang='grc' dir='ltr'><em>ὀλίγον</em></span> <span class='ocrx_word' id='word_1_51' title='bbox 1219 725 1493 796; x_wconf 86' lang='grc' dir='ltr'><em>πρότερον</em></span> <span class='ocrx_word' id='word_1_52' title='bbox 1536 730 1741 796; x_wconf 75' lang='grc' dir='ltr'><em>ἔλεγες,</em></span> <span class='ocrx_word' id='word_1_53' title='bbox 1775 727 1951 795; x_wconf 67' lang='grc' dir='ltr'><em>Δεἴποι</em></span> 
     </span>
     <span class='ocr_line' id='line_1_8' title="bbox 248 808 1952 882; baseline -0.001 -17"><span class='ocrx_word' id='word_1_54' title='bbox 248 809 323 865; x_wconf 79' lang='grc' dir='ltr'><em>ἂν</em></span> <span class='ocrx_word' id='word_1_55' title='bbox 385 813 477 866; x_wconf 79' lang='grc' dir='ltr'><em>καὶ</em></span> <span class='ocrx_word' id='word_1_56' title='bbox 532 808 735 880; x_wconf 78' lang='grc' dir='ltr'><em>ἄλλος,</em></span> <span class='ocrx_word' id='word_1_57' title='bbox 791 808 880 866; x_wconf 83' lang='grc' dir='ltr'><em>ὅτι</em></span> <span class='ocrx_word' id='word_1_58' title='bbox 935 817 994 866; x_wconf 78' lang='grc' dir='ltr'><em>ὲν</em></span> <span class='ocrx_word' id='word_1_59' title='bbox 1049 815 1151 880; x_wconf 82' lang='grc' dir='ltr'><em>μὲν</em></span> <span class='ocrx_word' id='word_1_60' title='bbox 1211 813 1286 880; x_wconf 77' lang='grc' dir='ltr'><em>τῷ</em></span> <span class='ocrx_word' id='word_1_61' title='bbox 1349 814 1693 882; x_wconf 81' lang='grc' dir='ltr'><em>παραχρῆμα</em></span> <span class='ocrx_word' id='word_1_62' title='bbox 1749 813 1952 874; x_wconf 80' lang='grc' dir='ltr'><strong><em>ἱκανῶς</em></strong></span> 
     </span>
     <span class='ocr_line' id='line_1_9' title="bbox 250 892 1950 967; baseline 0 -17"><span class='ocrx_word' id='word_1_63' title='bbox 250 901 420 951; x_wconf 77' lang='grc' dir='ltr'><em>εἰπεῖν</em></span> <span class='ocrx_word' id='word_1_64' title='bbox 482 893 548 958; x_wconf 80' lang='grc' dir='ltr'><em>οὐ</em></span> <span class='ocrx_word' id='word_1_65' title='bbox 607 892 833 966; x_wconf 75' lang='grc' dir='ltr'><em>ῥᾴδιον,</em></span> <span class='ocrx_word' id='word_1_66' title='bbox 889 901 1310 967; x_wconf 75' lang='grc' dir='ltr'><em>ἐπισκεψαμένῳ</em></span> <span class='ocrx_word' id='word_1_67' title='bbox 1369 898 1426 950; x_wconf 78' lang='grc' dir='ltr'><em>δὲ</em></span> <span class='ocrx_word' id='word_1_68' title='bbox 1483 895 1646 950; x_wconf 79' lang='grc' dir='ltr'><em>οὐδὲν</em></span> <span class='ocrx_word' id='word_1_69' title='bbox 1684 894 1950 965; x_wconf 87' lang='grc' dir='ltr'><em>χαλεπόν.</em></span> 
     </span>
     <span class='ocr_line' id='line_1_10' title="bbox 252 973 1950 1050; baseline -0.001 -15"><span class='ocrx_word' id='word_1_70' title='bbox 252 980 419 1035; x_wconf 79' lang='grc' dir='ltr'><em>Εἴποι</em></span> <span class='ocrx_word' id='word_1_71' title='bbox 460 979 580 1050; x_wconf 72' lang='grc' dir='ltr'><em>γὰρ·</em></span> <span class='ocrx_word' id='word_1_72' title='bbox 613 980 706 1035; x_wconf 79' lang='grc' dir='ltr'><em>ἄν.</em></span> <span class='ocrx_word' id='word_1_73' title='bbox 791 978 995 1035; x_wconf 85' lang='grc' dir='ltr'><em>Βούλει</em></span> <span class='ocrx_word' id='word_1_74' title='bbox 1037 973 1139 1035; x_wconf 82' lang='grc' dir='ltr'><em>οὖν</em></span> <span class='ocrx_word' id='word_1_75' title='bbox 1184 979 1443 1050; x_wconf 76' lang='grc' dir='ltr'><em>ὁεώμεθα</em></span> <span class='ocrx_word' id='word_1_76' title='bbox 1488 983 1588 1034; x_wconf 86' lang='grc' dir='ltr'><em>τοῦ</em></span> <span class='ocrx_word' id='word_1_77' title='bbox 1621 978 1688 1035; x_wconf 82' lang='grc' dir='ltr'><em>τα</em></span> <span class='ocrx_word' id='word_1_78' title='bbox 1717 982 1950 1035; x_wconf 74' lang='grc' dir='ltr'><em>τοιαῦτα</em></span> 
     </span>
    </p>
   </div>
   <div class='ocr_carea' id='block_1_5' title="bbox 165 1062 1950 1135">
    <p class='ocr_par' dir='ltr' id='par_1_5' title="bbox 165 1062 1950 1135">
     <span class='ocr_line' id='line_1_11' title="bbox 165 1062 1950 1135; baseline -0.001 -16"><span class='ocrx_word' id='word_1_79' title='bbox 165 1077 212 1129; x_wconf 86' lang='grc' dir='ltr'><strong>Β</strong></span> <span class='ocrx_word' id='word_1_80' title='bbox 249 1064 637 1134; x_wconf 78' lang='grc' dir='ltr'><em>ἀντιλέγοντος</em></span> <span class='ocrx_word' id='word_1_81' title='bbox 678 1063 1078 1131; x_wconf 77' lang='grc' dir='ltr'><em>ἀκολουθῆσαι</em></span> <span class='ocrx_word' id='word_1_82' title='bbox 1120 1062 1266 1135; x_wconf 82' lang='grc' dir='ltr'><em>ἡμῖν,</em></span> <span class='ocrx_word' id='word_1_83' title='bbox 1309 1065 1410 1119; x_wconf 76' lang='grc' dir='ltr'><em>ἐάν</em></span> <span class='ocrx_word' id='word_1_84' title='bbox 1451 1086 1564 1128; x_wconf 85' lang='grc' dir='ltr'><em>πως</em></span> <span class='ocrx_word' id='word_1_85' title='bbox 1589 1062 1743 1135; x_wconf 82' lang='grc' dir='ltr'><em>ἡμεῖς</em></span> <span class='ocrx_word' id='word_1_86' title='bbox 1767 1069 1950 1133; x_wconf 79' lang='grc' dir='ltr'><em>ἐκείνῳ</em></span> 
     </span>
    </p>
   </div>
   <div class='ocr_carea' id='block_1_6' title="bbox 159 1833 206 1886">
    <p class='ocr_par' dir='ltr' id='par_1_6' title="bbox 159 1833 206 1886">
     <span class='ocr_line' id='line_1_12' title="bbox 159 1833 206 1886; textangle 90"><span class='ocrx_word' id='word_1_87' title='bbox 159 1833 206 1886; x_wconf 70' lang='lat'><em>0</em></span> 
     </span>
    </p>
   </div>
   <div class='ocr_carea' id='block_1_7' title="bbox 247 1146 1955 2066">
    <p class='ocr_par' dir='ltr' id='par_1_7' title="bbox 247 1146 1955 2066">
     <span class='ocr_line' id='line_1_13' title="bbox 252 1146 1953 1220; baseline -0.001 -16"><span class='ocrx_word' id='word_1_88' title='bbox 252 1147 658 1219; x_wconf 72' lang='grc' dir='ltr'><em>ἐνδειξώμεθα,</em></span> <span class='ocrx_word' id='word_1_89' title='bbox 713 1146 802 1203; x_wconf 85' lang='grc' dir='ltr'><em>ὅτι</em></span> <span class='ocrx_word' id='word_1_90' title='bbox 861 1149 1023 1205; x_wconf 78' lang='grc' dir='ltr'><em>οὐδέν</em></span> <span class='ocrx_word' id='word_1_91' title='bbox 1081 1156 1229 1203; x_wconf 74' lang='grc' dir='ltr'><em>ἐστιν</em></span> <span class='ocrx_word' id='word_1_92' title='bbox 1283 1150 1615 1220; x_wconf 76' lang='grc' dir='ltr'><em>ὲπιτήὸειμα</em></span> <span class='ocrx_word' id='word_1_93' title='bbox 1674 1152 1815 1204; x_wconf 76' lang='grc' dir='ltr'><em>ἴδιον</em></span> <span class='ocrx_word' id='word_1_94' title='bbox 1858 1169 1953 1218; x_wconf 76' lang='lat' dir='ltr'><em>yv-</em></span> 
     </span>
     <span class='ocr_line' id='line_1_14' title="bbox 254 1231 1951 1303; baseline -0.001 -15"><span class='ocrx_word' id='word_1_95' title='bbox 254 1237 401 1288; x_wconf 87' lang='grc' dir='ltr'><em>ναικὶ</em></span> <span class='ocrx_word' id='word_1_96' title='bbox 470 1232 610 1303; x_wconf 75' lang='grc' dir='ltr'><em>πρὸς</em></span> <span class='ocrx_word' id='word_1_97' title='bbox 665 1236 936 1300; x_wconf 79' lang='grc' dir='ltr'><em>διοίκησιν</em></span> <span class='ocrx_word' id='word_1_98' title='bbox 994 1234 1226 1299; x_wconf 76' lang='grc' dir='ltr'><em>πόλεωςς</em></span> <span class='ocrx_word' id='word_1_99' title='bbox 1314 1234 1485 1287; x_wconf 83' lang='grc' dir='ltr'><em>Πάνυ</em></span> <span class='ocrx_word' id='word_1_100' title='bbox 1541 1255 1616 1301; x_wconf 78' lang='grc' dir='ltr'><em>γε.</em></span> <span class='ocrx_word' id='word_1_101' title='bbox 1687 1231 1812 1288; x_wconf 73' lang='grc' dir='ltr'><em>Ἴθι</em></span> <span class='ocrx_word' id='word_1_102' title='bbox 1869 1234 1951 1299; x_wconf 79' lang='grc' dir='ltr'><em>ὸή,</em></span> 
     </span>
     <span class='ocr_line' id='line_1_15' title="bbox 249 1309 1955 1391; baseline -0.001 -17"><span class='ocrx_word' id='word_1_103' title='bbox 249 1317 506 1391; x_wconf 82' lang='grc' dir='ltr'><em>φήσομεν</em></span> <span class='ocrx_word' id='word_1_104' title='bbox 551 1315 694 1386; x_wconf 84' lang='grc' dir='ltr'><em>πρὸς</em></span> <span class='ocrx_word' id='word_1_105' title='bbox 737 1316 942 1382; x_wconf 84' lang='grc' dir='ltr'><em>αὐτόν,</em></span> <span class='ocrx_word' id='word_1_106' title='bbox 999 1317 1329 1388; x_wconf 79' lang='grc' dir='ltr'><em>ἀποκρίνου.</em></span> <span class='ocrx_word' id='word_1_107' title='bbox 1377 1309 1492 1387; x_wconf 80' lang='grc' dir='ltr'><em>ἆρα</em></span> <span class='ocrx_word' id='word_1_108' title='bbox 1541 1315 1718 1382; x_wconf 77' lang='grc' dir='ltr'><em>οὕτως</em></span> <span class='ocrx_word' id='word_1_109' title='bbox 1761 1321 1955 1383; x_wconf 73' lang='grc' dir='ltr'><em>ἔλεγες,</em></span> 
     </span>
     <span class='ocr_line' id='line_1_16' title="bbox 252 1400 1950 1476; baseline -0.001 -20"><span class='ocrx_word' id='word_1_110' title='bbox 252 1401 354 1457; x_wconf 85' lang='grc' dir='ltr'><em>τὸν</em></span> <span class='ocrx_word' id='word_1_111' title='bbox 397 1410 502 1472; x_wconf 83' lang='grc' dir='ltr'><em>μὲν</em></span> <span class='ocrx_word' id='word_1_112' title='bbox 539 1401 718 1476; x_wconf 75' lang='grc' dir='ltr'><em>εὐφυῆ</em></span> <span class='ocrx_word' id='word_1_113' title='bbox 764 1402 904 1474; x_wconf 85' lang='grc' dir='ltr'><em>πρός</em></span> <span class='ocrx_word' id='word_1_114' title='bbox 957 1422 1009 1456; x_wconf 87' lang='grc' dir='ltr'><em>τι</em></span> <span class='ocrx_word' id='word_1_115' title='bbox 1055 1401 1222 1466; x_wconf 87' lang='grc' dir='ltr'><em>εἶναι,</em></span> <span class='ocrx_word' id='word_1_116' title='bbox 1283 1400 1385 1456; x_wconf 86' lang='grc' dir='ltr'><em>τὸν</em></span> <span class='ocrx_word' id='word_1_117' title='bbox 1446 1405 1505 1456; x_wconf 77' lang='grc' dir='ltr'><em>δὲ</em></span> <span class='ocrx_word' id='word_1_118' title='bbox 1563 1402 1749 1474; x_wconf 75' lang='grc' dir='ltr'><em>ἀφυῆ,</em></span> <span class='ocrx_word' id='word_1_119' title='bbox 1804 1409 1863 1456; x_wconf 84' lang='grc' dir='ltr'><em>ὲν</em></span> <span class='ocrx_word' id='word_1_120' title='bbox 1907 1424 1950 1471; x_wconf 85' lang='grc' dir='ltr'><em>ῳ</em></span> 
     </span>
     <span class='ocr_line' id='line_1_17' title="bbox 252 1483 1952 1565; baseline -0.002 -23"><span class='ocrx_word' id='word_1_121' title='bbox 252 1486 282 1542; x_wconf 87' lang='grc' dir='ltr'>ὁ</span> <span class='ocrx_word' id='word_1_122' title='bbox 326 1490 428 1558; x_wconf 83' lang='grc' dir='ltr'><em>ιιὲν</em></span> <span class='ocrx_word' id='word_1_123' title='bbox 464 1483 668 1565; x_wconf 76' lang='grc' dir='ltr'><em>ῥᾳδίως</em></span> <span class='ocrx_word' id='word_1_124' title='bbox 709 1507 763 1540; x_wconf 85' lang='grc' dir='ltr'><em>τι</em></span> <span class='ocrx_word' id='word_1_125' title='bbox 804 1485 1122 1554; x_wconf 72' lang='grc' dir='ltr'><em>μανθάνοι,</em></span> <span class='ocrx_word' id='word_1_126' title='bbox 1159 1484 1188 1540; x_wconf 88' lang='grc' dir='ltr'>ὁ</span> <span class='ocrx_word' id='word_1_127' title='bbox 1237 1488 1293 1541; x_wconf 79' lang='grc' dir='ltr'><em>δὲ</em></span> <span class='ocrx_word' id='word_1_128' title='bbox 1314 1490 1596 1556; x_wconf 67' lang='grc' dir='ltr'><em>χαλεπῶςς</em></span> <span class='ocrx_word' id='word_1_129' title='bbox 1638 1490 1728 1540; x_wconf 77' lang='grc' dir='ltr'><em>καὶ</em></span> <span class='ocrx_word' id='word_1_130' title='bbox 1774 1485 1803 1542; x_wconf 87' lang='grc' dir='ltr'><em>ὁ</em></span> <span class='ocrx_word' id='word_1_131' title='bbox 1851 1491 1952 1557; x_wconf 79' lang='grc' dir='ltr'><em>μὲν</em></span> 
     </span>
     <span class='ocr_line' id='line_1_18' title="bbox 247 1568 1952 1642; baseline 0 -17"><span class='ocrx_word' id='word_1_132' title='bbox 247 1570 362 1626; x_wconf 80' lang='grc' dir='ltr'><em>ἀπὸ</em></span> <span class='ocrx_word' id='word_1_133' title='bbox 419 1573 685 1642; x_wconf 79' lang='grc' dir='ltr'><em>βραχείας</em></span> <span class='ocrx_word' id='word_1_134' title='bbox 737 1569 1041 1641; x_wconf 76' lang='grc' dir='ltr'><em>μαθήσεως</em></span> <span class='ocrx_word' id='word_1_135' title='bbox 1094 1574 1184 1625; x_wconf 72' lang='grc' dir='ltr'><em>ἐπὶ</em></span> <span class='ocrx_word' id='word_1_136' title='bbox 1239 1569 1385 1625; x_wconf 77' lang='grc' dir='ltr'><em>πολὺ</em></span> <span class='ocrx_word' id='word_1_137' title='bbox 1444 1568 1731 1642; x_wconf 80' lang='grc' dir='ltr'><em>εὑρετικὸς</em></span> <span class='ocrx_word' id='word_1_138' title='bbox 1761 1574 1843 1638; x_wconf 78' lang='grc' dir='ltr'><em>εἴη</em></span> <span class='ocrx_word' id='word_1_139' title='bbox 1884 1572 1952 1627; x_wconf 78' lang='grc' dir='ltr'><em>οὑ</em></span> 
     </span>
     <span class='ocr_line' id='line_1_19' title="bbox 247 1653 1952 1726; baseline -0.001 -16"><span class='ocrx_word' id='word_1_140' title='bbox 247 1658 494 1726; x_wconf 77' lang='grc' dir='ltr'><em>ἔμαθεν,</em></span> <span class='ocrx_word' id='word_1_141' title='bbox 550 1653 580 1711; x_wconf 84' lang='grc' dir='ltr'>ὁ</span> <span class='ocrx_word' id='word_1_142' title='bbox 629 1657 686 1710; x_wconf 81' lang='grc' dir='ltr'><em>δὲ</em></span> <span class='ocrx_word' id='word_1_143' title='bbox 732 1658 946 1722; x_wconf 87' lang='grc' dir='ltr'><em>πολλῆς</em></span> <span class='ocrx_word' id='word_1_144' title='bbox 1002 1654 1314 1726; x_wconf 77' lang='grc' dir='ltr'><em>μαθήσεως</em></span> <span class='ocrx_word' id='word_1_145' title='bbox 1358 1654 1536 1726; x_wconf 78' lang='grc' dir='ltr'><em>τυχών</em></span> <span class='ocrx_word' id='word_1_146' title='bbox 1590 1659 1682 1710; x_wconf 80' lang='grc' dir='ltr'><em>καὶ</em></span> <span class='ocrx_word' id='word_1_147' title='bbox 1728 1661 1952 1726; x_wconf 79' lang='grc' dir='ltr'><em>μελετης</em></span> 
     </span>
     <span class='ocr_line' id='line_1_20' title="bbox 247 1737 1950 1812; baseline -0.001 -17"><span class='ocrx_word' id='word_1_148' title='bbox 247 1739 378 1812; x_wconf 83' lang='grc' dir='ltr'><em>μηδ’</em></span> <span class='ocrx_word' id='word_1_149' title='bbox 440 1738 478 1794; x_wconf 78' lang='grc' dir='ltr'><em>ἃ</em></span> <span class='ocrx_word' id='word_1_150' title='bbox 539 1744 723 1810; x_wconf 75' lang='grc' dir='ltr'><em>ἔμαθε</em></span> <span class='ocrx_word' id='word_1_151' title='bbox 781 1738 1045 1807; x_wconf 74' lang='grc' dir='ltr'><em>σώζοιτος</em></span> <span class='ocrx_word' id='word_1_152' title='bbox 1101 1743 1195 1795; x_wconf 82' lang='grc' dir='ltr'><em>καὶ</em></span> <span class='ocrx_word' id='word_1_153' title='bbox 1239 1761 1316 1810; x_wconf 84' lang='grc' dir='ltr'><em>τω</em></span> <span class='ocrx_word' id='word_1_154' title='bbox 1357 1743 1459 1810; x_wconf 80' lang='grc' dir='ltr'><em>μὲν</em></span> <span class='ocrx_word' id='word_1_155' title='bbox 1504 1737 1574 1794; x_wconf 77' lang='grc' dir='ltr'><em>τά</em></span> <span class='ocrx_word' id='word_1_156' title='bbox 1619 1743 1719 1795; x_wconf 85' lang='grc' dir='ltr'><em>τοῦ</em></span> <span class='ocrx_word' id='word_1_157' title='bbox 1765 1741 1950 1811; x_wconf 77' lang='grc' dir='ltr'><em>σώμα-</em></span> 
     </span>
     <span class='ocr_line' id='line_1_21' title="bbox 255 1822 1954 1902; baseline -0.001 -23"><span class='ocrx_word' id='word_1_158' title='bbox 255 1847 352 1890; x_wconf 84' lang='grc' dir='ltr'><em>τος</em></span> <span class='ocrx_word' id='word_1_159' title='bbox 395 1827 597 1890; x_wconf 84' lang='grc' dir='ltr'><em>ἱκανῶς</em></span> <span class='ocrx_word' id='word_1_160' title='bbox 638 1822 909 1895; x_wconf 80' lang='grc' dir='ltr'><em>ὑπηρετοῖ</em></span> <span class='ocrx_word' id='word_1_161' title='bbox 951 1827 1017 1902; x_wconf 86' lang='grc' dir='ltr'><em>τῆ</em></span> <span class='ocrx_word' id='word_1_162' title='bbox 1062 1826 1316 1895; x_wconf 74' lang='grc' dir='ltr'><em>διανοίᾳ,</em></span> <span class='ocrx_word' id='word_1_163' title='bbox 1376 1826 1452 1893; x_wconf 82' lang='grc' dir='ltr'><em>τῷ</em></span> <span class='ocrx_word' id='word_1_164' title='bbox 1509 1827 1566 1880; x_wconf 81' lang='grc' dir='ltr'><em>δὲ</em></span> <span class='ocrx_word' id='word_1_165' title='bbox 1611 1831 1954 1887; x_wconf 78' lang='grc' dir='ltr'><em>ἐναντιοῖτο,-</em></span> 
     </span>
     <span class='ocr_line' id='line_1_22' title="bbox 249 1901 1952 1981; baseline -0.002 -16"><span class='ocrx_word' id='word_1_166' title='bbox 249 1901 344 1981; x_wconf 80' lang='grc' dir='ltr'><em>ἆρ’</em></span> <span class='ocrx_word' id='word_1_167' title='bbox 397 1907 524 1964; x_wconf 81' lang='grc' dir='ltr'><em>ἄλλ’</em></span> <span class='ocrx_word' id='word_1_168' title='bbox 577 1906 722 1964; x_wconf 79' lang='grc' dir='ltr'><em>ἄττα</em></span> <span class='ocrx_word' id='word_1_169' title='bbox 766 1912 915 1964; x_wconf 78' lang='grc' dir='ltr'><em>ἐστιν</em></span> <span class='ocrx_word' id='word_1_170' title='bbox 956 1907 990 1976; x_wconf 72' lang='grc' dir='ltr'><em>ι’]</em></span> <span class='ocrx_word' id='word_1_171' title='bbox 1038 1912 1249 1978; x_wconf 85' lang='grc' dir='ltr'><em>ταῦτα,</em></span> <span class='ocrx_word' id='word_1_172' title='bbox 1309 1907 1391 1972; x_wconf 84' lang='grc' dir='ltr'><em>οἷς</em></span> <span class='ocrx_word' id='word_1_173' title='bbox 1450 1906 1548 1962; x_wconf 85' lang='grc' dir='ltr'><em>τὸν</em></span> <span class='ocrx_word' id='word_1_174' title='bbox 1591 1908 1765 1981; x_wconf 71' lang='grc' dir='ltr'><em>εὐφυῆ</em></span> <span class='ocrx_word' id='word_1_175' title='bbox 1813 1908 1952 1980; x_wconf 80' lang='grc' dir='ltr'><em>πρὸς</em></span> 
     </span>
     <span class='ocr_line' id='line_1_23' title="bbox 248 1991 1949 2066; baseline -0.002 -16"><span class='ocrx_word' id='word_1_176' title='bbox 248 2001 450 2050; x_wconf 83' lang='grc' dir='ltr'><em>έκαστα</em></span> <span class='ocrx_word' id='word_1_177' title='bbox 493 1997 585 2049; x_wconf 84' lang='grc' dir='ltr'><em>καὶ</em></span> <span class='ocrx_word' id='word_1_178' title='bbox 630 1993 730 2049; x_wconf 86' lang='grc' dir='ltr'><em>τὸν</em></span> <span class='ocrx_word' id='word_1_179' title='bbox 775 1992 852 2065; x_wconf 85' lang='grc' dir='ltr'><em>μὴ</em></span> <span class='ocrx_word' id='word_1_180' title='bbox 898 1991 1129 2066; x_wconf 78' lang='grc' dir='ltr'><em>ὠρίζου;</em></span> <span class='ocrx_word' id='word_1_181' title='bbox 1222 1991 1435 2058; x_wconf 78' lang='grc' dir='ltr'><em>Οὐδείς,</em></span> <span class='ocrx_word' id='word_1_182' title='bbox 1483 2015 1513 2060; x_wconf 84' lang='grc' dir='ltr'>η</span> <span class='ocrx_word' id='word_1_183' title='bbox 1559 1992 1610 2047; x_wconf 81' lang='grc' dir='ltr'><em>δ’</em></span> <span class='ocrx_word' id='word_1_184' title='bbox 1665 1993 1758 2057; x_wconf 84' lang='grc' dir='ltr'><em>ὅς,</em></span> <span class='ocrx_word' id='word_1_185' title='bbox 1803 1991 1949 2048; x_wconf 74' lang='grc' dir='ltr'><em>ἄλλα</em></span> 
     </span>
    </p>
   </div>
   <div class='ocr_carea' id='block_1_8' title="bbox 249 2155 1950 2739">
    <p class='ocr_par' dir='ltr' id='par_1_8' title="bbox 250 2155 1948 2272">
     <span class='ocr_line' id='line_1_24' title="bbox 366 2155 1948 2215; baseline 0 -13"><span class='ocrx_word' id='word_1_186' title='bbox 366 2161 475 2214; x_wconf 82' lang='lat' dir='ltr'><strong>Cap.</strong></span> <span class='ocrx_word' id='word_1_187' title='bbox 513 2162 561 2203; x_wconf 89' lang='lat' dir='ltr'><em>V.</em></span> <span class='ocrx_word' id='word_1_188' title='bbox 620 2162 674 2204; x_wconf 82' lang='lat' dir='ltr'><em>E.</em></span> <span class='ocrx_word' id='word_1_189' title='bbox 736 2160 836 2201; x_wconf 81' lang='grc' dir='ltr'><em>Καὶ</em></span> <span class='ocrx_word' id='word_1_190' title='bbox 879 2156 1070 2215; x_wconf 73' lang='grc' dir='ltr'><em>ὀρθῶς</em></span> <span class='ocrx_word' id='word_1_191' title='bbox 1112 2155 1176 2214; x_wconf 89' lang='grc' dir='ltr'><em>γ’,</em></span> <span class='ocrx_word' id='word_1_192' title='bbox 1223 2160 1363 2215; x_wconf 76' lang='grc' dir='ltr'><strong>ἔφη.]</strong></span> <span class='ocrx_word' id='word_1_193' title='bbox 1403 2161 1574 2201; x_wconf 87' lang='lat' dir='ltr'><strong>Addidi</strong></span> <span class='ocrx_word' id='word_1_194' title='bbox 1614 2158 1660 2215; x_wconf 80' lang='grc' dir='ltr'><em>γ’</em></span> <span class='ocrx_word' id='word_1_195' title='bbox 1701 2176 1723 2202; x_wconf 89' lang='lat' dir='ltr'><strong>e</strong></span> <span class='ocrx_word' id='word_1_196' title='bbox 1754 2163 1876 2203; x_wconf 81' lang='lat' dir='ltr'><strong>Flor.</strong></span> <span class='ocrx_word' id='word_1_197' title='bbox 1909 2177 1948 2204; x_wconf 88' lang='lat' dir='ltr'><em>a.</em></span> 
     </span>
     <span class='ocr_line' id='line_1_25' title="bbox 250 2218 1718 2272; baseline -0.001 -11"><span class='ocrx_word' id='word_1_198' title='bbox 250 2234 287 2261; x_wconf 84' lang='lat' dir='ltr'><em>c.</em></span> <span class='ocrx_word' id='word_1_199' title='bbox 320 2234 362 2263; x_wconf 84' lang='lat' dir='ltr'><em>x,</em></span> <span class='ocrx_word' id='word_1_200' title='bbox 401 2221 506 2260; x_wconf 85' lang='lat' dir='ltr'><strong>Ven.</strong></span> <span class='ocrx_word' id='word_1_201' title='bbox 541 2219 589 2262; x_wconf 82' lang='grc' dir='ltr'><strong>Ξ.</strong></span> <span class='ocrx_word' id='word_1_202' title='bbox 621 2221 781 2271; x_wconf 86' lang='lat' dir='ltr'><strong>Angel.</strong></span> <span class='ocrx_word' id='word_1_203' title='bbox 812 2225 855 2260; x_wconf 86' lang='lat' dir='ltr'><strong>et</strong></span> <span class='ocrx_word' id='word_1_204' title='bbox 886 2218 1041 2260; x_wconf 83' lang='lat' dir='ltr'><strong>Galen.</strong></span> <span class='ocrx_word' id='word_1_205' title='bbox 1101 2219 1322 2260; x_wconf 87' lang='lat' dir='ltr'><strong>Omittunt</strong></span> <span class='ocrx_word' id='word_1_206' title='bbox 1351 2220 1474 2261; x_wconf 80' lang='lat' dir='ltr'><strong>editt.</strong></span> <span class='ocrx_word' id='word_1_207' title='bbox 1506 2220 1718 2272; x_wconf 85' lang='lat' dir='ltr'><strong>reliquae.</strong></span> 
     </span>
    </p>

    <p class='ocr_par' dir='ltr' id='par_1_9' title="bbox 249 2272 1948 2385">
     <span class='ocr_line' id='line_1_26' title="bbox 367 2272 1948 2331; baseline 0.001 -13"><span class='ocrx_word' id='word_1_208' title='bbox 367 2272 585 2318; x_wconf 82' lang='grc' dir='ltr'><em>Ου’κοῦν</em></span> <span class='ocrx_word' id='word_1_209' title='bbox 616 2274 742 2328; x_wconf 82' lang='grc' dir='ltr'><em>μετὰ</em></span> <span class='ocrx_word' id='word_1_210' title='bbox 773 2278 938 2318; x_wconf 81' lang='grc' dir='ltr'><em>τοῦτο</em></span> <span class='ocrx_word' id='word_1_211' title='bbox 971 2274 1289 2331; x_wconf 79' lang='grc' dir='ltr'><em>κελεύομεν]</em></span> <span class='ocrx_word' id='word_1_212' title='bbox 1323 2278 1434 2318; x_wconf 87' lang='lat' dir='ltr'><strong>Ven.</strong></span> <span class='ocrx_word' id='word_1_213' title='bbox 1466 2277 1513 2320; x_wconf 81' lang='grc' dir='ltr'><em>Ξ.</em></span> <span class='ocrx_word' id='word_1_214' title='bbox 1545 2277 1792 2328; x_wconf 72' lang='grc' dir='ltr'><em>κελεύωμεν.</em></span> <span class='ocrx_word' id='word_1_215' title='bbox 1853 2280 1948 2320; x_wconf 83' lang='lat' dir='ltr'><em>Ma-</em></span> 
     </span>
     <span class='ocr_line' id='line_1_27' title="bbox 249 2333 1330 2385; baseline 0 -9"><span class='ocrx_word' id='word_1_216' title='bbox 249 2337 325 2376; x_wconf 75' lang='lat' dir='ltr'><em>lim</em></span> <span class='ocrx_word' id='word_1_217' title='bbox 358 2333 633 2385; x_wconf 75' lang='grc' dir='ltr'><em>κελεύσομεν,</em></span> <span class='ocrx_word' id='word_1_218' title='bbox 666 2337 747 2376; x_wconf 84' lang='lat' dir='ltr'><strong>etsi</strong></span> <span class='ocrx_word' id='word_1_219' title='bbox 780 2336 1040 2378; x_wconf 80' lang='lat' dir='ltr'><strong>adversatur</strong></span> <span class='ocrx_word' id='word_1_220' title='bbox 1070 2335 1330 2377; x_wconf 77' lang='lat' dir='ltr'><strong>Schneider.</strong></span> 
     </span>
    </p>

    <p class='ocr_par' dir='ltr' id='par_1_10' title="bbox 250 2387 1950 2680">
     <span class='ocr_line' id='line_1_28' title="bbox 365 2387 1949 2447; baseline -0.001 -12"><span class='ocrx_word' id='word_1_221' title='bbox 365 2394 416 2436; x_wconf 90' lang='lat' dir='ltr'><em>P.</em></span> <span class='ocrx_word' id='word_1_222' title='bbox 448 2392 549 2436; x_wconf 82' lang='lat'><em>455.</em></span> <span class='ocrx_word' id='word_1_223' title='bbox 610 2393 659 2434; x_wconf 85' lang='lat' dir='ltr'><em>C.</em></span> <span class='ocrx_word' id='word_1_224' title='bbox 721 2390 785 2435; x_wconf 85' lang='grc' dir='ltr'><em>ου’</em></span> <span class='ocrx_word' id='word_1_225' title='bbox 817 2391 988 2435; x_wconf 84' lang='grc' dir='ltr'><em>πάντα</em></span> <span class='ocrx_word' id='word_1_226' title='bbox 1018 2395 1188 2434; x_wconf 76' lang='grc' dir='ltr'><em>ταῦτα</em></span> <span class='ocrx_word' id='word_1_227' title='bbox 1220 2391 1278 2435; x_wconf 84' lang='grc' dir='ltr'><em>τὸ</em></span> <span class='ocrx_word' id='word_1_228' title='bbox 1321 2393 1420 2447; x_wconf 76' lang='grc' dir='ltr'><em>τῶν</em></span> <span class='ocrx_word' id='word_1_229' title='bbox 1453 2387 1625 2446; x_wconf 58' lang='grc' dir='ltr'><em>ἄνθει]</em></span> <span class='ocrx_word' id='word_1_230' title='bbox 1669 2394 1860 2445; x_wconf 84' lang='lat' dir='ltr'><strong>Vigerus</strong></span> <span class='ocrx_word' id='word_1_231' title='bbox 1892 2394 1949 2434; x_wconf 77' lang='lat' dir='ltr'><strong>ad</strong></span> 
     </span>
     <span class='ocr_line' id='line_1_29' title="bbox 251 2451 1950 2522; baseline 0 -30"><span class='ocrx_word' id='word_1_232' title='bbox 251 2452 414 2493; x_wconf 85' lang='lat' dir='ltr'><strong>Euseb.</strong></span> <span class='ocrx_word' id='word_1_233' title='bbox 444 2451 612 2503; x_wconf 83' lang='lat' dir='ltr'><em>Praep.—</em></span> <span class='ocrx_word' id='word_1_234' title='bbox 638 2452 720 2492; x_wconf 88' lang='lat' dir='ltr'><em>Ev.</em></span> <span class='ocrx_word' id='word_1_235' title='bbox 756 2452 867 2522; x_wconf 41' lang='lat' dir='ltr'>XU&#39;,</span> <span class='ocrx_word' id='word_1_236' title='bbox 896 2452 968 2496; x_wconf 91' lang='grc'><em>32.</em></span> <span class='ocrx_word' id='word_1_237' title='bbox 1002 2466 1044 2506; x_wconf 90' lang='grc' dir='ltr'><em>Ρ.</em></span> <span class='ocrx_word' id='word_1_238' title='bbox 1074 2452 1175 2496; x_wconf 87' lang='grc'><strong>608.</strong></span> <span class='ocrx_word' id='word_1_239' title='bbox 1250 2483 1286 2503; x_wconf 92' lang='grc'><strong>.,</strong></span> <span class='ocrx_word' id='word_1_240' title='bbox 1329 2452 1403 2492; x_wconf 89' lang='lat' dir='ltr'><em>ubi</em></span> <span class='ocrx_word' id='word_1_241' title='bbox 1434 2456 1554 2491; x_wconf 86' lang='lat' dir='ltr'><strong>totus</strong></span> <span class='ocrx_word' id='word_1_242' title='bbox 1585 2452 1655 2492; x_wconf 84' lang='lat' dir='ltr'><em>hic</em></span> <span class='ocrx_word' id='word_1_243' title='bbox 1684 2452 1808 2492; x_wconf 79' lang='lat' dir='ltr'><strong>loeus</strong></span> <span class='ocrx_word' id='word_1_244' title='bbox 1841 2453 1950 2492; x_wconf 78' lang='lat' dir='ltr'><strong>reci-</strong></span> 
     </span>
     <span class='ocr_line' id='line_1_30' title="bbox 250 2506 1948 2564; baseline 0.001 -15"><span class='ocrx_word' id='word_1_245' title='bbox 250 2517 393 2561; x_wconf 80' lang='lat' dir='ltr'><em>tatur,</em></span> <span class='ocrx_word' id='word_1_246' title='bbox 433 2511 684 2561; x_wconf 81' lang='lat' dir='ltr'><strong>corrigebat</strong></span> <span class='ocrx_word' id='word_1_247' title='bbox 721 2506 872 2559; x_wconf 80' lang='grc' dir='ltr'><em>ταυτά,</em></span> <span class='ocrx_word' id='word_1_248' title='bbox 913 2512 1034 2564; x_wconf 89' lang='lat' dir='ltr'><strong>quod</strong></span> <span class='ocrx_word' id='word_1_249' title='bbox 1074 2512 1284 2563; x_wconf 83' lang='lat' dir='ltr'><strong>scriptum</strong></span> <span class='ocrx_word' id='word_1_250' title='bbox 1326 2514 1470 2550; x_wconf 86' lang='lat' dir='ltr'><strong>exstat</strong></span> <span class='ocrx_word' id='word_1_251' title='bbox 1512 2510 1558 2548; x_wconf 84' lang='lat' dir='ltr'><em>in</em></span> <span class='ocrx_word' id='word_1_252' title='bbox 1599 2510 1727 2549; x_wconf 76' lang='lat' dir='ltr'><strong>codd.</strong></span> <span class='ocrx_word' id='word_1_253' title='bbox 1766 2511 1863 2551; x_wconf 82' lang='lat' dir='ltr'><strong>Par.</strong></span> <span class='ocrx_word' id='word_1_254' title='bbox 1900 2515 1948 2550; x_wconf 79' lang='grc' dir='ltr'><em>Α.</em></span> 
     </span>
     <span class='ocr_line' id='line_1_31' title="bbox 250 2569 1949 2639; baseline 0 -31"><span class='ocrx_word' id='word_1_255' title='bbox 250 2569 374 2609; x_wconf 80' lang='lat' dir='ltr'><strong>Flor.</strong></span> <span class='ocrx_word' id='word_1_256' title='bbox 409 2581 448 2610; x_wconf 83' lang='lat' dir='ltr'><em>a.</em></span> <span class='ocrx_word' id='word_1_257' title='bbox 482 2580 519 2608; x_wconf 82' lang='lat' dir='ltr'><em>e.</em></span> <span class='ocrx_word' id='word_1_258' title='bbox 552 2581 590 2611; x_wconf 89' lang='grc' dir='ltr'><strong>α.</strong></span> <span class='ocrx_word' id='word_1_259' title='bbox 652 2569 742 2610; x_wconf 88' lang='lat' dir='ltr'><em>Sed</em></span> <span class='ocrx_word' id='word_1_260' title='bbox 781 2570 923 2639; x_wconf 79' lang='lat' dir='ltr'><strong>proba</strong></span> <span class='ocrx_word' id='word_1_261' title='bbox 963 2574 1029 2610; x_wconf 82' lang='lat' dir='ltr'><strong>est</strong></span> <span class='ocrx_word' id='word_1_262' title='bbox 1070 2570 1196 2610; x_wconf 80' lang='lat' dir='ltr'><strong>lectio</strong></span> <span class='ocrx_word' id='word_1_263' title='bbox 1236 2569 1436 2621; x_wconf 81' lang='lat' dir='ltr'><strong>vulgata,</strong></span> <span class='ocrx_word' id='word_1_264' title='bbox 1479 2569 1585 2619; x_wconf 84' lang='lat' dir='ltr'><strong>quia.</strong></span> <span class='ocrx_word' id='word_1_265' title='bbox 1622 2569 1855 2620; x_wconf 80' lang='lat' dir='ltr'><strong>respicitur</strong></span> <span class='ocrx_word' id='word_1_266' title='bbox 1894 2569 1949 2609; x_wconf 81' lang='lat' dir='ltr'><em>ad</em></span> 
     </span>
     <span class='ocr_line' id='line_1_32' title="bbox 251 2620 1542 2680; baseline -0.003 -12"><span class='ocrx_word' id='word_1_267' title='bbox 251 2627 563 2679; x_wconf 82' lang='lat' dir='ltr'><strong>praecedentia</strong></span> <span class='ocrx_word' id='word_1_268' title='bbox 592 2627 685 2677; x_wconf 86' lang='lat' dir='ltr'>illa,</span> <span class='ocrx_word' id='word_1_269' title='bbox 723 2625 770 2668; x_wconf 84' lang='grc' dir='ltr'><em>τὸ</em></span> <span class='ocrx_word' id='word_1_270' title='bbox 803 2623 951 2680; x_wconf 85' lang='grc' dir='ltr'><em>ευφυῆ</em></span> <span class='ocrx_word' id='word_1_271' title='bbox 979 2620 1088 2667; x_wconf 84' lang='grc' dir='ltr'><em>εἶναι</em></span> <span class='ocrx_word' id='word_1_272' title='bbox 1118 2622 1339 2678; x_wconf 74' lang='grc' dir='ltr'><em>εὸρετικὸν</em></span> <span class='ocrx_word' id='word_1_273' title='bbox 1371 2640 1405 2666; x_wconf 82' lang='grc' dir='ltr'><strong>κ.</strong></span> <span class='ocrx_word' id='word_1_274' title='bbox 1439 2639 1474 2664; x_wconf 79' lang='grc' dir='ltr'><strong>τ.</strong></span> <span class='ocrx_word' id='word_1_275' title='bbox 1507 2626 1542 2666; x_wconf 76' lang='grc' dir='ltr'><strong>λ.</strong></span> 
     </span>
    </p>

    <p class='ocr_par' dir='ltr' id='par_1_11' title="bbox 365 2683 1745 2739">
     <span class='ocr_line' id='line_1_33' title="bbox 365 2683 1745 2739; baseline -0.001 -14"><span class='ocrx_word' id='word_1_276' title='bbox 365 2684 418 2726; x_wconf 87' lang='lat' dir='ltr'><em>D.</em></span> <span class='ocrx_word' id='word_1_277' title='bbox 482 2689 742 2738; x_wconf 66' lang='grc' dir='ltr'><em>γυναῖκες</em></span> <span class='ocrx_word' id='word_1_278' title='bbox 775 2684 961 2736; x_wconf 83' lang='grc' dir='ltr'><em>μέντοι</em></span> <span class='ocrx_word' id='word_1_279' title='bbox 994 2685 1210 2739; x_wconf 73' lang='grc' dir='ltr'><em>πολλαί]</em></span> <span class='ocrx_word' id='word_1_280' title='bbox 1243 2683 1319 2735; x_wconf 82' lang='grc' dir='ltr'><em>μέν</em></span> <span class='ocrx_word' id='word_1_281' title='bbox 1351 2698 1415 2724; x_wconf 83' lang='grc' dir='ltr'><em>τοι</em></span> <span class='ocrx_word' id='word_1_282' title='bbox 1447 2696 1560 2724; x_wconf 88' lang='lat' dir='ltr'><strong>corr.</strong></span> <span class='ocrx_word' id='word_1_283' title='bbox 1593 2683 1745 2724; x_wconf 86' lang='lat' dir='ltr'><strong>Herm.</strong></span> 
     </span>
    </p>
   </div>
   <div class='ocr_carea' id='block_1_9' title="bbox 252 2791 1948 3492">
    <p class='ocr_par' dir='ltr' id='par_1_12' title="bbox 252 2791 1948 3430">
     <span class='ocr_line' id='line_1_34' title="bbox 308 2791 1947 2854; baseline -0.002 -15"><span class='ocrx_word' id='word_1_284' title='bbox 308 2799 361 2843; x_wconf 85' lang='lat' dir='ltr'><em>B.</em></span> <span class='ocrx_word' id='word_1_285' title='bbox 424 2797 479 2840; x_wconf 82' lang='grc' dir='ltr'><em>ἐν</em></span> <span class='ocrx_word' id='word_1_286' title='bbox 511 2791 546 2854; x_wconf 79' lang='grc' dir='ltr'><em>ᾦ</em></span> <span class='ocrx_word' id='word_1_287' title='bbox 578 2795 602 2841; x_wconf 85' lang='grc' dir='ltr'>ὁ</span> <span class='ocrx_word' id='word_1_288' title='bbox 634 2798 728 2851; x_wconf 83' lang='grc' dir='ltr'><em>μὲν</em></span> <span class='ocrx_word' id='word_1_289' title='bbox 763 2793 972 2854; x_wconf 75' lang='grc' dir='ltr'><em>ῥᾳδίως</em></span> <span class='ocrx_word' id='word_1_290' title='bbox 1008 2815 1059 2841; x_wconf 87' lang='grc' dir='ltr'><em>τι</em></span> <span class='ocrx_word' id='word_1_291' title='bbox 1140 2802 1184 2843; x_wconf 92' lang='lat' dir='ltr'><em>h.</em></span> <span class='ocrx_word' id='word_1_292' title='bbox 1231 2814 1269 2841; x_wconf 86' lang='lat' dir='ltr'><em>e.</em></span> <span class='ocrx_word' id='word_1_293' title='bbox 1309 2813 1373 2841; x_wconf 87' lang='lat' dir='ltr'><strong>ne</strong></span> <span class='ocrx_word' id='word_1_294' title='bbox 1417 2799 1672 2840; x_wconf 82' lang='lat' dir='ltr'><strong>memoria</strong></span> <span class='ocrx_word' id='word_1_295' title='bbox 1729 2796 1947 2849; x_wconf 84' lang='lat' dir='ltr'><strong>quidem</strong></span> 
     </span>
     <span class='ocr_line' id='line_1_35' title="bbox 253 2853 1947 2929; baseline -0.002 -32"><span class='ocrx_word' id='word_1_296' title='bbox 253 2855 560 2929; x_wconf 78' lang='grc' dir='ltr'><em>μανθάνοι]</em></span> <span class='ocrx_word' id='word_1_297' title='bbox 606 2859 646 2899; x_wconf 88' lang='lat' dir='ltr'><em>h.</em></span> <span class='ocrx_word' id='word_1_298' title='bbox 681 2870 711 2898; x_wconf 87' lang='lat' dir='ltr'><strong>e</strong></span> <span class='ocrx_word' id='word_1_299' title='bbox 756 2857 800 2898; x_wconf 83' lang='grc' dir='ltr'><em>εἰ</em></span> <span class='ocrx_word' id='word_1_300' title='bbox 834 2857 881 2898; x_wconf 83' lang='grc' dir='ltr'><em>ἔν</em></span> <span class='ocrx_word' id='word_1_301' title='bbox 922 2873 1000 2898; x_wconf 84' lang='grc' dir='ltr'><em>τινι</em></span> <span class='ocrx_word' id='word_1_302' title='bbox 1035 2853 1059 2898; x_wconf 86' lang='grc' dir='ltr'>ὁ</span> <span class='ocrx_word' id='word_1_303' title='bbox 1143 2864 1427 2906; x_wconf 51' lang='lat' dir='ltr'><em>servarem</em></span> <span class='ocrx_word' id='word_1_304' title='bbox 1470 2857 1605 2897; x_wconf 81' lang='lat' dir='ltr'>auch</span> <span class='ocrx_word' id='word_1_305' title='bbox 1645 2856 1803 2897; x_wconf 82' lang='lat' dir='ltr'><strong>nicht</strong></span> <span class='ocrx_word' id='word_1_306' title='bbox 1840 2856 1947 2895; x_wconf 87' lang='lat' dir='ltr'><strong>ein·</strong></span> 
     </span>
     <span class='ocr_line' id='line_1_36' title="bbox 252 2911 1948 2970; baseline -0.001 -16"><span class='ocrx_word' id='word_1_307' title='bbox 252 2914 328 2965; x_wconf 80' lang='grc' dir='ltr'><em>μὲν</em></span> <span class='ocrx_word' id='word_1_308' title='bbox 361 2911 398 2970; x_wconf 98' lang='lat'><em>5</em></span> <span class='ocrx_word' id='word_1_309' title='bbox 429 2930 469 2967; x_wconf 87' lang='grc' dir='ltr'><strong>μ.</strong></span> <span class='ocrx_word' id='word_1_310' title='bbox 494 2931 543 2956; x_wconf 86' lang='grc' dir='ltr'><em>τι.</em></span> <span class='ocrx_word' id='word_1_311' title='bbox 603 2916 743 2958; x_wconf 85' lang='lat' dir='ltr'><strong>Usum</strong></span> <span class='ocrx_word' id='word_1_312' title='bbox 761 2916 976 2968; x_wconf 84' lang='lat' dir='ltr'><strong>loquendl</strong></span> <span class='ocrx_word' id='word_1_313' title='bbox 997 2922 1059 2958; x_wconf 89' lang='lat' dir='ltr'><strong>te·</strong></span> <span class='ocrx_word' id='word_1_314' title='bbox 1143 2918 1240 2958; x_wconf 80' lang='lat' dir='ltr'><em>ma!</em></span> <span class='ocrx_word' id='word_1_315' title='bbox 1308 2917 1406 2956; x_wconf 84' lang='lat' dir='ltr'><strong>das</strong></span> <span class='ocrx_word' id='word_1_316' title='bbox 1479 2913 1727 2955; x_wconf 74' lang='lat' dir='ltr'><em>behiene.</em></span> <span class='ocrx_word' id='word_1_317' title='bbox 1818 2914 1948 2953; x_wconf 85' lang='lat' dir='ltr'>Hunc</span> 
     </span>
     <span class='ocr_line' id='line_1_37' title="bbox 253 2972 1948 3028; baseline -0.001 -15.989"><span class='ocrx_word' id='word_1_318' title='bbox 253 2975 332 3025; x_wconf 83' lang='lat' dir='ltr'><strong>tigi</strong></span> <span class='ocrx_word' id='word_1_319' title='bbox 362 2975 420 3015; x_wconf 82' lang='lat' dir='ltr'><strong>ad</strong></span> <span class='ocrx_word' id='word_1_320' title='bbox 448 2975 764 3028; x_wconf 84' lang='lat' dir='ltr'><strong>Euthyphr.p</strong></span> <span class='ocrx_word' id='word_1_321' title='bbox 770 2975 883 3018; x_wconf 96' lang='grc'><strong>1.7.</strong></span> <span class='ocrx_word' id='word_1_322' title='bbox 927 2973 1060 3018; x_wconf 86' lang='lat' dir='ltr'><strong>Gonf.</strong></span> <span class='ocrx_word' id='word_1_323' title='bbox 1143 2988 1271 3016; x_wconf 86' lang='lat' dir='ltr'><strong>usum</strong></span> <span class='ocrx_word' id='word_1_324' title='bbox 1302 2973 1424 3015; x_wconf 86' lang='lat' dir='ltr'><strong>verbi</strong></span> <span class='ocrx_word' id='word_1_325' title='bbox 1455 2973 1628 3013; x_wconf 80' lang='lat' dir='ltr'><strong>notavit</strong></span> <span class='ocrx_word' id='word_1_326' title='bbox 1668 2973 1752 3012; x_wconf 85' lang='lat' dir='ltr'><em>iam</em></span> <span class='ocrx_word' id='word_1_327' title='bbox 1784 2972 1948 3012; x_wconf 80' lang='lat' dir='ltr'><strong>Hein-</strong></span> 
     </span>
     <span class='ocr_line' id='line_1_38' title="bbox 253 2987 1947 3086; baseline -0.001 -15"><span class='ocrx_word' id='word_1_328' title='bbox 253 3032 387 3083; x_wconf 85' lang='lat' dir='ltr'><strong>Apol.</strong></span> <span class='ocrx_word' id='word_1_329' title='bbox 424 3031 547 3075; x_wconf 85' lang='lat' dir='ltr'><strong>Soer.</strong></span> <span class='ocrx_word' id='word_1_330' title='bbox 579 3046 624 3086; x_wconf 90' lang='lat' dir='ltr'><em>p.</em></span> <span class='ocrx_word' id='word_1_331' title='bbox 646 3033 718 3076; x_wconf 88' lang='grc'><em>22.</em></span> <span class='ocrx_word' id='word_1_332' title='bbox 736 2987 799 3074; x_wconf 69' lang='grc' dir='ltr'><em>ΡΒ.</em></span> <span class='ocrx_word' id='word_1_333' title='bbox 834 3031 984 3086; x_wconf 82' lang='lat' dir='ltr'><strong>Symp.</strong></span> <span class='ocrx_word' id='word_1_334' title='bbox 1017 3046 1060 3086; x_wconf 89' lang='grc' dir='ltr'><em>Ρ.</em></span> <span class='ocrx_word' id='word_1_335' title='bbox 1145 3032 1286 3075; x_wconf 85' lang='lat' dir='ltr'><strong>dorf.</strong></span> <span class='ocrx_word' id='word_1_336' title='bbox 1343 3032 1400 3072; x_wconf 86' lang='lat' dir='ltr'><strong>ad</strong></span> <span class='ocrx_word' id='word_1_337' title='bbox 1438 3031 1621 3071; x_wconf 83' lang='lat' dir='ltr'><strong>Theaet.</strong></span> <span class='ocrx_word' id='word_1_338' title='bbox 1673 3043 1714 3082; x_wconf 90' lang='lat' dir='ltr'><em>p.</em></span> <span class='ocrx_word' id='word_1_339' title='bbox 1758 3029 1856 3073; x_wconf 83' lang='lat'><em>153.</em></span> <span class='ocrx_word' id='word_1_340' title='bbox 1901 3029 1947 3070; x_wconf 84' lang='grc' dir='ltr'><strong>Β.</strong></span> 
     </span>
     <span class='ocr_line' id='line_1_39' title="bbox 253 3080 1946 3145; baseline -0.001 -15"><span class='ocrx_word' id='word_1_341' title='bbox 253 3089 354 3132; x_wconf 87' lang='grc'><strong>176.</strong></span> <span class='ocrx_word' id='word_1_342' title='bbox 372 3089 431 3131; x_wconf 94' lang='lat' dir='ltr'><em>D.</em></span> <span class='ocrx_word' id='word_1_343' title='bbox 466 3091 583 3134; x_wconf 85' lang='lat' dir='ltr'><em>Ast.</em></span> <span class='ocrx_word' id='word_1_344' title='bbox 615 3088 663 3131; x_wconf 82' lang='grc' dir='ltr'><em>ἐν</em></span> <span class='ocrx_word' id='word_1_345' title='bbox 684 3080 719 3145; x_wconf 82' lang='grc' dir='ltr'><em>ᾦ</em></span> <span class='ocrx_word' id='word_1_346' title='bbox 746 3091 1063 3143; x_wconf 83' lang='lat' dir='ltr'><strong>interpretatur</strong></span> <span class='ocrx_word' id='word_1_347' title='bbox 1145 3090 1265 3132; x_wconf 79' lang='lat' dir='ltr'><strong>Infra</strong></span> <span class='ocrx_word' id='word_1_348' title='bbox 1293 3088 1390 3130; x_wconf 82' lang='lat' dir='ltr'><strong>libr.</strong></span> <span class='ocrx_word' id='word_1_349' title='bbox 1425 3086 1502 3128; x_wconf 83' lang='lat' dir='ltr'><em>Vl.</em></span> <span class='ocrx_word' id='word_1_350' title='bbox 1533 3102 1576 3140; x_wconf 90' lang='lat' dir='ltr'><em>p.</em></span> <span class='ocrx_word' id='word_1_351' title='bbox 1601 3087 1701 3131; x_wconf 80' lang='lat'><strong>486.</strong></span> <span class='ocrx_word' id='word_1_352' title='bbox 1734 3087 1783 3128; x_wconf 89' lang='lat' dir='ltr'><em>C.</em></span> <span class='ocrx_word' id='word_1_353' title='bbox 1815 3089 1946 3128; x_wconf 82' lang='lat' dir='ltr'><strong>activi</strong></span> 
     </span>
     <span class='ocr_line' id='line_1_40' title="bbox 254 3146 1948 3202; baseline 0 -16"><span class='ocrx_word' id='word_1_354' title='bbox 254 3153 559 3199; x_wconf 81' lang='lat' dir='ltr'><em>propterea</em></span> <span class='ocrx_word' id='word_1_355' title='bbox 624 3149 800 3202; x_wconf 89' lang='lat' dir='ltr'><strong>quod,</strong></span> <span class='ocrx_word' id='word_1_356' title='bbox 866 3162 926 3189; x_wconf 80' lang='lat' dir='ltr'><strong>eo</strong></span> <span class='ocrx_word' id='word_1_357' title='bbox 974 3163 1058 3189; x_wconf 88' lang='lat' dir='ltr'><em>no·</em></span> <span class='ocrx_word' id='word_1_358' title='bbox 1144 3148 1287 3189; x_wconf 82' lang='lat' dir='ltr'><strong>forma</strong></span> <span class='ocrx_word' id='word_1_359' title='bbox 1318 3147 1505 3199; x_wconf 79' lang='lat' dir='ltr'><strong>legitur,</strong></span> <span class='ocrx_word' id='word_1_360' title='bbox 1549 3152 1597 3186; x_wconf 83' lang='lat' dir='ltr'><em>ut</em></span> <span class='ocrx_word' id='word_1_361' title='bbox 1626 3146 1816 3199; x_wconf 84' lang='lat' dir='ltr'><strong>Eurip.</strong></span> <span class='ocrx_word' id='word_1_362' title='bbox 1846 3146 1948 3186; x_wconf 85' lang='lat' dir='ltr'><strong>He-</strong></span> 
     </span>
     <span class='ocr_line' id='line_1_41' title="bbox 253 3200 1947 3276; baseline 0 -33"><span class='ocrx_word' id='word_1_363' title='bbox 253 3204 394 3244; x_wconf 73' lang='lat' dir='ltr'><strong>mine</strong></span> <span class='ocrx_word' id='word_1_364' title='bbox 444 3206 597 3258; x_wconf 89' lang='lat' dir='ltr'><strong>quod.</strong></span> <span class='ocrx_word' id='word_1_365' title='bbox 674 3209 756 3246; x_wconf 90' lang='lat' dir='ltr'><em>Pro</em></span> <span class='ocrx_word' id='word_1_366' title='bbox 805 3200 956 3276; x_wconf 87' lang='grc' dir='ltr'><em>ευφυῆ</em></span> <span class='ocrx_word' id='word_1_367' title='bbox 1015 3213 1058 3247; x_wconf 87' lang='lat' dir='ltr'><strong>et</strong></span> <span class='ocrx_word' id='word_1_368' title='bbox 1142 3206 1247 3249; x_wconf 73' lang='lat' dir='ltr'><strong>I‘en.</strong></span> <span class='ocrx_word' id='word_1_369' title='bbox 1280 3219 1322 3244; x_wconf 85' lang='lat' dir='ltr'><em>v.</em></span> <span class='ocrx_word' id='word_1_370' title='bbox 1353 3203 1452 3248; x_wconf 84' lang='lat'><strong>274.</strong></span> <span class='ocrx_word' id='word_1_371' title='bbox 1514 3204 1711 3244; x_wconf 87' lang='lat' dir='ltr'><strong>Medium</strong></span> <span class='ocrx_word' id='word_1_372' title='bbox 1755 3209 1822 3245; x_wconf 82' lang='lat' dir='ltr'><strong>est</strong></span> <span class='ocrx_word' id='word_1_373' title='bbox 1852 3204 1947 3244; x_wconf 87' lang='lat' dir='ltr'><em>Eu-</em></span> 
     </span>
     <span class='ocr_line' id='line_1_42' title="bbox 254 3257 1947 3331; baseline 0.001 -30"><span class='ocrx_word' id='word_1_374' title='bbox 254 3257 378 3331; x_wconf 80' lang='grc' dir='ltr'><em>ἀφυῆ</em></span> <span class='ocrx_word' id='word_1_375' title='bbox 405 3275 461 3302; x_wconf 85' lang='lat' dir='ltr'><strong>ne</strong></span> <span class='ocrx_word' id='word_1_376' title='bbox 494 3263 590 3318; x_wconf 76' lang='lat' dir='ltr'>quis</span> <span class='ocrx_word' id='word_1_377' title='bbox 614 3265 807 3315; x_wconf 80' lang='lat' dir='ltr'><em>corrigat</em></span> <span class='ocrx_word' id='word_1_378' title='bbox 837 3259 984 3316; x_wconf 85' lang='grc' dir='ltr'><em>ευφυᾶ</em></span> <span class='ocrx_word' id='word_1_379' title='bbox 1015 3270 1058 3305; x_wconf 85' lang='lat' dir='ltr'><strong>et</strong></span> <span class='ocrx_word' id='word_1_380' title='bbox 1143 3264 1241 3317; x_wconf 89' lang='lat' dir='ltr'><strong>rip.</strong></span> <span class='ocrx_word' id='word_1_381' title='bbox 1286 3261 1439 3315; x_wconf 83' lang='lat' dir='ltr'><strong>suppl.</strong></span> <span class='ocrx_word' id='word_1_382' title='bbox 1483 3276 1525 3305; x_wconf 83' lang='lat' dir='ltr'><em>v,</em></span> <span class='ocrx_word' id='word_1_383' title='bbox 1555 3263 1662 3306; x_wconf 87' lang='lat'><strong>916.</strong></span> <span class='ocrx_word' id='word_1_384' title='bbox 1689 3260 1947 3316; x_wconf 84' lang='lat' dir='ltr'><strong>Sophocl.</strong></span> 
     </span>
     <span class='ocr_line' id='line_1_43' title="bbox 253 3315 1948 3371; baseline 0 -11"><span class='ocrx_word' id='word_1_385' title='bbox 253 3315 394 3371; x_wconf 83' lang='grc' dir='ltr'><em>ἆφυᾶ,</em></span> <span class='ocrx_word' id='word_1_386' title='bbox 435 3334 477 3360; x_wconf 76' lang='lat' dir='ltr'><em>v,</em></span> <span class='ocrx_word' id='word_1_387' title='bbox 516 3328 665 3364; x_wconf 83' lang='lat' dir='ltr'><strong>annot</strong></span> <span class='ocrx_word' id='word_1_388' title='bbox 712 3323 806 3364; x_wconf 81' lang='lat' dir='ltr'><strong>crit.</strong></span> <span class='ocrx_word' id='word_1_389' title='bbox 846 3324 904 3363; x_wconf 85' lang='lat' dir='ltr'><strong>ad</strong></span> <span class='ocrx_word' id='word_1_390' title='bbox 932 3322 1056 3363; x_wconf 87' lang='lat' dir='ltr'><strong>Libr.</strong></span> <span class='ocrx_word' id='word_1_391' title='bbox 1143 3321 1354 3363; x_wconf 80' lang='lat' dir='ltr'><strong>Trachin.</strong></span> <span class='ocrx_word' id='word_1_392' title='bbox 1407 3335 1446 3360; x_wconf 80' lang='lat' dir='ltr'><em>v,</em></span> <span class='ocrx_word' id='word_1_393' title='bbox 1487 3320 1586 3364; x_wconf 81' lang='lat'><strong>684.</strong></span> <span class='ocrx_word' id='word_1_394' title='bbox 1635 3321 1691 3360; x_wconf 75' lang='lat' dir='ltr'><em>al.</em></span> <span class='ocrx_word' id='word_1_395' title='bbox 1740 3325 1779 3360; x_wconf 68' lang='lat' dir='ltr'><em>v.</em></span> <span class='ocrx_word' id='word_1_396' title='bbox 1817 3321 1948 3362; x_wconf 86' lang='lat' dir='ltr'><strong>Por-</strong></span> 
     </span>
     <span class='ocr_line' id='line_1_44' title="bbox 252 3377 1945 3430; baseline -0.001 -13"><span class='ocrx_word' id='word_1_397' title='bbox 252 3377 337 3422; x_wconf 86' lang='grc' dir='ltr'><strong>ΠΙ.</strong></span> <span class='ocrx_word' id='word_1_398' title='bbox 402 3377 542 3422; x_wconf 84' lang='lat'><strong>386.</strong></span> <span class='ocrx_word' id='word_1_399' title='bbox 577 3377 627 3418; x_wconf 89' lang='lat' dir='ltr'><em>B.</em></span> <span class='ocrx_word' id='word_1_400' title='bbox 1142 3392 1256 3420; x_wconf 89' lang='lat' dir='ltr'><strong>son.</strong></span> <span class='ocrx_word' id='word_1_401' title='bbox 1295 3377 1519 3430; x_wconf 79' lang='lat' dir='ltr'><em>supplem.</em></span> <span class='ocrx_word' id='word_1_402' title='bbox 1568 3378 1727 3425; x_wconf 56' lang='lat' dir='ltr'><em>praes„</em></span> <span class='ocrx_word' id='word_1_403' title='bbox 1759 3379 1814 3418; x_wconf 82' lang='lat' dir='ltr'><strong>ad</strong></span> <span class='ocrx_word' id='word_1_404' title='bbox 1856 3378 1945 3419; x_wconf 79' lang='lat' dir='ltr'><strong>He-</strong></span> 
     </span>
    </p>

    <p class='ocr_par' dir='ltr' id='par_1_13' title="bbox 310 3391 1566 3492">
     <span class='ocr_line' id='line_1_45' title="bbox 310 3391 1566 3492; baseline 0.003 -18"><span class='ocrx_word' id='word_1_405' title='bbox 310 3391 428 3489; x_wconf 81' lang='grc' dir='ltr'><em>μηδ’</em></span> <span class='ocrx_word' id='word_1_406' title='bbox 480 3433 506 3476; x_wconf 79' lang='grc' dir='ltr'><em>ἃ</em></span> <span class='ocrx_word' id='word_1_407' title='bbox 554 3435 722 3485; x_wconf 72' lang='grc' dir='ltr'><em>ἔμαθε</em></span> <span class='ocrx_word' id='word_1_408' title='bbox 781 3435 1054 3492; x_wconf 62' lang='grc' dir='ltr'><em>σώζοιτω]</em></span> <span class='ocrx_word' id='word_1_409' title='bbox 1141 3438 1235 3477; x_wconf 81' lang='lat' dir='ltr'><em>cub.</em></span> <span class='ocrx_word' id='word_1_410' title='bbox 1274 3449 1314 3488; x_wconf 85' lang='lat' dir='ltr'><em>p.</em></span> <span class='ocrx_word' id='word_1_411' title='bbox 1348 3436 1566 3478; x_wconf 83' lang='lat' dir='ltr'><strong>xxxm.</strong></span> 
     </span>
    </p>
   </div>
   <div class='ocr_carea' id='block_1_10' title="bbox 2043 2880 2072 3730">
    <p class='ocr_par' dir='ltr' id='par_1_14' title="bbox 2043 2880 2072 3730">
     <span class='ocr_line' id='line_1_46' title="bbox 2043 2880 2072 3730; baseline 0 0"><span class='ocrx_word' id='word_1_412' title='bbox 2043 2880 2072 3730; x_wconf 95' lang='lat' dir='ltr'><em> </em></span> 
     </span>
    </p>
   </div>
  </div>
 </body>
</html>
