2098 3658
274 137 373 189 108

267 279 437 351 ἄλλῳ.

269 387 391 432 ναις
482 363 745 421 Μάλιστα
791 365 867 435 γ’,
912 370 1038 439 ἔφη.

269 471 394 504 τινα
440 452 623 524 ψυχῆς
669 450 841 518 εἷναις

267 533 506 603 σύμαχε,

903 136 1386 192 PLATONIS

534 280 606 335 Τί
652 278 702 336 δ’
755 273 826 336 αὖ
874 279 938 338 τὸ
986 285 1121 350 ζῆνς
1165 287 1352 357 ψυχῆς
1395 280 1651 358 φήσομεν
1695 286 1856 354 ἔργον
1901 281 1971 337 εἶ-

1130 368 1350 424 Οὐκοῦν
1396 371 1490 422 καὶ
1533 365 1740 438 ἀρετήν
1788 371 1972 440 φαμέν

933 454 1143 521 Φαμὲν.

570 533 718 608 ψυχὴ
782 556 851 588 τα
900 534 1077 603 αὐτῆς
1133 540 1264 636 ls‘pya
1310 527 1367 590 εὗ
1417 534 1796 608 ἀπεργάσεται
1852 554 1973 589 στε·

268 624 473 687 ρομὲνη
514 621 613 684 τῆς
659 624 861 683 οἰκείας
904 619 1137 690 ἀρετῆς,·
1181 618 1212 686 ἢ
1238 619 1559 686 αδύνατον,·

1217 444 1342 522 Ἆρ’
1395 444 1701 516 οὗν-ποτέ,
1749 442 1788 504 ὦ
1823 451 1974 521 Θρα-

1628 618 1968 673 Ἀδύνατον.

260 700 538 770 Ἀνάγκη
541 702 656 773 ἄρα
700 706 838 779 κακῆ
893 707 1076 782 ψυχῇ
1102 707 1281 768 κακῶς
1332 701 1521 775 ἄρχειν
1565 708 1655 757 καὶ
1702 706 1969 773 entychi-

267 789 440 850 σθαι,
515 789 580 864 τῇ
657 790 713 842 δὲ
776 787 979 866 άγαθῆ
1051 788 1238 843 πάντα
1296 792 1479 843 ταῦτα
1553 780 1611 844 εὗ
1685 787 1970 859 πράττειν.

264 869 323 923 A
329 892 522 940 varan

266 1061 369 1108 μεν
412 1039 539 1110 γάρ

627 871 847 927 Οὐκοῦν
903 870 1113 943 ἀρετήν
1171 896 1229 941 γε
1288 872 1735 945 ξυνεχωρήσαμεν
1786 874 1974 947 ψυχῆς

267 954 409 1010 εἶναι
455 954 845 1027 δικαιοσύνην,
890 961 1089 1011 κακίαν
1135 960 1193 1012 δὲ
1236 955 1494 1022 (Menan),-

1563 955 1973 1028 Συνεχωρήσα-

620 1037 703 1095 ‘H
753 1044 855 1112 μὲν
914 1038 1058 1112 ἄρα
1089 1043 1274 1096 δικαία
1332 1057 1485 1118 ψυχη
1543 1045 1634 1096 καὶ
1680 1039 1710 1096 ὁ
1757 1044 1974 1104 δίκαιος

269 1121 414 1197 ἀνὴρ
471 1116 528 1179 εὖ
584 1124 910 1193 stamen-ac,-
929 1127 1107 1190 κακῶς
1167 1129 1223 1181 δὲ
1279 1122 1308 1181 ὁ
1367 1122 1578 1189 ἄδικος.

128 1216 234 1268 354
271 1211 404 1283 ἔφη,
450 1206 594 1263 κατὰ
645 1206 744 1264 τὸν
788 1207 889 1264 σὸν
932 1210 1119 1279 λόγον.

1686 1128 1972 1187 Φαίνεται,

1200 1208 1367 1263 Ἀλλα
1423 1213 1537 1278 μὴν
1582 1205 1611 1263 ὅ
1658 1230 1716 1277 γε
1761 1200 1819 1263 εὖ
1867 1210 1974 1274 ζῶν

269 1290 544 1366 μακάριός
588 1315 644 1348 τε
687 1296 779 1348 καὶ
824 1293 1130 1364 εὐδαίμων,
1176 1290 1204 1347 ὁ
1234 1285 1311 1347 Χδὲ
1356 1291 1431 1359 μὴ
1478 1291 1772 1347 τάναντία.
1836 1294 1975 1356 ΙΙῶς

269 1373 377 1447 γὰρ
423 1375 517 1445 οὕς

268 1458 498 1526 ἄθλιος.
561 1458 864 1528 ’Έστωσαν,
908 1465 1034 1538 ἔφη.

597 1374 657 1432 Ὁ
699 1381 799 1447 μὲν
845 1382 1055 1442 δίκαιος
1095 1374 1211 1447 ἄρα
1256 1377 1559 1447 εὐδαίμων,
1603 1375 1633 1432 ὁ
1680 1375 1724 1431 δ’
1781 1372 1975 1440 ἄδικος

1114 1460 1281 1517 Ἀλλὰ
1327 1458 1440 1531 μὴν
1487 1458 1704 1516 ἄθλιόν
1746 1483 1805 1532 γε
1833 1458 1975 1516 εἶναι

385 1626 560 1679 ψυχῆς
592 1624 863 1679 φήσομεν]
897 1620 960 1667 οὔ
991 1626 1133 1679 ψυχῆς
1165 1624 1361 1678 cp.,F10r.
1394 1639 1433 1667 a.
1466 1639 1504 1667 c.
1536 1639 1575 1669 x.
1605 1625 1843 1677 διώδευε.
1888 1625 1973 1667 Hic

270 1696 444 1736 quoque
497 1685 683 1727 Bekker.
732 1685 788 1726 de
827 1684 914 1725 suis
964 1684 1082 1725 libris
1134 1684 1249 1725 silet.
1291 1685 1492 1726 Ficinus:
1541 1696 1718 1725 annon
1766 1684 1973 1726 animae

271 1754 409 1796 opus
441 1756 563 1784 esse
596 1743 860 1784 dicemus.

387 1800 435 1841 E.
500 1796 722 1842 Οὐκοῦν
752 1797 953 1854 ἀρετήν
984 1813 1038 1853 γε
1068 1798 1268 1852 ξυνεχ.]
1303 1799 1392 1840 Pro
1425 1811 1474 1852 γε
1509 1809 1623 1838 unus
1653 1799 1779 1839 Stob.
1811 1797 1888 1850 μὲν
1919 1799 1972 1851 ξ.,

270 1857 388 1910 quod
419 1859 519 1899 oiim
555 1871 654 1899 cum
690 1860 814 1900 Astio
845 1858 1073 1899 edidimus.
1134 1857 1223 1899 Sed
1263 1861 1439 1898 tuentur
1469 1868 1518 1909 γε
1560 1856 1652 1896 iibri
1689 1857 1884 1899 Platonis
1916 1857 1970 1898 ad

271 1928 400 1956 unum
422 1930 590 1967 omnes,
625 1917 839 1970 uisiquod
859 1915 974 1957 Fior.
992 1928 1032 1956 Χ.
1056 1917 1170 1968 Ang.
1194 1914 1324 1956 vind.
1344 1913 1393 1954 F.
1417 1909 1573 1968 ἀρετήν
1595 1927 1650 1954 τε.
1681 1915 1840 1966 Itaque
1863 1927 1975 1957 nunc

271 1972 346 2024 μὲν
377 1975 618 2016 rescribere
645 1974 953 2022 dubitavimus,
986 1985 1245 2026 quamquam
1278 1973 1317 2012 in
1347 1973 1430 2012 isto
1463 1986 1506 2012 τε
1538 1971 1712 2012 videtur
1729 1970 1804 2022 μὲν
1824 1975 1972 2014 latere.

388 2032 438 2072 P.
472 2032 575 2076 354.
633 2029 824 2085 ἐπειδή
864 2045 953 2082 μοι
992 2032 1167 2085 πρᾶος
1204 2027 1430 2085 ἐγένου]
1482 2026 1629 2083 ἐπειδή
1667 2027 1716 2084 γέ
1755 2044 1828 2081 μοι
1872 2031 1971 2072 Par.

270 2089 325 2133 Κ.
359 2089 480 2131 Mon.
515 2090 630 2135 Flor.
664 2090 708 2142 β.

390 2148 487 2187 τοῦ
522 2143 615 2195 ἀεὶ
637 2147 1142 2219 παραφερομένου]
1176 2144 1256 2186 αἰεὶ
1289 2146 1443 2213 vulgo,
1477 2144 1592 2197 quod
1625 2147 1755 2196 etiam
1789 2145 1888 2187 Par.
1923 2150 1971 2189 A.

276 2205 447 2246 videtur
477 2207 601 2247 tueri.
662 2207 756 2249 Nos
789 2202 859 2247 ἇει
884 2221 937 2248 ex
971 2206 1088 2253 Flor.
1118 2218 1161 2246 Χ.
1194 2205 1466 2258 scripsimus,
1498 2203 1623 2244 sicuti
1648 2200 1873 2246 Bekkerus
1903 2209 1972 2246 ta·

332 2346 508 2400 ψυχῆς
540 2343 786 2400 φήσομεν
810 2347 976 2403 ἔργον
1009 2342 1078 2389 εἶ-

276 2407 415 2459 ναι;]
458 2405 517 2446 Η.
551 2419 587 2446 e.
627 2406 930 2454 dicemusne
969 2407 1079 2448 ani-

275 2477 390 2505 mae
422 2475 559 2516 opus
593 2463 754 2505 esse?
817 2465 966 2518 ltaque
996 2478 1080 2506 non

273 2523 354 2563 iam
389 2522 628 2574 probamus
660 2522 776 2575 quod
799 2524 899 2564 oiim
934 2523 1080 2564 invitis

275 2579 392 2621 libris
433 2580 627 2631 plurimis
667 2593 721 2621 ex
757 2582 897 2622 tribus
941 2580 1080 2622 Florr.

276 2643 320 2678 et
353 2637 548 2677 Stobaeo
582 2639 860 2692 scripsimus·
899 2634 969 2679 ov’
997 2646 1080 2691 ψυ-

274 2695 352 2749 χῆς
384 2691 595 2764 φήσομεν.

333 2753 383 2796 Ε.
457 2747 516 2793 εὖ
558 2751 847 2808 βιώσεται]
890 2754 1079 2796 Conclu-

275 2811 340 2851 sio
372 2810 543 2852 ducitur
573 2825 627 2853 ex
657 2814 891 2884 ambiguo,
922 2817 970 2853 ut
1001 2814 1081 2854 ali-

275 2868 314 2908 bi
349 2868 389 2908 in
423 2881 505 2909 usu
537 2870 751 2912 formulae
781 2864 831 2911 εὖ
867 2867 1080 2923 πράττειν.

332 2925 382 2969 Ρ.
403 2925 502 2971 354.
535 2922 845 2979 ευδαίμονα
875 2927 963 2982 δέ]
998 2930 1080 2971 lnt.

275 2984 500 3079 λυῖιτελεῖ.
526 2999 564 3028 ν.
606 2999 703 3027 ann.
750 2986 804 3027 ad
845 2998 937 3041 cap.
978 2986 1076 3030 XX.

275 3053 327 3082 ex
355 3054 372 3079 r

330 3093 448 3138 Ὑπὸ
484 3101 582 3140 σοῦ
614 3114 671 3154 γε
701 3125 753 3131 -
760 3099 993 3154 ,ἐπειδή
1024 3099 1080 3155 γέ

278 3156 397 3208 μοι]
431 3156 482 3199 P.
514 3157 613 3201 348.
646 3158 705 3199 C-
740 3132 859 3200 e’lnds
890 3155 948 3214 y’,
981 3160 1080 3213 ἔφη,

280 3211 527 3285 -έπειδή
543 3229 591 3269 γε
622 3216 690 3255 καὶ
728 3215 849 3271 λέγω.

280 3237 390 3316 -Β,
462 3286 528 3312 ου
576 3272 762 3324 μέντοι
809 3274 985 3316 καλῶς
1025 3288 1083 3329 γε

279 3329 575 3385 εἶ’στιαμαι]
617 3331 762 3384 Negat
794 3332 955 3382 facete,
986 3347 1084 3376 sese

280 3394 398 3431 recte
437 3388 500 3430 his
546 3389 686 3443 epuiis
739 3390 916 3432 fruitum
967 3405 1082 3442 esse,

1166 2361 1244 2389 sua
1293 2346 1484 2402 quidem,
1532 2358 1616 2387 non
1661 2344 1971 2399 Thrasymachi

1166 2407 1317 2459 culpa.¹
1393 2405 1500 2446 Nam
1560 2403 1774 2445 delibasse
1825 2417 1873 2445 se
1928 2407 1974 2444 et

1167 2470 1368 2516 tanquam
1391 2462 1687 2516 praeripuisse
1708 2462 1809 2513 alia,
1830 2462 1971 2515 prius-

1165 2534 1294 2572 quam
1335 2520 1452 2574 quod
1493 2522 1674 2573 primum
1726 2525 1971 2573 spectatum

1165 2579 1297 2620 fuerit
1344 2579 1676 2632 exquisiverint,
1722 2577 1824 2630 quid
1875 2584 1972 2618 tan-

1166 2637 1264 2679 dem
1297 2637 1455 2678 iustum
1504 2643 1636 2679 esset.
1695 2636 1853 2686 Itaque
1886 2647 1971 2674 non

1165 2708 1278 2748 opus
1337 2701 1405 2736 est
1451 2695 1664 2734 sciibere.
1725 2687 1779 2733 οὐ
1828 2691 1973 2744 μέντοι

1164 2753 1323 2793 cnavws
1354 2766 1402 2806 γε
1432 2751 1652 2802 είστιᾛαμαι

1224 2807 1400 2864 ὥςπερ
1435 2808 1490 2850 οἰ
1517 2810 1689 2861 λίχνοι
1718 2832 1775 2839 -
1804 2803 1970 2860 ἁρπά-

1164 2870 1390 2923 ζοντες]
1431 2869 1630 2909 Iulian.
1670 2867 1791 2907 Orat.
1832 2865 1896 2908 11.
1927 2879 1970 2917 p.

1164 2927 1236 2971 69.
1290 2927 1347 2967 C:
1406 2922 1568 2967 παντὸς
1614 2921 1970 2995 ἐπιδραττόμεθα,

1165 2982 1306 3038 ὥςπερ
1337 2982 1384 3024 ἐν
1414 2988 1503 3024 τοῖς
1535 2983 1795 3034 συμποσίοις
1821 2981 1868 3022 οἱ
1889 2983 1969 3033 λίχ-

1164 3057 1234 3083 νοι
1264 3043 1349 3082 ταῖν
1376 3039 1598 3092 ἐδωδίμων
1629 3037 1846 3089 ἁπάντων,
1891 3035 1972 3092 οὐχ

1165 3097 1454 3151 ὑπομένοντες
1495 3097 1543 3139 τὸ
1582 3096 1637 3152 μὴ
1681 3099 1765 3138 τῶν
1798 3111 1969 3151 προκει-

1165 3157 1305 3210 μένων
1326 3155 1538 3210 ἅψασθαι.
1580 3158 1720 3198 Etiam
1760 3156 1971 3197 Themi-

1167 3217 1317 3257 stius
1359 3217 1481 3257 Orat.
1521 3215 1682 3257 Xvnl.
1716 3229 1754 3268 p.
1787 3214 1885 3258 220.
1922 3214 1970 3257 Β.

1167 3274 1285 3316 hunc
1312 3276 1459 3317 locum
1501 3273 1558 3314 ob
1606 3274 1755 3315 oculos
1809 3271 1969 3313 babuit.
2020 3272 2024 3279 '

1168 3332 1319 3374 Verbo
1364 3328 1566 3386 ἁρπάζειν
1602 3332 1666 3374 sic
1706 3332 1840 3371 utitur
1874 3329 1906 3370 Ι
1920 3342 1970 3368 u·

1168 3390 1306 3433 cian.
1338 3390 1512 3434 Timon.
1545 3389 1599 3433 ’.Γ
1634 3390 1662 3432 i.
1697 3403 1737 3443 p.
1770 3387 1869 3433 110.
1902 3385 1968 3429 ed.
