2098 3658
1791 111 1855 162 15

132 258 186 309 iu
234 255 454 310 modum
508 254 672 307 verba
722 254 871 306 facit.
950 252 1078 305 Non
1129 261 1310 321 recte,
1361 253 1567 325 inquit,
1609 272 1640 304 o
1691 253 1850 319 bone,

134 336 297 381 autea
350 325 661 379 iudicavisti
679 365 695 393 ,
748 332 1001 396 pastores
1019 366 1034 391 ,
1085 332 1355 393 quatenus
1413 332 1664 397 pastores
1721 324 1852 392 sint,

130 418 243 453 non
284 416 512 453 ‹rreovum
549 414 793 463 suorum,
830 395 930 449 sed
969 414 1070 449 sua
1106 404 1162 449 et
1201 396 1431 451 aliorum
1469 394 1759 451 commoda
1799 404 1854 448 et

134 444 417 524 utiliti-sstes0
446 485 671 534 curare,
711 467 757 520 si
802 466 986 520 uidem
1038 468 1335 537 pastoralis
1388 467 1615 522 scientia
1654 486 1754 536 per
1794 485 1853 520 se

133 563 157 595 s
233 549 383 603 ctata
407 539 555 592 nihil
594 538 748 592 aliud
801 539 954 593 labet
986 539 1352 610 propositum,
1380 558 1543 609 quam
1570 539 1626 591 id
1655 542 1853 610 ipsum,

132 561 229 667 age
265 610 414 683 quod
479 619 565 664 est
617 610 889 663 instituta.
975 612 1164 679 Atque
1227 610 1415 664 eadem
1508 610 1631 663 lane
1694 611 1854 663 etiam

133 685 357 738 aliarum
423 682 622 735 artium
672 681 814 735 ratio
878 690 995 749 est,
1035 682 1091 734 in
1142 681 1346 751 quibus
1383 682 1533 735 nula
1567 682 1854 753 reperitur,

133 767 277 826 quae
297 753 364 818 id
401 752 552 822 quod
601 753 709 807 sibi
746 752 882 806 utile
926 753 999 806 sit
1034 753 1382 824 propositum
1418 753 1648 817 habeat3
1688 770 1854 821 quae-

132 825 281 881 libet-
314 825 503 897 potius
559 823 619 877 id
671 823 789 898 agit
842 833 899 878 et
947 833 1261 895 comparat,
1300 824 1451 895 quod
1489 823 1582 877 alii
1621 824 1855 895 cuipiam

132 898 325 968 prosit,
341 897 419 950 ita
444 904 511 949 ut
528 896 575 950 si
605 914 704 962 eae
716 895 956 966 aliquam
986 896 1382 950 nanciscantur
1398 894 1724 964 mercedem,
1739 914 1858 949 eam

128 981 255 1023 non²
295 986 398 1022 sua
445 968 504 1020 vi
553 977 609 1022 et
661 975 939 1039 potestate
991 967 1303 1039 accipiant,
1357 967 1457 1022 sed
1513 967 1858 1021 extrinsecus

130 1038 445 1110 accedente·
469 1048 586 1093 arte
616 1039 955 1093 mercenaria
983 1038 1284 1093 lucrentur.
1344 1041 1532 1122 Atque
1561 1037 1667 1093 hoc
1692 1038 1856 1092 etiam
1917 1080 1925 1085 .

130 1110 207 1165 dev
238 1122 354 1164 arte
393 1109 701 1181 imperandi
754 1110 1061 1164 rectissime
1110 1111 1191 1165 ita
1238 1110 1509 1179 iudicari,
1539 1110 1704 1164 etiam
1737 1110 1858 1182 ipse

131 1201 310 1237 rerum
346 1200 481 1236 usus
505 1181 704 1236 docet.
779 1182 926 1237 Nam
984 1201 1145 1236 nemo
1198 1182 1312 1236 fere
1359 1182 1504 1237 ultro
1551 1200 1622 1249 ¹ac
1659 1189 1858 1254 sponte

133 1252 439 1326 imperandi
462 1254 650 1308 officio
675 1272 740 1308 ac
759 1272 985 1308 munere
1024 1254 1183 1326 fungi
1221 1254 1379 1309 solet.
1417 1252 1628 1308 Omnes
1655 1265 1858 1326 operae

131 1343 265 1380 suae
300 1324 612 1379 mercedem
635 1325 941 1398 postulant,
968 1326 1178 1397 quippe
1207 1343 1377 1396 quum
1405 1345 1473 1379 ex
1494 1325 1613 1398 ipsa
1643 1325 1858 1397 imperii

139 1396 614 1453 administratione
647 1429 650 1433 -
682 1397 887 1451 nullam
942 1396 1237 1451 utilitatem
1301 1396 1373 1450 ad
1433 1417 1493 1452 se
1545 1396 1859 1456 redundare

133 1468 463 1534 existiment.
540 1468 695 1523 Boni·
739 1474 922 1522 autem
970 1477 1028 1522 et
1078 1469 1358 1542 sapientes
1404 1470 1538 1538 viri,
1569 1506 1571 1508 -
1599 1469 1857 1540 quoniam

133 1540 359 1595 honoris
406 1548 486 1594 et*
511 1540 781 1612 pecuniae
838 1538 1159 1594 aviditatem
1210 1541 1420 1611 probro
1470 1558 1594 1595 esse
1636 1549 1855 1612 putant,

132 1631 203 1667 ne
249 1611 447 1667 volunt
506 1611 730 1682 quidem
766 1620 995 1683 propter
1033 1611 1296 1667 honorem
1334 1625 1392 1667 et
1426 1612 1721 1684 pecuniam
1753 1612 1858 1666 im·

132 1701 327 1757 pei-are
365 1692 533 1755 atque
570 1684 894 1738 mercenarii
935 1701 1086 1749 esse3
1124 1682 1224 1738 sed
1260 1684 1340 1738 ita
1374 1692 1591 1738 tantum
1628 1683 1861 1756 imperia

132 1755 435 1826 accipiunt,
474 1754 523 1808 si
558 1755 698 1828 ipsis
739 1773 805 1808 eo
842 1756 1066 1811 nomine
1103 1756 1405 1810 necessitas
1442 1755 1532 1810 vel
1566 1773 1748 1829 poena
1782 1755 1857 1810 sit

133 1826 424 1911 imposita3
463 1833 551 1879 est
601 1834 784 1879 autem
822 1826 1058 1882 maxima
1087 1836 1273 1910 poena·
1309 1827 1481 1893 haec,
1534 1827 1653 1899 regi
1679 1845 1724 1880 -a
1761 1846 1856 1898 pe-

132 1898 365 1967 imbus,
386 1897 450 1952 si
499 1897 621 1969 ipse
656 1912 865 1971 regere
888 1897 1149 1952 uoluens.
1189 1920 1193 1930 ‚
1225 1901 1320 1972 Ag
1361 1897 1650 1953 rediuntur
1685 1898 1859 1971 igitur

130 1969 207 2036 illi
252 1967 326 2023 ad
373 1968 754 2042 imperandum
799 1987 916 2023 non
970 1978 1235 2040 tanquam
1273 1988 1306 2024 a
1367 1970 1591 2027 ‘bonum
1629 1969 1856 2041 aliquod

131 2053 308 2113 neque
342 2049 418 2095 ut:
459 2040 839 2112 voluptatibus
887 2060 948 2096 se
985 2041 1200 2108 daturi,
1227 2075 1229 2078 -
1255 2042 1353 2097 sed
1392 2051 1455 2096 ut
1493 2040 1565 2096 ad
1601 2060 1855 2098 necessa-³

130 2114 388 2180 riuin'ne
426 2112 632 2182 otium,
687 2111 839 2183 quod
884 2132 1001 2168 non
1047 2115 1267 2186 possint
1305 2133 1365 2169 se
1394 2114 1730 2171 melioribus
1760 2124 1857 2168 aut

129 2184 217 2239 sui
296 2184 332 2196 ''
371 2185 383 2197 ⁰
413 2185 541 2239 ‘bus‘
585 2185 943 2239 committere.
1021 2186 1289 2256 Alioquin
1339 2187 1485 2240 enim
1523 2187 1572 2240 si
1610 2187 1858 2241 'eveniret

129 2255 409 2311 civitatem
458 2256 699 2327 aliquam
747 2275 815 2310 ex
861 2257 1085 2329 optimis
1123 2258 1257 2312 viris
1297 2268 1856 2331 constaresmagno·

131 2340 278 2399 pere‘
301 2335 451 2383 esset
483 2327 872 2398 dubitandum,
911 2347 982 2382 an
1020 2338 1298 2384 certamen
1334 2330 1487 2384 inter·
1514 2330 1668 2414 ipsos
1709 2336 1858 2384 esset

128 2399 395 2454 oriturum
444 2398 530 2454 de'
565 2418 677 2454 non
727 2399 1077 2473 accipiendo·
1102 2402 1468 2475 magistratu,
1506 2403 1674 2457 sicuti
1710 2421 1857 2456 nunc

131 2470 200 2526 de
227 2469 550 2543 accipiendo
574 2470 963 2538 contenditur3
988 2490 1100 2543 quo
1126 2481 1374 2547 tempore
1396 2493 1529 2529 sane
1557 2474 1858 2529 clarissime

129 2549 277 2599 met
325 2543 706 2615 appariturum
757 2561 918 2612 eum,
950 2545 1070 2615 ·'qui
1121 2563 1251 2599 vere
1310 2546 1384 2601 sit
1440 2547 1701 2618 princeps
1768 2545 1858 2600 vel

131 2613 501 2688 magistratus,
542 2631 653 2668 non
692 2631 758 2669 ea
807 2614 930 2688 lege
966 2633 1000 2670 a
1036 2624 1235 2671 natura
1270 2618 1561 2672 formatum
1603 2635 1755 2686 esse,
1795 2625 1858 2670 ut

130 2686 410 2759 proprium
445 2694 612 2758 atque
649 2704 809 2741 suum
846 2687 1196 2743 commodum
1236 2697 1488 2759 quaerat,
1532 2687 1630 2744 sed
1669 2687 1856 2761 potius

135 2768 323 2813 eorum
359 2757 693 2813 utilitatibus
725 2758 1067 2832 prospiciat,
1106 2760 1202 2831 qui
1239 2760 1415 2833 ipsius
1454 2760 1687 2833 imperio
1725 2758 1858 2815 sub-

132 2828 261 2884 iecti
297 2829 425 2885 sint.
503 2829 697 2900 ltaque
734 2847 1084 2901 nequaquam
1112 2830 1531 2898 concedendum
1571 2841 1657 2888 est
1682 2828 1859 2886 Thra-

127 2900 398 2974 symacho·
432 2901 639 2956 iustum
694 2918 820 2957 esse
885 2901 960 2971 id,
1002 2901 1151 2974 quod
1202 2904 1503 2976 potentiori
1551 2900 1854 2959 conducat:

280 2991 443 3045 quam
496 2971 565 3028 de
619 2972 704 3028 his
754 2973 918 3028 etiam
968 2973 1202 3046 posthac
1242 2973 1593 3031 videbimus.=
1625 2976 1690 3030 P.
1729 2977 1855 3031 345.

199 3061 201 3066 ’
231 3062 242 3113 ᾗ
325 3046 375 3099 7.
413 3044 480 3099 Ε.
522 3074 592 3085 ——-
628 3043 787 3100 Haec
825 3045 995 3119 igitur
1021 3044 1300 3117 Socrates,
1339 3066 1450 3118 quo
1491 3046 1860 3121 redarguatur

137 3116 410 3171 sententia
446 3115 848 3189 Thrasymachi
893 3117 1097 3173 iustum
1151 3117 1287 3172 illud
1338 3136 1462 3174 esse
1506 3120 1651 3189 frati,
1706 3118 1859 3191 quod

131 3186 398 3258 superiori
424 3187 506 3244 eit
526 3187 679 3242 utile.
740 3188 808 3243 In
837 3207 948 3260 quo
974 3189 1098 3244 loco
1126 3189 1601 3247 animadversione
1629 3190 1857 3265 dignum

133 3264 246 3326 ctu
281 3257 747 3333 quodpoetremo
785 3278 842 3332 p.
882 3262 1005 3315 347.
1034 3260 1103 3315 E.
1143 3261 1324 3318 verbis
1361 3262 1502 3319 ἀλλὰ
1538 3265 1713 3318 τοῦτο
1753 3267 1856 3329 μὲν

132 3328 202 3395 δὴ
263 3333 370 3386 ’καὶ
427 3333 694 3395 ιὶςαῦθις
746 3334 1100 3417 σκεψώμεθα
1158 3333 1410 3408 legentes
1471 3334 1853 3402 admonentur,

134 3396 204 3452 de
263 3398 347 3455 his
394 3397 560 3460 rebus
608 3404 772 3457 etiam
825 3404 956 3459 alibi
1013 3404 1350 3477 disputatum
1403 3406 1486 3460 iri.·
1577 3406 1852 3464 Nimirum
