2124 3744
364 203 377 247 l
404 201 461 249 12
997 194 1574 251 ARGUMENTUM

357 339 458 390 bus
507 355 593 390 res
650 337 829 405 ipsas3
888 335 1133 406 adeoque
1186 338 1230 389 si
1282 337 1432 388 vocis
1481 337 1661 406 imago
1714 353 1779 386 ex
1831 332 2060 388 adversa

356 407 589 460 carceris
638 414 794 477 parte
842 409 1271 478 repercutiatur,
1326 408 1539 475 quoties
1581 405 1778 475 aliquis
1817 414 2060 476 praeter-

356 479 602 531 euntium
638 479 914 546 loquatur,
956 479 1090 531 nihil
1129 477 1277 530 aliud
1321 478 1474 546 loqui
1525 476 1916 531 existimabunt
1953 477 2062 529 nisi

356 551 532 619 ipsam
570 549 715 601 illam
755 551 1154 603 transeuntium
1193 549 1454 602 umbram.
1532 549 1744 601 Horum
1778 547 1976 617 aliquis
2016 547 2061 600 si

355 621 587 674 vinculis
640 621 853 673 solutus
906 629 1131 692 repente
1195 627 1427 690 cogatur
1476 637 1797 691 exsurgere,
1863 618 2062 671 collum

357 692 810 758 circumvertere,
849 691 1133 759 incedere,
1175 698 1230 743 et
1268 691 1513 761 aspicere
1552 691 1761 758 lucem,
1819 690 1866 742 is
1916 696 2062 742 certe

357 763 637 816 oculorum
690 762 933 816 dolorem
996 764 1223 829 sentiat,
1277 781 1379 815 nec
1429 762 1606 833 possit
1655 781 1771 828 reS,
1834 779 2064 829 quarum

354 836 544 888 inanes
582 834 802 887 umbras
842 842 1003 887 antea
1039 834 1279 899 viderat,
1333 841 1650 887 constanter
1688 832 1901 885 intueri.
1977 829 2063 885 Si-

355 906 483 959 cubi
523 913 703 957 autem
741 904 938 974 aliquis
981 906 1212 959 edocere
1250 905 1428 975 ipsum
1468 913 1696 958 conetur
1734 923 1856 956 eum
1901 910 2064 956 antea
2122 960 2124 963 ,

353 977 487 1030 nihil
514 977 620 1030 nisi
638 995 815 1048 nugas
839 978 1170 1047 umbrasque
1195 976 1419 1045 vidisse,
1436 996 1580 1029 nunc
1597 977 1759 1029 rebus
1778 974 1913 1045 ipsis
1943 992 2064 1027 esse

355 1048 694 1119 propiore1n3
734 1047 933 1118 dubius
974 1056 1120 1102 certe
1156 1049 1406 1115 haereat,
1448 1047 1541 1100 illa
1578 1048 1794 1100 veriora
1841 1053 2062 1115 putanS,

356 1139 496 1189 quae
536 1127 697 1172 antea
737 1120 1102 1189 conspexerit,
1142 1138 1303 1188 quam
1343 1138 1424 1186 ea,
1464 1137 1602 1187 quae
1640 1127 1774 1172 tunc
1810 1117 1918 1187 ipsi
1954 1117 2064 1188 pri-

354 1211 500 1243 mum
549 1189 928 1244 ostendantur.
1018 1190 1211 1261 Itaque
1263 1191 1388 1244 talis
1438 1190 1599 1243 homo
1647 1208 1831 1242 veram
1883 1207 2064 1240 rerum
2121 1208 2124 1256 3

355 1262 593 1332 speciem
649 1262 866 1314 minime
905 1263 1084 1316 animo
1125 1262 1338 1332 capiet,
1392 1261 1638 1330 adeoque
1692 1260 1831 1313 lucis
1883 1259 2064 1330 splen·

357 1333 487 1386 dore
536 1332 913 1386 vehementius
965 1333 1191 1386 affectus
1244 1334 1357 1385 eius
1397 1332 1719 1402 adspectum
1757 1331 1930 1402 fugiet
1969 1349 2063 1383 cu-
2120 1347 2124 1374 ἐ

356 1405 577 1475 pietque
613 1403 790 1457 redire
827 1404 897 1457 ad
936 1423 1036 1457 sua
1073 1405 1165 1457 illa
1204 1404 1524 1471 simulacra,
1567 1422 1706 1472 quae
1745 1403 1853 1474 ipsi
1893 1402 2064 1455 aciem

355 1475 634 1528 oculorum
699 1495 809 1527 non
858 1477 1281 1548 praestringant.
1378 1473 1655 1542 Quocirca
1702 1483 1763 1526 ut
1813 1492 2064 1526 verorum

356 1566 644 1617 corporum
697 1546 948 1616 lucisque
998 1547 1317 1618 adspectum
1368 1547 1508 1599 ferre
1545 1545 1827 1616 paullatim
1867 1544 2062 1613 discat,

322 1637 495 1688 -opus
547 1618 651 1670 erit
699 1617 935 1687 quadam
984 1618 1394 1672 consuetudine.
1492 1617 1569 1670 Et
1617 1617 1792 1687 primo
1845 1615 2064 1685 quidem

354 1690 575 1742 umbras
628 1689 884 1742 facillime
948 1691 1280 1761 conspiciet3
1345 1688 1542 1742 deinde
1602 1706 1956 1759 repercussas
2007 1687 2065 1741 in

356 1761 514 1830 aquis
555 1760 836 1814 hominum
875 1769 930 1814 et
970 1763 1284 1814 animalium
1321 1761 1613 1833 imagines3
1671 1768 1786 1812 tum
1827 1777 1968 1829 quae
2002 1759 2060 1811 in

356 1833 507 1885 coelo
566 1840 695 1884 sunt
746 1851 810 1886 ac
858 1833 1072 1886 coelum
1121 1834 1300 1905 ipsum
1349 1841 1518 1886 noctu
1568 1832 1782 1886 facilius
1822 1838 2062 1885 contem-

355 1904 594 1974 plabitur
633 1922 793 1973 quam
834 1905 1005 1958 solem
1045 1908 1269 1974 eiusque
1315 1905 1472 1958 iubar
1507 1902 1773 1966 interdiu3
1827 1902 2062 1972 denique

355 1983 485 2046 post
522 1975 826 2046 longiorem
869 1976 1318 2030 exercitationem
1356 1977 1537 2047 ipsum
1578 1973 1846 2046 adspiciet
1872 1973 2061 2043 solem,

354 2066 464 2099 non
503 2046 618 2099 eius
657 2047 713 2099 in
752 2066 895 2116 aqua
932 2048 1021 2101 vel
1057 2048 1114 2100 in
1154 2047 1271 2101 aliis
1310 2049 1473 2101 rebus
1499 2045 1808 2118 imaginem.
1884 2043 2064 2112 Quem

354 2119 449 2171 ubi
487 2119 663 2188 ipsum
703 2118 908 2172 diutius
948 2120 1348 2189 contemplatus
1387 2118 1568 2186 fuerit,
1609 2117 1771 2170 etiam
1798 2116 2065 2187 intelliget

354 2189 499 2243 hunc
549 2208 704 2254 esse,
748 2190 841 2258 qui
879 2189 991 2243 diei
1043 2192 1334 2259 noctisque
1373 2188 1785 2243 vicissitudines
1825 2188 2062 2257 annique

354 2267 713 2330 tempestates
754 2279 916 2314 cursu
957 2281 1057 2315 suo
1098 2262 1331 2328 efficiat,
1374 2262 1468 2331 qui
1504 2269 1705 2314 terram
1745 2259 1925 2313 calore
1963 2278 2062 2312 suo

354 2333 568 2400 foveat,
609 2333 704 2401 qui
752 2332 970 2402 plantas
1012 2340 1064 2386 et
1101 2334 1356 2386 animalia
1393 2331 1721 2400 foecundet,
1779 2331 1873 2400 qui
1896 2330 2061 2383 ‘deni-

355 2422 461 2472 que
512 2403 764 2457 omnibus
814 2403 977 2457 rebus
1030 2405 1307 2477 vigorem,
1349 2403 1799 2476 pulcritudinem,
1838 2402 2061 2455 maturi-

353 2482 523 2527 tatem
577 2475 859 2546 largiatur.
945 2476 1050 2530 His
1107 2477 1276 2548 igitur
1326 2476 1587 2548 gradibus
1641 2480 1935 2546 postquam
1990 2472 2060 2525 ad

352 2546 602 2599 veritatis
640 2549 953 2618 pervenerit
990 2549 1379 2619 cognitionem,
1418 2567 1528 2600 non
1572 2547 1706 2600 satis
1744 2545 1927 2597 mirari
1963 2564 2061 2615 po—

353 2618 484 2670 terit
519 2617 735 2670 illarum
772 2637 951 2672 rerum
977 2619 1421 2689 pulcritudinem,
1462 2637 1629 2688 seque
1659 2618 1877 2670 beatum
1904 2634 2061 2686 prae-

354 2689 589 2756 dicabit,
645 2690 741 2758 qui
789 2709 821 2742 a
869 2691 1110 2744 tenebris
1152 2698 1207 2745 et
1241 2690 1527 2744 fraudibus
1562 2689 1802 2741 inanium
1843 2687 2060 2739 umbra-

350 2780 468 2813 rum
524 2761 786 2815 liberatus
836 2762 893 2814 in
944 2763 1117 2833 ipsius
1154 2763 1401 2816 veritatis
1440 2761 1720 2834 regionem
1760 2757 2059 2830 perductus

352 2832 449 2884 sit:
499 2833 729 2884 illorum
755 2840 965 2902 autem,
1021 2834 1115 2903 qui
1153 2834 1210 2887 in
1265 2841 1419 2887 antro
1457 2840 1762 2898 versantur,
1802 2829 2058 2882 miserum

355 2910 557 2956 statum
608 2902 744 2957 adeo
784 2903 1113 2976 deplorabit,
1155 2913 1219 2958 ut
1256 2906 1440 2976 potius
1473 2911 1712 2957 extrema
1740 2900 1858 2971 pati
1898 2918 2058 2969 quam

357 2974 425 3027 ad
466 2994 560 3028 eos
598 2976 800 3028 reverti
837 2977 1006 3029 malit.
1051 2978 1168 3029 Iam
1193 2996 1323 3030 vero
1362 2976 1459 3028 tali
1501 2973 1706 3041 homini
1742 2971 1789 3024 si
1821 2971 1877 3023 in
1907 2989 2058 3023 men—

356 3053 464 3098 tem
501 3046 686 3100 veniat
723 3048 780 3099 in
816 3048 1052 3118 priorem
1089 3049 1269 3101 locum
1306 3047 1482 3100 redire
1521 3053 1576 3098 et
1604 3043 1868 3114 pristinae
1895 3042 2056 3094 mise-

355 3118 467 3170 riae
520 3118 682 3171 sociis
735 3137 1006 3189 exponere
1073 3138 1211 3188 quae
1264 3119 1382 3190 ipse
1430 3115 1630 3171 viderit
1675 3121 1731 3167 et
1778 3114 1834 3165 in
1893 3132 2056 3182 quam

354 3188 553 3241 misera
602 3189 694 3242 isti
747 3190 1061 3244 conditione
1113 3197 1425 3252 versentur3
1486 3188 1729 3240 futurum
1777 3192 1862 3238 est
1909 3182 2056 3236 haud

354 3257 538 3327 dubie,
580 3268 642 3312 ut
680 3262 747 3314 ab
789 3262 1038 3316 omnibus
1076 3261 1320 3315 rideatur
1355 3268 1409 3313 et
1446 3278 1544 3330 pro
1574 3258 1740 3311 stulto
1769 3256 2052 3322 habeatur,

355 3330 510 3383 cuius
563 3332 705 3384 oculi
759 3352 937 3399 rerum
988 3352 1306 3404 superarum
1365 3330 1632 3400 adspectu
1678 3328 1871 3381 misere
1933 3344 2054 3379 cor-

352 3403 498 3474 rupti
548 3404 669 3457 sint.
747 3403 895 3471 Quid
953 3405 1101 3473 quod
1141 3404 1302 3456 etiam
1344 3401 1619 3455 decretum
1659 3400 1892 3466 fiet,'ne
1932 3396 2051 3465 quis
