2098 3658
282 108 380 161 154
896 106 1370 164 PLATO.NIS

275 252 616 322 ξυνωμοσίας
661 271 715 305 τε
762 254 854 305 καὶ
901 256 1174 319 ἑταιρείας
1215 253 1602 350 συνάξομεν,
1621 256 1722 306 εὶσί
1766 272 1823 306 τε
1867 272 1982 306 πει-

277 338 428 398 θοῦς
471 333 795 388 ὃιδασκαλοι
843 338 1051 409 σοφίαν
1096 334 1472 407 δημη)ορικη’ν
1533 356 1591 389 τε
1634 337 1728 390 καὶ
1775 337 1984 389 δικανι-

277 439 381 484 κην
425 417 698 480 διδόντες,
759 417 816 485 ἐξ
870 410 970 472 ὧν
997 440 1063 472 τα
1109 424 1210 489 μὲν
1252 425 1527 489 πείσομεν,
1575 439 1644 472 τα
1693 421 1749 474 δὲ
1786 417 1985 488 βιασό-

275 507 459 570 μεθα,
504 499 577 564 ὡς
623 504 1080 566 πλεονεκτοῦντες
1126 507 1281 570 δίκην
1322 502 1422 573 μὴ
1423 501 1678 557 διδόναι.
1723 499 1866 556 αλλὰ
1915 499 1982 568 δὴ

279 582 457 648 θεοὺς
501 582 626 639 οὕτε
671 584 989 640 λανθάνειν
1035 584 1161 642 οὔτε
1204 587 1528 658 βιάσασθαι
1573 584 1831 640 δυνατόν.
1889 585 1983 640 οὐ·-

276 672 448 740 κοῦν,
500 675 549 723 εὶ
603 671 731 741 μὲνι
759 667 835 740 μὴ
881 673 1017 724 εἰσὶν
1056 667 1088 737 ἢ
1134 675 1306 741 μηδὲν
1349 671 1545 734 αὐτοῖς
1591 672 1702 725 τῶν
1748 668 1983 739 ἀνθ-ρω-

276 757 452 808 πίνων
504 756 675 823 μέλει,
730 758 783 808 τί
838 757 930 808 καὶ
986 752 1116 822 ἡμῖν
1169 759 1432 826 μελητέον
1495 757 1593 808 τοῦ
1637 752 1982 824 λανθάνεινς

279 844 324 892 εὶ
364 840 420 892 δὲ
467 841 570 892 εἰσί
612 858 668 892 τε
713 841 804 892 καὶ
849 842 1265 908 ἐπιμελοῦνται,
1311 839 1412 894 οὐκ
1453 839 1706 893 ἄλλοθέν
1751 858 1840 893 τοι
1883 836 1984 892 αὐ·

394 1029 450 1069 D.
491 1030 837 1080 ξυνωμοσίας
879 1043 936 1068 τε
974 1030 1060 1070 καὶ
1093 1033 1183 1081 {nl
1251 1030 1420 1073 vitiose
1450 1031 1604 1084 Steph.
1638 1027 1911 1083 δυνομοσίας.
1944 1043 1984 1070 v.

280 1086 472 1130 lobeck.
503 1087 560 1128 ad
595 1087 758 1139 Phryn.
789 1101 830 1140 p.
863 1086 961 1130 704.

393 1145 447 1184 τί
475 1144 568 1183 καὶ
599 1142 724 1195 ημῖν
754 1147 1021 1214 μελητέον
1054 1144 1134 1199 —]
1195 1145 1314 1188 vett.
1348 1146 1472 1187 editt.
1502 1144 1643 1195 μέλει,
1689 1142 1758 1182 καὶ
1791 1138 1896 1195 ημῖν
1919 1141 1981 1182 ου’

276 1201 494 1253 μελητέον.
536 1200 624 1241 Sed
655 1203 777 1242 istud
807 1216 856 1241 ου
893 1209 997 1243 ante
1027 1202 1232 1256 μελητέον
1262 1209 1437 1255 praeter
1466 1215 1600 1241 unum
1619 1202 1762 1241 solum
1785 1200 1888 1240 Par.
1909 1200 1982 1250 D.‚

276 1272 466 1311 eumque
497 1267 744 1300 correctum
783 1261 830 1299 in
861 1261 1084 1311 margine,
1127 1273 1277 1300 omnes
1319 1260 1448 1302 codd.
1479 1261 1704 1311 ignorant.
1736 1257 1910 1301 Monac.
1941 1265 1986 1303 et

276 1317 398 1357 Flor.
429 1315 484 1367 fs.
513 1318 646 1369 μέλει,
679 1315 778 1356 οὐδ’
824 1315 925 1370 ἡμῖν
955 1318 1173 1372 μελητέον,
1213 1319 1332 1370 quod
1373 1318 1478 1357 olim
1510 1329 1607 1356 cum
1638 1316 1828 1358 Bekker.
1860 1317 1982 1356 evul—

276 1378 491 1425 gavimus‚
523 1387 640 1414 nnuc
671 1376 945 1424 grammatici
975 1376 1162 1415 alicuius
1193 1376 1455 1415 correctioni
1486 1380 1712 1426 acceptum
1731 1374 1886 1414 referri
1905 1386 1983 1425 pu-

277 1439 437 1482 tamus,
473 1436 522 1471 ut
551 1437 655 1472 sunt
683 1433 750 1471 illi
783 1433 911 1472 codd.
945 1434 1124 1473 omnino
1155 1434 1425 1486 interpolati.
1458 1432 1611 1472 Ambr'.
1644 1434 1763 1484 Ang.
1797 1431 1913 1472 Flor.
1943 1445 1983 1472 a.

277 1502 375 1531 αις.
405 1505 447 1527 ιι.
479 1489 524 1528 τί
552 1488 622 1528 καὶ
653 1486 759 1542 ἡμῖν
778 1489 886 1541 psl„
919 1492 1038 1542 quod
1069 1491 1244 1531 tandem
1266 1490 1557 1543 reposuimus.
1590 1489 1769 1530 Scilicet
1796 1489 1841 1528 τί
1859 1502 1984 1542 prae-

277 1548 472 1587 cedentis
504 1548 708 1587 vocabuli
751 1548 905 1588 ultima
935 1549 1104 1599 syllaba
1134 1549 1387 1602 absorptum
1422 1554 1501 1588 est.
1566 1548 1712 1588 Habet
1752 1559 1847 1588 eam
1879 1548 1986 1588 scri·

277 1610 453 1658 pturam
483 1605 612 1644 etiam
644 1605 744 1644 Vat.
782 1605 850 1655 (9.,
882 1606 928 1645 in
960 1619 1047 1658 quo
1078 1608 1126 1646 τί
1154 1620 1287 1659 super
1315 1607 1382 1645 καὶ
1415 1607 1613 1646 additum
1644 1604 1819 1657 legitur.
1875 1605 1987 1646 Her-

278 1675 465 1703 mannus
501 1663 647 1702 locum
679 1663 742 1702 sic
773 1664 975 1704 refinxit:
1024 1662 1214 1714 Οὔκουν,
1252 1665 1289 1703 εἰ
1319 1664 1690 1716 μὲν--μέλεῃηαὶ
1721 1662 1826 1717 ἡμῖν
1855 1663 1984 1716 μελη-

279 1722 392 1760 τέον.
423 1720 558 1762 Quod
587 1719 749 1761 fartum
783 1722 1016 1764 nollemus.
1055 1721 1172 1762 Nam
1199 1720 1370 1762 Ου’κοῑν
1400 1722 1633 1769 manifesto
1664 1721 1722 1761 ad
1751 1725 1986 1773 utrumque

277 1779 491 1818 orationis
524 1778 761 1818 membrum
791 1779 1004 1830 pertinet3
1045 1780 1092 1819 in
1132 1779 1301 1820 Οὔκουν
1340 1786 1488 1819 autem
1520 1784 1735 1820 mutarum
1764 1780 1985 1831 posterio-

279 1849 372 1876 rem
401 1836 646 1876 sententiae
680 1842 850 1887 partem
880 1849 972 1876 non
1004 1838 1192 1889 amplius
1212 1837 1383 1881 afficit.
1445 1837 1634 1878 Accedit
1650 1837 1771 1889 quod
1805 1849 1857 1876 ea
1887 1849 1984 1876 cor-

278 1894 476 1934 rectione
509 1900 716 1946 suscepta
753 1895 824 1933 καὶ
854 1901 956 1935 ante
988 1892 1089 1948 ἡμῖν
1110 1895 1421 1936 molestissime
1450 1896 1642 1947 languet.
1704 1893 1826 1934 lstud
1848 1895 1894 1934 τί
1912 1893 1982 1933 καὶ

279 2034 368 2076 111.
395 2049 438 2088 p.
469 2035 572 2079 410.
606 2038 658 2076 Α.
691 2035 919 2078 Phaedon.
950 2050 989 2078 c.
1019 2036 1089 2082 64.

278 2092 316 2133 Ῐ
330 2095 505 2134 ucian.
560 2093 616 2134 T.
663 2093 734 2135 IV.
774 2107 815 2147 p.
862 2093 935 2138 38.
978 2093 1085 2135 κατὰ

279 2149 332 2192 ἰὰ
366 2153 628 2204 Χρυσίππου
661 2150 733 2193 καὶ
761 2149 963 2204 Ζήνωνος
993 2154 1088 2206 ἴχιη

281 2207 454 2263 προίώι.
494 2232 553 2239 --
588 2207 677 2250 ἐπὶ
718 2208 818 2264 γὰρ
868 2208 925 2250 τὸ
971 2209 1087 2248 λαν-

282 2259 532 2323 θάνειι,
549 2279 665 2306 nam
696 2273 754 2307 ut
786 2268 1088 2320 lateamus,

281 2322 714 2366 coniurationes
775 2331 828 2366 et
886 2325 1088 2367 fa‹tio-

280 2388 377 2423 nes'
409 2382 801 2426 conflabimus.
838 2383 942 2424 Voc.
969 2382 1085 2423 ἓιαι-

280 2441 372 2488 prta
414 2434 655 2480 illustravit
698 2441 987 2494 Heindorf.
1029 2441 1087 2493 ad

281 2496 464 2539 Theaet.
498 2511 539 2550 p.
571 2497 669 2542 173.
702 2499 759 2540 D.
791 2498 931 2539 Usum
962 2498 1086 2539 illum

278 2556 622 2610 praepositionis
672 2557 764 2607 ἐπί,
819 2570 906 2612 quo
952 2558 1085 2597 finem

281 2619 357 2653 aut
395 2614 629 2669 consilium
668 2614 911 2668 significat,
959 2607 1086 2667 nota·

281 2671 424 2712 vimus
455 2672 513 2711 ad
547 2671 666 2712 libr.
706 2674 732 2716 Ι.
765 2685 807 2725 p.
839 2673 942 2717 341.
974 2672 1032 2716 D.

338 2722 574 2775 πειθοῦς
602 2720 953 2784 διδάσκαλοι]
976 2742 1083 2784 qua-

283 2787 348 2827 les
397 2787 633 2840 descripsit
677 2789 972 2842 philosophus
1036 2789 1083 2829 in

278 2842 452 2896 Gorgia
486 2857 529 2896 p.
561 2845 646 2889 453
672 2859 768 2899 sqq.
787 2849 1084 2900 sophistarum

278 2907 435 2942 notans
451 2905 708 2954 nequitiam.
741 2906 949 2946 Proxima
965 2909 1083 2945 reete

278 2959 865 3010 interpretaturFicinus:
893 2963 1082 3014 exqui-

278 3016 375 3056 bus
397 3018 834 3073 (quorumope)par
850 3021 946 3061 tim
969 3033 1084 3072 per-

278 3075 666 3127 suadebimus,
729 3079 943 3130 partim
999 3091 1081 3118 co·-

278 3143 490 3183 gemus,
523 3139 602 3185 ut,
636 3137 942 3178 dumnobis
972 3137 1083 3188 p··lu

279 3199 342 3228 ra
430 3165 792 3246 arrogamus,
872 3206 1083 3247 poenas

279 3246 502 3287 minime
542 3251 958 3300 persolvamus.
1014 3252 1083 3291 li

278 3304 438 3344 delicet
476 3302 526 3343 τὰ
565 3307 641 3359 μὲι
686 3310 885 3363 πείσομεν
916 3314 1086 3362 spectat

278 3362 334 3401 ad
373 3361 556 3408 πειθοῦς
587 3364 892 3420 διδασκάλους,
929 3368 1006 3408 sed
1032 3365 1080 3407 τὰ

1177 2037 1219 2079 δὲ
1248 2035 1506 2091 βιασόμεθα
1546 2037 1735 2079 refertur
1764 2039 1821 2080 ad
1851 2036 1981 2083 ξυνω-

1174 2098 1331 2150 μοσίας
1358 2094 1428 2134 καὶ
1456 2094 1680 2147 ἑταιρείας.

1229 2150 1362 2193 α’λλά
1411 2151 1467 2204 δη
1524 2151 1698 2200 θεοὺς
1735 2168 1866 2195 ουτε
1908 2153 1978 2209 L]

1174 2209 1297 2252 Haec
1335 2223 1490 2251 rursus
1531 2211 1640 2252 facit
1677 2212 1981 2254 adversarium

1172 2269 1256 2310 sibi
1290 2269 1585 2310 obiicientem.
1618 2269 1719 2312 Quo
1751 2271 1795 2310 in
1820 2283 1981 2322 genere

1172 2325 1396 2375 sollemnis
1458 2333 1524 2367 est
1567 2339 1673 2375 ‘usus
1723 2329 1980 2369 vocularum

1169 2382 1278 2425 ἀλλὰ
1325 2381 1379 2437 δή
1421 2390 1464 2424 et
1500 2382 1604 2424 ἀλλὰ
1649 2383 1748 2441 γάρ.
1791 2400 1830 2429 v.
1876 2387 1977 2428 libr.

1170 2442 1230 2481 X.
1272 2455 1314 2495 p.
1350 2442 1449 2486 600.
1483 2443 1539 2489 A.
1579 2441 1694 2486 Tim.
1738 2457 1780 2496 p.
1815 2443 1886 2487 21.
1927 2447 1978 2486 A.

1172 2500 1406 2554 Protagor.
1447 2513 1489 2552 Ρ.
1523 2499 1624 2555 338.
1652 2499 1702 2543 C.
1735 2500 1906 2543 Criton.
1936 2515 1980 2555 p.

1171 2557 1307 2601 54.A
1267 2561 1307 2598 A
1315 2589 1324 2598 .
1357 2560 1413 2600 al.
1446 2558 1661 2598 Removet
1678 2563 1826 2600 autem
1855 2559 1977 2601 illam

1171 2617 1493 2657 dubitationem
1523 2602 1723 2657 adhibito
1753 2617 1977 2659 dilemma-

1170 2676 1227 2715 tis
1268 2675 1456 2725 artificio
1497 2672 1602 2714 inde
1643 2688 1670 2715 a
1711 2675 1856 2716 verbis
1897 2672 1976 2716 ov·

1170 2735 1289 2783 κοῦι,
1321 2733 1357 2772 εἰ
1385 2731 1460 2784 μὲν
1489 2730 1547 2785 μὴ
1584 2726 1690 2773 ³?qu
1722 2734 1812 2773 κτλ.
1852 2732 1976 2774 Deos

1168 2790 1282 2830 nihil
1302 2791 1438 2831 latere
1449 2802 1580 2842 quum
1605 2791 1681 2830 alii
1715 2791 1976 2842 docuerunt,

1166 2853 1257 2888 tum
1269 2848 1478 2893 Socrates
1488 2849 1605 2908 apud
1616 2849 1660 2888 X
1674 2861 1696 2888 e
1707 2862 1733 2889 n
1746 2862 1772 2908 o
1783 2862 1811 2901 p
1812 2850 1886 2889 ho
1900 2862 1928 2890 n
1943 2855 1974 2889 t.

1167 2904 1354 2946 Memor.
1392 2905 1420 2947 1.
1455 2902 1598 2957 1,1.9

1225 2963 1278 3004 Ε.
1344 2959 1439 3002 οὐκ
1477 2961 1725 3005 ἄλλοθέν
1765 2976 1851 3002 τοι
1882 2962 1974 3004 αὖ·

1168 3015 1319 3073 τούς]
1352 3020 1440 3069 Hic
1470 3024 1750 3073 quoquefvoc
1783 3022 1871 3061 vim
1893 3035 1973 3066 7as-

1169 3079 1413 3120 severandi‘
1433 3075 1575 3129 habet,
1611 3082 1656 3118 ut
1671 3091 1902 3146 perperam
1928 3081 1973 3121 in

1169 3136 1393 3187 codicibus
1427 3136 1650 3179 nonnullis
1677 3138 1886 3179 omissum
1910 3139 1974 3179 vi-

1170 3181 1338 3253 deatur.
1406 3191 1529 3233 Deos
1573 3207 1718 3235 rerum
1762 3196 1974 3236 humana-

1169 3247 1266 3292 rum
1293 3251 1461 3291 nullam
1495 3263 1645 3297 curam
1675 3265 1829 3304 gerere
1849 3267 1972 3306 prae-

1170 3314 1236 3349 ter
1253 3309 1366 3349 alios
1388 3310 1610 3361 sophistas
1638 3311 1839 3363 inprimis
1870 3311 1974 3352 l'ro-

1171 3373 1348 3419 tagoras
1390 3368 1563 3423 docuit:
1603 3381 1854 3421 quanquam
1896 3370 1974 3410 hn-
