2124 3744
162 638 208 689 Β

255 160 320 209 28
884 155 1365 208 PLATONIS

253 321 308 366 γε
337 304 599 354 τοιοῦτον
639 308 942 375 μέμψαιτο.
1025 300 1168 354 Ἀλλ’
1182 342 1196 365 ,
1241 293 1309 365 ἦν
1355 299 1403 353 δ
1459 298 1578 368 ἐγω,
1626 303 1963 354 τελειωθεῖσι

254 394 372 447 τοῖς
414 405 695 446 τοιουτοις
738 387 963 453 παιδείᾳ
1023 406 1080 439 τε
1127 407 1218 438 και
1263 381 1451 452 ἡλικίᾳ
1496 377 1611 454 ἆρα
1656 383 1724 437 οὐ
1769 386 1967 454 μόνοις

255 490 330 521 αν
370 460 476 533 τὴν
521 467 687 523 πόλιν
735 474 1076 566 έπιτρέποιςς

386 549 526 630 Cap.
588 548 697 608 III.
801 555 911 605 Καὶ
983 550 1013 606 ὁ
1071 552 1452 620 Ἀδείμαντος,
1507 543 1584 606 Ω
1646 550 1966 620 Σώκρατες,

260 640 385 709 ἔφη,
429 634 571 707 πρὸς
615 640 716 704 μὲν
761 634 942 690 ταῦτα’
988 655 1076 691 σοι
1122 635 1303 698 οὐδεὶς
1347 632 1422 689 ἂν
1462 634 1583 700 οἷός
1627 635 1680 688 τ’
1733 641 1820 701 εἴη
1865 634 1967 689 ἀν·

253 731 485 775 τειπεῖν·
513 718 685 774 αλλα
747 718 856 816 γὰρ
913 720 1130 774 τοιόνδε
1177 740 1227 772 τι
1273 739 1584 790 πασχουσιν
1629 725 1682 774 οἱ
1726 719 1968 774 ἀκούον-

247 825 341 874 τες
387 804 648 860 ἑκάστοτε
692 801 727 857 ἃ
777 807 879 859 νῦν
921 807 1114 871 λέγεις·
1162 821 1430 871 ιῃουνται
1455 803 1527 859 δι
1580 803 1842 874 ἀπειρίαν
1866 806 1967 859 τοῦ

253 892 468 960 ἐρωτᾶν
527 911 584 943 τε
642 893 732 942 καὶ
791 887 1212 959 ἀποκρίνεσθαι
1266 885 1377 942 ὑπὸ
1436 891 1536 943 τοῦ
1593 889 1767 956 λόγου
1824 886 1964 958 παρ’

253 980 490 1028 ἕκαστον
547 973 611 1028 τὸ
671 970 927 1044 ἐρώτημα
984 969 1219 1043 σμικρὸν
1278 972 1688 1044 παραγόμενοι,
1755 971 1968 1044 ἀθροι-

257 1061 515 1114 σθέντων
552 1061 664 1112 τῶν
708 1060 967 1128 σμικρῶν
991 1061 1076 1111 ἐπὶ
1126 1060 1380 1123 τελευτῆς
1425 1060 1534 1111 τῶν
1597 1058 1776 1127 λόγων
1829 1065 1967 1127 μέγα

257 1140 322 1197 τὸ
370 1140 604 1216 σφάλμα
649 1145 741 1197 καὶ
780 1145 1039 1196 ἐναντίον
1083 1152 1202 1204 τοῖς
1245 1141 1487 1211 πρώτοις
1521 1140 1971 1216 ἀναφαίνεσθαι,

254 1230 349 1281 καὶ
406 1225 585 1298 ὥςπερ
642 1222 753 1280 ὑπὸ
815 1229 926 1280 τῶν
981 1224 1260 1280 πεττεύειν
1315 1228 1510 1280 δεινῶν
1571 1231 1625 1281 οἱ
1667 1223 1744 1297 μὴ
1791 1229 1972 1280 τελευ-

256 1313 459 1374 τῶντες
515 1310 915 1366 ἀποκλείονται
967 1312 1059 1363 καὶ
1117 1309 1218 1364 οὐκ
1276 1313 1495 1380 ἔχουσιν
1538 1309 1568 1365 ὅ
1619 1332 1672 1364 τι
1715 1315 1971 1385 φέρωσιν,

259 1392 405 1450 οὕτω
452 1398 548 1450 καὶ
593 1406 749 1468 σφεῖς
807 1396 1164 1457 τελευτῶντες
1222 1392 1660 1460 ἀποκλείεσθαι,
1718 1398 1811 1449 καὶ
1868 1393 1970 1449 οὐκ

256 1485 396 1550 ἔχειν
451 1476 481 1534 ὅ
546 1500 597 1532 τι
651 1481 878 1548 λέγωσιν
939 1475 1050 1532 ὑπὸ
1112 1482 1366 1542 πεττείας
1421 1470 1496 1533 αὖ
1553 1478 1763 1546 ταύτης
1818 1477 1972 1543 τινὸς

258 1569 478 1637 ἑτέρας,
525 1562 628 1619 οὐκ
675 1570 734 1618 ὲν
777 1561 1030 1639 ψήφοις,
1078 1561 1208 1616 ἀλλ’
1261 1568 1319 1616 ὲν
1361 1560 1577 1628 λόγοις·
1639 1567 1754 1618 ἐπεὶ
1800 1563 1865 1618 τό
1911 1586 1969 1633 γε

256 1647 476 1715 ἀληθὲς
520 1647 682 1704 οὐδέν
727 1669 781 1702 τι
823 1651 1042 1717 μᾶλλον
1088 1645 1265 1722 ταύτῃ
1298 1651 1454 1716 ἔχειν.
1503 1650 1634 1719 λέγω
1682 1646 1733 1703 δ’
1786 1655 1863 1712 εὶς
1906 1646 1969 1703 τὸ

256 1729 442 1804 παρὸν
494 1732 863 1807 ἀποβλέψας·
921 1734 1026 1786 νῦν
1086 1730 1195 1804 γὰρ
1241 1735 1384 1805 φαίη
1446 1727 1521 1786 ἄν
1565 1737 1648 1796 τίς
1689 1752 1780 1788 σοι
1824 1733 1971 1802 λόγῳ

254 1821 357 1887 μὲν
400 1815 502 1874 οὐκ
545 1821 687 1889 ἔχειν
731 1815 877 1871 καθ’
931 1822 1166 1871 ἕκαστον
1209 1817 1272 1871 τὸ
1303 1817 1667 1887 ἐρωτώμενον
1687 1819 1969 1872 ἐναντιοῦ-

373 1982 482 2035 Cap.
504 1982 595 2024 111.
636 1981 800 2026 1².487.
842 1980 895 2025 Β.
938 1984 1035 2023 τοῦ
1068 1981 1276 2036 ἐρωτᾶν
1311 1984 1393 2036 τε]
1431 1997 1472 2023 τε
1504 1995 1594 2026 om.
1628 1981 1726 2022 Par.

255 2052 357 2082 mox
388 2036 747 2093 παραγενόμενοι.

375 2097 425 2138 C.
489 2095 570 2138 ὅτι
606 2094 879 2150 φέρωσιν]
911 2098 988 2139 Sic
1019 2095 1155 2139 edidit
1188 2095 1447 2150 Stephanus.
1482 2096 1623 2139 Codd.
1656 2103 1808 2139 'omnes
1843 2111 1969 2151 prae-

256 2162 325 2197 ter
362 2168 493 2197 unum
535 2155 665 2197 Vind.
699 2155 750 2196 E.
792 2153 1048 2197 Schneideri
1090 2154 1324 2207 φέρουσιν,
1364 2154 1482 2208 quod
1523 2167 1620 2196 cum
1657 2155 1860 2197 Bekkero
1904 2169 1970 2198 re—

1763 1984 1814 2023 Α.
1845 1981 1969 2023 Idem

257 2297 382 2350 ἔφη,
416 2297 504 2350 -]
540 2296 829 2338 Proverbium
858 2296 1072 2339 illustrant

257 2355 518 2396 Erasmus
551 2353 734 2397 Chinad.
773 2355 810 2398 Ι.
843 2354 887 2405 5,
922 2355 990 2399 75.
1026 2363 1071 2396 et

255 2413 522 2466 interpretes
581 2412 944 2453 Aristaeneti
1015 2412 1069 2453 ad

259 2470 397 2524 Epist.
427 2471 465 2513 Ι.
498 2470 538 2513 1.
561 2483 605 2523 ρ.
623 2469 724 2513 239.
757 2470 827 2510 ed.
863 2470 1069 2512 Boisson.

319 2528 429 2583 Cap.
448 2529 536 2568 111.
572 2527 623 2568 Β.
654 2525 878 2568 τοιόνδε
907 2542 954 2568 τι
983 2525 1070 2568 πά·

262 2599 496 2638 σχουσιν
525 2600 602 2615 -·
650 2581 935 2656 ἡγοῦνται
961 2600 999 2627 κ.
1036 2600 1070 2626 τ.

262 2645 328 2697 λη]
361 2643 585 2686 Phaedon.
619 2657 661 2697 p.
680 2644 750 2688 68.
783 2643 846 2685 E:
881 2639 935 2684 οὐ
970 2659 1070 2685 ταυ-

263 2699 341 2743 τὸν
372 2703 502 2742 τοῦτο
543 2700 820 2745 πεπόνθασι·
863 2697 1074 2757 ἀκολασίᾳ

264 2760 343 2800 τινὶ
384 2757 615 2813 σώφρονές
653 2759 751 2800 εἰσι.
790 2773 830 2800 v.
861 2760 919 2802 ad
955 2765 1073 2814 Apo·

261 2820 350 2887 log-
399 2818 572 2861 Socrat.
623 2830 661 2861 c.
704 2819 793 2860 vul.
863 2819 970 2860 Mox
1014 2819 1073 2859 D:

259 2872 382 2926 ὅμως
413 2876 558 2924 τοῦτο,
574 2900 626 2906 --
655 2873 911 2927 πάσχοντας,
942 2871 1072 2930 ἀχρή-

264 2945 397 2974 στους
437 2939 529 2975 ταῖς
577 2931 730 2975 πόλεσι
775 2933 1074 2988 γιγνομένους,

260 2992 332 3032 ubi
366 2991 637 3046 participium
671 2994 935 3046 epexegesin
967 3005 1073 3034 con-

262 3049 385 3092 tinet.
467 3051 702 3091 Praeterea
763 3051 952 3091 notanda
1007 3055 1074 3091 est

264 3107 474 3147 enuntiati
521 3106 819 3158 ιιιιιιοοΙιιῑΙιὶιι,
876 3108 1074 3161 quaudo·

264 3163 439 3215 quidem
475 3170 575 3218 post
610 3160 820 3218 ἡγοῦνται
849 3189 904 3195 ——
937 3179 1073 3220 παρα-

267 3217 466 3272 γόμειοι,
506 3223 727 3265 institutae
764 3224 974 3264 orationis
1005 3229 1073 3265 te-

268 3290 374 3319 nore
413 3279 626 3321 derelicto
669 3280 852 3322 infertur
889 3281 995 3334 μέγα
1025 3279 1073 3322 τὸ

268 3332 440 3386 σφάλμα
483 3337 551 3376 καὶ
590 3335 786 3378 ἐναντίον
827 3343 917 3379 τοῖς
957 3337 1072 3393 πρώ-

267 3404 359 3437 ,τοις
429 3386 764 3445 ἀναφαίνεσθαι.
857 3395 1069 3439 Nimirum

1148 2301 1281 2352 'patet
1312 2310 1526 2351 personae
1545 2297 1782 2338 subiectum
1813 2296 1971 2338 deinde

1160 2368 1259 2398 esse
1295 2360 1589 2409 permutatum
1623 2366 1753 2407 quum
1793 2353 1970 2398 debuis-

1158 2418 1228 2455 set
1264 2413 1465 2465 subiungi
1497 2412 1590 2454 fere
1623 2410 1727 2453 hoc:
1774 2412 1834 2459 εἰς
1862 2413 1971 2465 μέγα

1159 2483 1236 2523 σφ.
1267 2471 1490 2512 εἰεπεσεῖν.

1216 2530 1302 2569 καὶ
1334 2525 1512 2582 ὥσπερ
1557 2523 1662 2569 ὑπὸ
1696 2527 1797 2567 τῶν
1828 2541 1870 2568 π.
1903 2526 1968 2580 δ.]

1160 2587 1498 2640 Elegantissime
1540 2586 1832 2638 comparatio,
1887 2598 1973 2638 qua

1159 2645 1372 2687 Socrates
1426 2644 1665 2686 disserendi
1734 2642 1972 2684 subtilitate

1159 2716 1260 2754 sua,
1303 2703 1433 2745 veluti
1471 2702 1542 2756 qui
1585 2701 1848 2742 calculorum
1881 2700 1970 2741 ludi

1160 2761 1288 2814 periti
1340 2765 1466 2812 sunt,
1513 2759 1792 2802 adversarios
1836 2758 1969 2800 inter-

1159 2818 1336 2860 cludere
1377 2823 1422 2859 et
1462 2817 1517 2858 ad
1568 2817 1721 2858 incitas
1770 2814 1972 2863 redigere

1160 2876 1330 2917 dicitur.
1394 2875 1605 2917 Similiter
1636 2873 1970 2940 '5²33V114'·

1160 2933 1258 2978 820.
1281 2933 1341 2977 C.
1376 2928 1676 2986 προβάλλοντά
1704 2945 1747 2971 τε
1776 2925 1972 2984 ἀλλήλοις

1161 2986 1227 3033 ἀεὶ
1259 2990 1487 3059 διατριβην
1526 2991 1602 3043 τῆς
1638 2990 1828 3029 πεττείας
1859 2986 1968 3029 πολύ

1160 3050 1438 3103 χαριεστέραν
1491 3047 1751 3101 πρεσβυτῶν
1811 3045 1970 3100 διατρί-

1159 3108 1299 3160 βοντα
1330 3108 1587 3159 φιλονεικεῖν
1617 3103 1674 3146 ιὲνμ
1694 3111 1784 3146 ταῖς
1805 3103 1972 3146 τούτων

1160 3164 1321 3218 ἀξίαισι
1359 3165 1552 3216 σχολαιε,
1595 3164 1666 3205 ubi
1710 3164 1766 3205 de
1805 3165 1971 3216 πεττεία

1161 3224 1328 3265 monuit
1370 3222 1642 3265 scholiastes.
1683 3245 1737 3253 —
1801 3221 1853 3262 σι’
1859 3219 1964 3291 μή.

1160 3294 1224 3323 sc.
1273 3277 1489 3321 πεττεῑέιν
1532 3279 1678 3323 δεινοί,
1726 3303 1783 3310 -
1845 3274 1967 3320 ἀπο·

1161 3338 1461 3386 κλείεσθαι,
1493 3338 1819 3391 intercludi,
1858 3350 1968 3378 nunc

1160 3396 1214 3438 de
1245 3398 1438 3438 astatore
1468 3395 1652 3446 dictum,
1694 3397 1766 3448 qni
1813 3395 1865 3436 ad
1902 3395 1965 3435 in-
