2072 3730
276 151 382 202 410
893 149 1365 206 PLATONIS

259 288 336 349 γ,Ω
384 292 683 366 Σώκρατές
739 317 792 351 τε
849 300 940 350 καὶ
993 298 1289 362 Γλαύκων,
1355 297 1517 352 οὐδὲν
1573 302 1654 353 ὸέῖ
1707 298 1836 369 ὑμῖν
1880 298 1977 354 ἅλ-

275 383 407 443 λους
449 378 845 454 άμφιςβητεῖν”
906 380 1074 438 αὐτοὶ
1126 404 1235 453 γαρ
1297 389 1354 435 ὲν
1410 382 1551 460 ἀρχῇ
1599 386 1695 450 τῆς
1739 392 1979 439 κατοικί-

276 483 435 529 σεως,
482 463 811 534 ἣνῴκίζετε
855 465 1048 531 πόλιν,
1094 466 1422 537 ὡμολογεῖτε
1467 471 1580 522 ὄεῖν
1623 466 1766 531 κατὰ
1811 469 1982 542 φύσιν

275 554 514 603 ἕκαστον
558 553 656 603 ἕνα
709 552 767 603 ἓν
817 548 876 604 τὸ
921 550 1099 606 αὑτοῦ
1145 549 1428 622 πράττειν.

277 722 523 791 διαφέρει
569 716 707 786 γυνὴ
755 715 966 788 ἀνδρὸς
1028 718 1131 786 τὴν
1176 720 1377 792 φύσινς

276 810 462 876 «primm
556 802 775 858 Οὐκοῦν
831 801 971 858 ἄλλο
1024 807 1115 859 καὶ
1176 808 1340 875 ἔργον
1413 810 1651 874 ἑκατέρῳ
1724 807 1983 876 προςήκει

207 892 224 937 ἶ
278 888 648 955 προςτάττειν,
693 886 756 942 τὸ
783 886 928 942 κατὰ
963 887 1066 955 τὴν
1089 886 1268 944 αὐτοῦ
1299 887 1504 963 φύσινς
1571 894 1637 944 Τι’
1658 889 1802 960 μήνῑ,
1849 893 1985 954 Πῶς
2048 930 2049 934 ,

277 963 381 1027 οὖν
426 970 526 1043 οὐχ
580 970 932 1043 ἁμαρτάνετε
989 975 1093 1028 νῦν
1148 977 1238 1028 καὶ
1287 974 1563 1028 τάναντιά
1610 973 1741 1043 ἡμῖν
1789 974 1984 1038 αὐτοῖς
2046 990 2048 994 “

251 1056 485 1127 ολεγέτε,
531 1056 844 1132 φάσκοντες
883 1048 960 1115 ,αὖ
1005 1057 1136 1123 τοὺς
1179 1058 1394 1129 ἄνδρας
1437 1062 1528 1113 καὶ
1575 1064 1676 1124 τας
1717 1071 1986 1128 γυναῖκας
2052 1076 2057 1133 2

277 1147 391 1196 δεῖν
438 1139 505 1210 τά
555 1139 704 1196 αὐτὰ
745 1134 1021 1214 νπράττειν
1069 1147 1327 1198 πλεῖστον
1371 1152 1769 1214 κεχωρισμένην
1813 1143 1985 1218 φύσιν
2052 1138 2054 1141 ’

971 1218 994 1242 7

280 1233 541 1297 ἔχοντας-ς
613 1223 784 1292 ’Έξεις
829 1248 911 1291 τι,
958 1252 997 1280 ω
1050 1227 1365 1296 θαυμάσιε,
1425 1226 1565 1297 πρὸς
1619 1228 1778 1282 ταῦτ’
1841 1226 1985 1283 άπο-
2052 1231 2055 1233 “

281 1315 613 1378 λογεῖσθαις
690 1308 788 1374 Ὡς
817 1311 1250 1385 *μὲνὲξαίφνηςχ
1296 1316 1416 1386 ἔφη,
1464 1312 1529 1367 οὐ
1578 1313 1726 1367 πάνυ
1754 1310 1982 1384 ῥᾴδιον·

279 1392 421 1448 άλλά
467 1395 586 1450 σοῦ
619 1394 884 1463 δεήσομαί
931 1417 986 1450 τε
1034 1401 1126 1451 καὶ
1171 1402 1364 1466 δέομαι
1410 1400 1503 1451 καὶ
1535 1395 1636 1452 τὸν
1665 1395 1805 1468 ὑπὲρ
1831 1396 1985 1466 ἡμῶν

279 1479 479 1547 λόγον.
526 1476 674 1543 ὅςτις
721 1480 847 1533 ποτ’
901 1484 1077 1543 ἔστιν,
1138 1482 1486 1551 ἑρμηνεῦσαι.
1585 1480 1766 1536 Ταῦτ’
1820 1486 1984 1545 ἐστίν,

277 1556 348 1631 ἦν
411 1563 460 1618 δ’
525 1563 655 1634 ἐγώ,
712 1556 752 1618 ὦ
804 1565 1105 1628 Γλαύκων,
1164 1568 1254 1619 καὶ
1310 1565 1455 1620 ἄλλα
1503 1566 1685 1622 πολλοὶ
1732 1570 1986 1630 τοιαῦτα,
2058 1630 2059 1634 ¹

280 1647 316 1704 ἃ
375 1647 476 1718 ἐγώ
537 1647 710 1703 πάλαι
776 1653 1042 1720 προορῶν
1109 1647 1435 1724 ἐφοβούμην
1503 1672 1559 1705 τε
1617 1655 1707 1706 καὶ
1771 1650 1986 1707 ὤκνουν

395 1787 447 1829 C.
496 1784 674 1837 Ἕξειε
706 1779 835 1840 τι,ὠ
867 1787 945 1840 θ’.]
988 1788 1191 1829 Accessit
1224 1802 1258 1827 τι
1300 1801 1353 1828 ex
1385 1789 1585 1840 plurimis
1618 1791 1881 1843 optimisque
1913 1805 1984 1831 co-

278 1846 462 1888 dicibus.
524 1844 732 1887 Servavit
772 1847 904 1886 etiam
947 1844 1102 1889 Galen.
1138 1847 1193 1887 de
1235 1847 1451 1899 Hippocr.
1485 1851 1528 1887 et
1561 1847 1674 1889 Plat.
1708 1848 1870 1889 decret.
1902 1850 1985 1889 IX.

279 1917 318 1957 p.
357 1904 458 1947 332.
491 1910 534 1944 et
565 1905 669 1944 edit.
701 1904 904 1945 Platonis
938 1904 1054 1944 inter
1083 1910 1253 1945 veteres
1282 1905 1462 1958 optima,
1495 1905 1579 1944 hoe
1612 1911 1679 1946 est
1714 1906 1815 1947 Bas.
1847 1907 1888 1950 2.

393 1963 446 2003 D.
513 1957 651 2015 ἡμᾶς
682 1957 988 2014 ὑπολαβεῖν
1020 1959 1108 2015 ἄν]
1146 1963 1193 2002 V.
1227 1957 1475 2014 ἀπολαβεῖν,
1507 1964 1627 2015 quod
1659 1970 1834 2016 praeter
1863 1965 1984 2007 Flor.

281 2035 320 2061 α.
354 2022 500 2061 nullus
532 2021 644 2061 liber
674 2021 836 2062 habere
869 2020 1054 2063 videtur.
1114 2021 1174 2061 Et
1207 2015 1441 2072 ὑπολαβεῖν
1488 2021 1542 2061 de
1577 2023 1831 2063 coniectura
1863 2025 1984 2064 resti-

340 2135 392 2176 B.
434 2130 596 2175 οὐδὲν
628 2132 709 2176 δεῖ
737 2131 862 2185 ὑμῖν
894 2131 1091 2176 ἄλλους

1178 2131 1260 2176 οὐκ
1312 2131 1479 2190 εὐκόλῳ
1526 2135 1679 2179 ἔοικεν.
1757 2138 1825 2179 lta
1869 2140 1984 2179 enim

283 2189 684 2249 ἀμφιςβητεῖν]
728 2193 832 2234 Non
866 2207 977 2246 opus
1010 2199 1090 2244 est,

1175 2196 1285 2236 haec
1323 2196 1371 2234 in
1410 2208 1542 2235 unam
1582 2196 1844 2236 sententiam
1888 2209 1985 2236 coe-

283 2259 331 2292 ut
370 2252 445 2292 alii
485 2253 613 2292 vobis
654 2252 964 2292 adversentur:
1004 2253 1090 2304 ipsi

283 2311 422 2360 enim,
455 2323 587 2362 quum
620 2310 844 2350 civitatem
877 2310 1087 2350 condere-⁴

282 2369 367 2419 tis,
405 2369 532 2408 vobis
563 2368 774 2408 videmini
805 2380 1089 2420 repugnasse.

285 2426 382 2467 Hac
442 2427 678 2467 verborum
732 2427 951 2467 sententia
1000 2439 1089 2466 non

283 2485 390 2525 satis
408 2480 638 2538 perspecta
670 2485 745 2524 Hc
762 2498 788 2524 u
804 2485 886 2524 sdi
903 2497 959 2524 us
982 2484 1091 2536 Spe*

282 2543 379 2585 cim.
412 2544 508 2583 crit.
543 2556 586 2596 p.
617 2543 717 2586 119.
757 2537 955 2591 α’λλήλοις
984 2543 1090 2583 scri-

283 2601 472 2641 bendum
504 2600 709 2642 coniecit.

341 2659 389 2699 (3.
427 2655 604 2709 ’Ἐξεις
636 2673 680 2698 τι
711 2682 765 2687 —-
798 2653 1090 2711 ἀπολογεῖ-

284 2716 442 2772 σθαι]
478 2718 705 2770 aliquid
742 2716 1089 2757 defendendi

283 2788 489 2820 caussa
520 2777 808 2828 proferre3
842 2789 883 2818 v.
915 2776 973 2816 ad
993 2775 1088 2815 libr.

344 2891 401 2931 D.
466 2887 538 2932 Οὐ
584 2889 650 2942 μὰ
682 2888 774 2931 τὸν
806 2890 934 2936 Δία,
977 2890 1091 2942 ἔφη,

288 2943 350 2988 οὐ
383 2945 481 3003 γὰρ
512 2945 719 3004 εὐκόλῳ
743 2948 946 2997 ἔοικεν,
972 2949 1094 2988 Haec

286 3020 375 3047 non
407 3008 657 3049 dubitamus
686 3009 791 3060 quin
813 3007 1093 3047 librariorum

286 3066 416 3116 eulpa
446 3067 586 3107 labem
619 3063 935 3107 contraxerint.
979 3064 1094 3104 Nam

286 3124 398 3162 istuc
434 3119 498 3164 Οὔ
530 3121 587 3174 μὰ
618 3121 692 3164 τὸν
717 3125 809 3164 Δία
837 3125 903 3163 ita
923 3123 1094 3163 demum

288 3187 435 3232 aptum
479 3189 622 3234 esset,
666 3183 703 3222 si
736 3179 932 3229 Glanum
975 3181 1095 3232 quod

288 3237 496 3279 Socrates
536 3241 785 3292 negandum
835 3239 1091 3286 censuisset,

287 3297 390 3336 item
441 3305 635 3349 negaret.
719 3297 939 3346 Quocirca
994 3297 1094 3335 vido

288 3367 343 3395 an
377 3354 604 3396 lenissima
622 3357 867 3396 mutatione
898 3355 1093 3395 scriben-

288 3413 390 3453 dum
420 3413 497 3456 sit:
543 3408 607 3454 Ου’
642 3410 697 3461 μὰ
741 3410 814 3452 τὸν
846 3412 955 3458 Δία,
997 3412 1093 3464 ἔφη,

1177 2259 1256 2294 unt
1302 2254 1523 2305 habetque
1563 2254 1674 2293 illud
1713 2249 1778 2294 Οὐ
1820 2252 1876 2302 μὰ
1910 2251 1986 2293 τὸν

1174 2312 1267 2351 Δία
1313 2312 1494 2351 verbum
1535 2310 1698 2358 ἔοικεν,
1751 2313 1809 2352 ad
1866 2314 1985 2364 quod

1176 2369 1405 2410 commode
1448 2369 1679 2412 referatur.
1748 2370 1985 2421 Loquendi

1176 2441 1315 2480 genus
1355 2427 1411 2467 ad
1451 2427 1549 2467 libr.
1593 2427 1666 2470 ΙΙΙ.
1705 2441 1746 2481 p.
1788 2427 1887 2470 390.
1934 2428 1984 2468 C.

1175 2485 1388 2537 exemplis
1409 2485 1689 2526 illustratum.
1720 2485 1781 2526 Fi
1797 2499 1819 2526 c
1831 2486 1845 2525 i
1859 2499 1887 2526 n
1902 2499 1929 2525 u
1943 2500 1984 2526 s:

1176 2543 1476 2595 Profecto,
1521 2556 1629 2584 non
1669 2545 1788 2584 leve
1829 2545 1985 2585 istud

1175 2608 1414 2655 apparet
1490 2600 1870 2643 Schneiderus
1911 2615 1983 2642 co-

1175 2662 1320 2701 dicum
1366 2660 1585 2711 scriptura
1622 2666 1798 2700 servata
1838 2660 1982 2699 locum

1176 2720 1239 2759 sic
1287 2719 1625 2770 interpretatur:
1688 2717 1738 2757 M
1758 2719 1771 2757 i
1794 2730 1822 2758 n
1840 2719 1855 2757 i
1873 2731 1914 2757 m
1935 2732 1958 2757 e
1974 2749 1985 2766 ‚

1176 2789 1274 2830 per
1315 2777 1517 2826 lovem,
1568 2780 1778 2815 temere
1829 2781 1884 2815 tu
1935 2781 1986 2815 et
2059 2789 2061 2821 1

1178 2835 1299 2876 sine
1330 2847 1529 2875 caussa
1557 2833 1696 2873 hanc
1735 2835 1847 2873 rem
1878 2838 1982 2874 tra-

1178 2898 1328 2933 ctare
1401 2891 1730 2940 dubitabas3
1815 2891 1983 2931 haud

1180 2952 1319 2991 enim
1391 2950 1592 2989 facilis
1656 2949 1984 2990 videbatur.

1179 3009 1310 3057 Quod
1340 3015 1495 3060 parum
1528 3006 1655 3046 uobis
1689 3007 1922 3048 satisfacit.

1237 3062 1370 3106 ἅντε
1440 3062 1653 3104 reseis*
1714 3063 1983 3117 κολυμβή-
2056 3106 2057 3114 ¹

1180 3125 1323 3175 θραν
1371 3123 1455 3174 -]
1528 3122 1814 3172 „Illustravit
1874 3124 1984 3164 haec

1183 3182 1326 3222 Petr.
1364 3180 1658 3221 Victorius
1699 3181 1983 3221 varr.Lectt.
2053 3194 2055 3238 ς

1179 3240 1263 3287 111,
1301 3236 1402 3281 103⁸
1440 3238 1650 3280 Astius.
1684 3239 1753 3279 De
1775 3240 1984 3291 imagine,
2053 3242 2055 3247 ’

1182 3311 1270 3350 qua
1301 3298 1436 3336 utitur
1467 3295 1689 3346 Socrates,
1726 3297 1888 3338 dictum
1920 3304 1986 3337 est

1180 3357 1265 3395 iam
1298 3356 1355 3395 ad
1386 3355 1484 3394 libr.
1508 3354 1577 3396 lV.
1598 3368 1640 3407 p.
1659 3353 1760 3397 441.
1781 3355 1829 3395 C.
1851 3352 1981 3394 Conf.
2051 3350 2053 3383 ἰ

1180 3413 1309 3454 ctiam
1344 3413 1456 3454 infra
1488 3426 1527 3465 p.
1563 3412 1661 3456 457.
1695 3412 1771 3462 B.‚
1822 3413 1892 3452 ubi
1927 3414 1980 3453 ad
2049 3425 2051 3456 1

1508 550 1981 623 ’ῼμολογήσαμεις
2050 585 2063 598 -2

216 670 227 684 N·
277 632 631 702 olicae-,adq
672 635 780 704 γαρ
827 631 930 705 οὕς
1001 634 1192 689 ’Έστιν
1250 626 1353 690 οὖν
1409 633 1559 700 ὅπως
1600 635 1666 691 ού
1712 636 1982 705 πάμπολυ
2055 648 2072 703 ¹

1469 723 1601 784 Πῶς
1646 720 1693 774 δ’
1748 720 1814 775 οὐ
1863 725 1984 776 δια·
2046 755 2047 758 =

2050 3390 2052 3416 l
