2124 3744
189 177 292 230 DE
334 175 787 232 REPUBLICA
832 176 979 230 LlB.
1025 177 1126 232 IX.
1170 177 1228 230 P.
1271 179 1389 230 571.
1430 180 1548 234 572.
1590 178 1669 234 St.
1749 179 1846 231 291

153 345 254 379 νον
310 322 577 396 αἰσχύνης
638 330 731 381 καὶ
784 323 1124 401 φρονήσεως.
1176 330 1344 396 μητρί
1396 345 1453 379 τε
1495 323 1604 394 γὰρ
1651 330 1842 396 ἐπιχει-

151 419 268 480 ρεῖν
323 414 667 480 μίγνυσθαι,
725 409 799 476 ὡς
847 408 1055 478 οἴεται,
1118 407 1281 464 οὐδὲν
1335 407 1512 472 ὀκνεῖ,
1579 406 1730 478 ἄλλῳ
1787 429 1845 463 τε
1883 416 1934 468 D

150 491 370 563 ὁτῳοῦν
424 492 755 566 ἀνθρώπων
807 497 901 549 καὶ
957 495 1114 547 θεῶν
1167 496 1258 548 καὶ
1303 497 1556 566 θηρίων,
1616 515 1848 568 μιαιφο-

150 589 264 632 νεῖν
307 600 362 633 τε
405 576 614 644 ὁτιοῦν,
655 576 952 652 βρώματός
994 600 1052 632 τε
1091 576 1409 649 ἀπέχεσθαι
1452 577 1709 647 μηδενός·
1758 582 1850 632 καὶ

150 667 235 718 ὲνι
273 662 420 732 λόγῳ
465 661 594 719 οὔτε
634 663 838 727 ἀνοίας
877 661 1044 718 οὐδὲν
1088 665 1331 724 ἐλλείπει,
1380 661 1498 716 οὔτ’
1552 662 1850 733 ἀναισχυν-

150 753 289 811 τίας.
370 746 773 815 Ἀληθέστατα,
814 751 950 822 ἔφη,
993 751 1178 817 λέγεις.
1248 746 1419 802 Ὅταν
1463 750 1519 802 δέ
1561 769 1634 817 γε,
1678 746 1851 816 οἶμαι,

146 829 395 900 ὑγιεινῶς
442 854 522 897 τις
561 836 652 909 ἔχῃ
696 829 871 896 αὐτὸς
914 829 1090 886 αὑτοῦ
1133 834 1227 886 καὶ
1271 831 1597 907 σωφρόνως,
1638 834 1729 886 καὶ
1776 837 1851 895 είς

146 912 250 969 τὸν
289 911 472 971 ὕπνον
529 917 584 993 ἴῃ
642 915 703 972 τὸ
749 913 1068 984 λογιστικὸν
1110 919 1213 987 μὲν
1252 921 1464 990 ἐγείρας
1507 919 1711 972 ἑαυτοῦ
1757 921 1849 970 καὶ

147 997 410 1064 ἑστιάσας
467 1000 650 1068 λόγων
703 1003 887 1055 καλῶν
941 1003 1036 1055 καὶ
1092 1007 1368 1076 σκέψεων,
1435 1009 1511 1066 εὶς
1580 1002 1849 1056 σύννοιαν

145 1081 322 1148 αὐτὸς
360 1081 515 1155 αὐτῷ
561 1084 939 1159 ἀφικόμενος,
998 1082 1059 1139 τὸ
1116 1085 1529 1156 ἐπιθυμητικὸν
1585 1088 1641 1141 δὲ
1706 1083 1843 1156 μήτε
1891 1091 1939 1144 Ε

146 1172 328 1240 ἐνδείᾳ
370 1167 504 1234 δοὺς
554 1172 693 1240 μήτε
737 1172 1063 1246 πλησμονῇ,
1117 1166 1268 1235 ὅπως
1319 1168 1395 1224 ὀὶν
1447 1172 1700 1248 κοιμηθῇ
1754 1173 1844 1224 καὶ

143 1253 223 1323 μὴ
265 1259 474 1331 παρέχῃ
516 1254 783 1327 θόρυβον
825 1256 904 1324 τῷ
947 1256 1212 1325 βελτίστῳ
1251 1266 1454 1328 χαῖρον
1495 1253 1528 1324 ἢ
1571 1253 1846 1326 λυπούμε-
1884 1251 1987 1309 572

144 1359 276 1402 νον,
318 1335 448 1394 ἀλλ’
489 1343 556 1412 ἐᾷ
595 1337 739 1396 αὐτὸ
785 1338 927 1394 καθ’
996 1336 1136 1394 αὐτὸ
1181 1340 1361 1409 μόνον
1404 1337 1675 1410 καθαρὸν
1721 1358 1848 1395 σκο-

144 1508 279 1546 eunte
311 1503 516 1546 Bekkero
548 1516 603 1546 ex
637 1504 736 1545 Par.
761 1507 811 1545 Α.
847 1502 972 1545 Vind.
993 1502 1113 1545 Mon.
1150 1505 1311 1559 Augei.
1340 1467 1446 1547 Vat.
1462 1519 1518 1547 m.
1551 1510 1596 1548 et
1631 1517 1711 1546 aex
1744 1502 1846 1545 Flo-

144 1563 327 1605 rentinia
366 1562 542 1603 nostris.
583 1562 695 1603 Ven.
735 1561 798 1603 H.
840 1561 944 1602 Par.
987 1561 1038 1602 Ι).
1082 1557 1171 1603 ἐάν.
1219 1563 1318 1604 Par.
1360 1563 1412 1604 K.
1448 1564 1544 1605 Vat.
1586 1575 1620 1604 r.
1654 1560 1753 1610 ἐᾶν,
1793 1574 1846 1603 ex

144 1634 232 1673 qno
264 1626 448 1674 apparet
480 1621 679 1673 vulgatae
712 1620 909 1661 lectionis
938 1620 1077 1670 origo.
1113 1620 1217 1662 Mox
1251 1624 1343 1662 Par.
1376 1622 1433 1662 A.
1466 1635 1488 1661 a
1519 1635 1576 1662 m.
1613 1634 1701 1662 sec.
1732 1621 1845 1661 Ven.

148 1680 197 1722 Ξ.
229 1678 363 1720 vind.
400 1678 494 1718 Vat.
528 1691 585 1719 m.
620 1677 737 1719 Flor.
770 1692 808 1720 a.
843 1692 880 1719 o.
931 1671 1174 1731 ορέγεσθαί
1201 1692 1280 1720 του
1310 1679 1380 1720 καὶ
1411 1675 1706 1720 αἰσθάνεσθαι
1737 1674 1763 1718 ὅ
1792 1674 1849 1730 μὴ

146 1732 435 1836 gsswffigd
465 1741 796 1837 Ξέἑιιιῑιῖιωιέἰᾮ
804 1748 943 1788 nuper
982 1737 1025 1777 in
1056 1737 1200 1779 locum
1234 1738 1436 1795 vulgatae
1469 1739 1567 1780 lect.
1616 1732 1850 1797 ὀρέγεσθαι

146 1938 254 1978 νῶι·
313 1947 395 1978 τις
451 1935 543 1988 ἔχῃ
597 1936 681 1991 -]
744 1934 953 1978 Cicero.

144 1997 219 2037 At
268 1996 362 2050 qui
402 1993 620 2036 salubri
650 1997 723 2035 .et
773 1992 955 2036 mode-

143 2059 269 2096 rato
337 2053 493 2095 cultu
559 2056 730 2105 atque
799 2052 954 2094 victu

142 2111 316 2166 quieti
369 2123 428 2152 ae
485 2109 824 2161 tradiderit,
891 2122 953 2152 ea

142 2176 305 2223 parte
334 2168 529 2220 animi,
570 2181 708 2222 quae
746 2169 952 2210 mentia

142 2234 200 2271 et
258 2226 492 2270 con-ilii
549 2231 662 2276 eat,
733 2226 956 2279 agitata

141 2291 203 2330 et
230 2291 438 2337 erecta,
461 2289 832 2337 saturataque
865 2285 953 2326 bo-

141 2355 323 2386 narum
368 2342 785 2396 cogitationum
827 2355 954 2397 epu-

142 2402 238 2453 lia3
299 2413 477 2455 eaque
530 2405 705 2454 parte
757 2400 955 2451 animi,

140 2471 280 2513 quae
312 2461 611 2514 voluptate
641 2458 834 2511 alitur,
857 2470 954 2500 nec

141 2517 326 2573 inopia
364 2521 592 2569 enecta,
630 2527 730 2559 neo
775 2516 952 2559 satie-

142 2580 266 2619 tate
323 2574 614 2622 affluenti,
674 2586 952 2629 qaorum

141 2638 440 2687 utrumque
523 2632 955 2687 praestringere

140 2692 319 2734 aciem
359 2690 565 2733 ruentia
607 2691 781 2742 nolet,
831 2691 954 2734 aive

141 2750 303 2792 deeat
361 2755 595 2791 naturae
646 2746 953 2802 quidpiam,

140 2807 263 2850 aive
331 2805 585 2849 abundat
642 2811 818 2860 atque
881 2805 955 2848 at*-

139 2865 291 2921 iluitr,
357 2866 459 2907 iila
527 2863 707 2909 etiam
782 2865 953 2906 tertia

140 2928 301 2980 parte
349 2921 535 2974 animi,
587 2922 637 2963 in
688 2932 791 2975 qua
838 2922 951 2965 ira-

139 2993 254 3025 rum
287 2954 535 3024 exalatit’
559 2978 756 3031 ardor,
797 2978 950 3023 aeda·

139 3045 194 3081 ta
237 3035 408 3093 atque
463 3038 772 3081 restincta·
835 3042 951 3081 tum

142 3096 396 3149 eveniet,
424 3095 639 3139 duabu·
673 3095 842 3138 animi
874 3102 953 3138 te·

142 3154 416 3198 merarii·
481 3154 742 3211 partibus
811 3166 950 3197 eom-

142 3210 387 3266 prearin,
418 3217 477 3255 ut
505 3212 681 3255 tertia
714 3222 845 3267 par·
877 3224 951 3254 ra·

140 3268 322 3312 tionia
370 3275 430 3311 et
473 3269 678 3314 nentia
730 3270 954 3313 eluceat

140 3331 197 3369 et
241 3339 303 3369 ae
339 3334 597 3382 vegetam
645 3328 711 3370 ad
748 3328 953 3371 aomni·

139 3384 343 3428 andum
392 3396 684 3439 aeremque
728 3386 953 3442 praebe·

140 3448 223 3485 atz
251 3449 363 3485 tun
391 3442 443 3485 ei
476 3442 588 3485 viaa
621 3442 839 3496 quletis
870 3457 952 3486 oo-

1042 1942 1273 1980 current
1323 1937 1639 2008 tranquilla
1685 1940 1849 1988 atque

1041 1995 1283 2038 veracia.
1348 1995 1492 2038 Verba
1535 1989 1670 2037 αὐτὸς
1711 1989 1851 2036 αὑτοῦ

1040 2053 1105 2095 aio
1136 2053 1387 2107 explicanda
1410 2059 1526 2107 sunt,
1561 2058 1610 2095 ut
1629 2047 1770 2094 αὐτοῦ
1795 2064 1850 2094 ex

1039 2106 1242 2165 ὑγιεινῶς
1290 2111 1400 2164 ἔχειν
1457 2110 1648 2166 pendere
1695 2109 1845 2152 existi-

1040 2169 1247 2213 mandum
1289 2172 1372 2223 eit,
1417 2169 1473 2213 de
1515 2181 1602 2223 quo
1647 2172 1851 2211 constru-

1041 2228 1196 2270 ctionis
1250 2241 1413 2282 genere
1459 2228 1663 2269 consulas
1716 2226 1850 2269 Mat-

1040 2284 1191 2329 thiae
1222 2286 1302 2328 Gr.
1336 2286 1376 2339 §.
1400 2285 1500 2331 337.
1538 2291 1583 2328 et
1613 2297 1726 2339 quoa
1757 2285 1851 2326 lau-

1041 2343 1176 2387 davit.
1257 2343 1563 2399 Metaphoram
1618 2344 1851 2386 verborum

1040 2399 1244 2444 ἑστιάσας
1274 2399 1418 2457 λόγων
1448 2401 1590 2443 καλῶν
1619 2400 1673 2444 ad
1698 2401 1792 2444 libr.
1811 2401 1849 2441 Ι.

1045 2474 1087 2515 p.
1120 2459 1221 2506 354.
1259 2464 1308 2502 Α.
1341 2462 1588 2516 tetigimus:
1620 2458 1854 2502 illustravit

1043 2519 1174 2561 etiam
1242 2518 1292 2562 P.
1354 2519 1653 2561 Victorius
1719 2517 1849 2559 Varr.

1044 2576 1187 2619 Lectt.
1234 2576 1288 2619 ll.
1322 2589 1360 2619 o.
1399 2576 1469 2621 14.
1514 2581 1560 2619 et
1588 2576 1848 2618 Valcken.

1041 2634 1097 2676 ad
1131 2635 1353 2677 Adoniaz.
1386 2649 1428 2690 p.
1462 2634 1565 2680 323.
1607 2633 1658 2676 C.

1100 2717 1153 2762 E.
1214 2717 1346 2775 μήτε
1374 2718 1563 2775 ἐνδείᾳ
1596 2717 1732 2762 δοὺς
1762 2722 1848 2769 —l

1041 2777 1290 2822 Dictionem
1319 2778 1375 2821 ad
1409 2779 1660 2822 Phaedrum
1689 2792 1729 2833 p.
1749 2776 1849 2822 254.

1040 2834 1090 2877 Ε.
1124 2835 1451 2880 illustravimus

1097 2920 1149 2962 P
1181 2922 1283 2967 572.
1322 2917 1427 2965 ἀλλ’
1462 2921 1521 2979 ἐᾷ
1553 2916 1693 2963 αὐτὸ
1728 2920 1841 2961 καθ’

1038 2975 1173 3020 αὐτὸ
1214 2976 1387 3031 μόνον
1430 2966 1691 3034 καθαρὸν
1731 2990 1850 3020 ono·

1040 3042 1161 3078 πεῖν
1210 3039 1295 3092 -·]
1358 3039 1455 3082 aed
1507 3037 1662 3080 ainat
1706 3037 1850 3080 illud

1036 3096 1123 3149 (ac.
1161 3093 1207 3136 ro
1237 3095 1481 3150 βέλτιστον)
1526 3108 1626 3150 per
1666 3108 1724 3138 ae
1762 3108 1848 3138 ao-

1038 3155 1146 3196 Ιιιιιι
1178 3166 1240 3197 ac
1270 3166 1458 3210 purum
1483 3154 1850 3208 contemplari

1038 3215 1093 3254 et
1124 3212 1258 3264 eiua,
1289 3212 1431 3267 quod
1464 3213 1699 3267 ignoret,
1732 3224 1850 3265 per·

1038 3270 1359 3324 ceptionem
1394 3273 1684 3326 appetere.
1710 3268 1848 3313 Phae-

1039 3326 1141 3369 don.
1186 3327 1331 3382 p..65
1361 3328 1427 3374 C.
1469 3328 1675 3399 λογίζεται
1717 3325 1765 3368 δέ
1802 3327 1851 3381 γὲ

1041 3398 1129 3426 που
1161 3341 1213 3438 (ἦ
1232 3383 1368 3456 ψυχὴ)
1401 3383 1497 3429 τότε
1519 3386 1727 3434 miluom,
1746 3382 1851 3427 ὅταν

1041 3441 1171 3496 μηδὲν
1213 3442 1379 3487 τούτων
1418 3459 1464 3487 αι
1464 3440 1558 3497 3·er
1607 3445 1849 3497 παραλυπῇ,

1328 3522 1456 3573 19
