2098 3658
137 373 191 424 D

247 135 347 188 284
855 132 1327 187 PLATONIS

243 283 482 353 μάλιστα
530 285 780 339 τοιοῦτοι
826 280 949 338 ὅσοι
994 285 1278 346 πλείστους
1319 286 1420 353 μὲν
1464 280 1754 352 ὑγιεινούς,
1799 286 1945 336 πλεί-

243 388 410 430 στους
465 369 521 420 δὲ
575 365 830 431 νοσώδεις
871 372 1343 439 μετεχειρίσαντο;
1408 370 1499 422 καὶ
1561 371 1815 423 δικασταὶ
1872 361 1946 422 αὖ

242 450 496 516 ὠςαύτως
554 456 606 507 οἱ
666 456 1058 516 παντοδαπαῖς
1105 450 1336 528 φύσεσιν
1380 449 1746 522 ὡμιληκότες,·
1830 454 1945 507 Καὶ

241 536 422 604 μάλα,
481 533 664 602 εἷπον,
726 534 995 605 ἀγαθοὺς
1038 540 1188 608 λέγω.
1234 535 1358 590 ἀλλ’
1413 535 1592 591 οἶσθα
1639 533 1736 600 οὓς
1778 535 1946 604 ἡγοῦ-

242 643 342 690 μαι
390 618 708 690 τοιούτους;
780 618 886 676 ’Ἀν
931 622 1115 698 είπης,
1170 626 1295 695 ἔφη
1381 618 1547 676 Ἀλλά
1597 620 1946 693 πειράσομαι,

242 697 312 771 ἦν
358 704 408 759 δ’
482 704 602 788 ἐγώ.
650 703 716 761 σὺ
760 715 950 776 μέντοι
999 707 1100 777 οὐχ
1150 703 1348 777 ὅμοιον
1392 709 1621 777 πρᾶγμα
1671 709 1743 775 τῷ
1791 706 1945 776 αὐτῳ

241 789 388 859 λόγῳ
434 786 591 862 ὴοου.
682 794 851 859 Πῶςς
895 798 1020 867 ἔφη.
1099 789 1305 863 Ἰατροὶ
1347 797 1472 857 μέν,
1528 791 1714 854 εἶπον,
1772 790 1947 845 δεινό-

241 895 402 929 τατοι
446 870 519 928 ἀν
564 879 845 944 γένοιντο,
894 883 938 931 εὶ
982 883 1038 931 ὲκ
1084 879 1297 931 παίδων
1340 874 1645 946 ἀρξάμενοι
1687 873 1828 946 πρὸς
1869 876 1944 944 τῷ

238 957 564 1028 μανθάνειν
620 956 723 1027 τὴν
779 969 974 1032 τέχνην
1016 959 1098 1038 γὼς
1142 964 1415 1024 πλείστοις
1470 983 1524 1016 τε
1569 964 1662 1014 καὶ
1705 982 1948 1030 πονηρο-

153 1046 202 1098 E
245 1041 434 1108 τάτοις
480 1043 729 1115 σώμασιν
772 1043 1248 1117 ὁμιλήσειανκαὶ
1305 1043 1469 1101 αὐτοὶ
1517 1045 1704 1109 πάσας
1750 1044 1948 1108 νόσους

174 1477 178 1481 ’
240 1487 299 1521 ευ
359 1488 414 1521 τι
469 1467 828 1537 θεραπεύειν.

98 1572 201 1623 409

239 1125 468 1198 κάμοιεν
511 1132 605 1184 καὶ
649 1127 753 1185 εἶεν
791 1129 867 1201 μὴ
916 1129 1065 1185 πάνυ
1111 1128 1553 1204 ὑγιεινοὶᾳύσει.
1597 1127 1663 1185 οὐ
1695 1127 1824 1202 γάρ,
1869 1129 1948 1184 οἷ·-

239 1235 373 1282 μαι,
418 1213 633 1285 σώματι
677 1217 837 1284 σῶμα
880 1214 1497 1286 θεραπεύουσιν-οὐ
1546 1213 1656 1283 γάρ
1700 1211 1772 1268 ἂν
1799 1209 1945 1268 αὐτὰ

239 1294 500 1384 ἐνεχώρει
530 1295 672 1353 κακά
720 1299 862 1354 εἶναί
906 1322 1043 1356 ποτε
1086 1323 1175 1353 και
1200 1294 1575 1377 γενέσθαιξ-
1602 1296 1745 1352 ἀλλά
1795 1299 1946 1398 ψυχῇ

239 1384 429 1454 σῶμα,
474 1384 506 1458 ξ]
556 1381 658 1439 οὐκ
701 1390 922 1455 ἐγχωρεῖ
965 1382 1141 1450 κακὴν
1185 1390 1484 1454 γενομένην
1531 1404 1586 1438 τε
1631 1404 1724 1437 και
1769 1375 1948 1439 οὖσαν

911 1468 1158 1539 Ὀρθῶς,
1218 1471 1341 1538 ἔφη.
1430 1463 1706 1534 Δικαστὴς
1762 1470 1818 1523 δέ
1872 1489 1946 1536 γε,

1238 1545 1259 1568 ¹(

241 1574 282 1630 ω
342 1554 493 1625 φίλε,
550 1555 701 1630 ψυχῇ
746 1555 931 1629 ψυχῆς
983 1550 1169 1625 ἄρχει,
1230 1576 1263 1631 ῃ
1307 1550 1408 1609 οὐκ
1453 1559 1674 1624 ἐγχωρεῖ
1717 1558 1774 1606 ὲκ
1818 1558 1949 1615 νέας

238 1643 296 1690 ὲν
362 1647 637 1706 πονηραῖς
693 1649 902 1713 ψυχαῖς
962 1638 1311 1711 τεθράφθαι
1367 1658 1424 1691 τε
1483 1641 1576 1691 καὶ
1619 1633 1949 1707 ὡμιληκέναι

238 1726 332 1774 καὶ
376 1721 564 1775 πάντα
608 1721 928 1795 ἀδικήματα
974 1720 1154 1790 αὐτὴν
1203 1721 1528 1790 ἠδικηκυῖαν
1572 1721 1949 1788 διεξεληλυθέ-

239 1825 349 1871 ναι,
395 1802 528 1870 ὥςτε
573 1806 734 1874 ὀξέως
778 1807 883 1883 ἀφ’
936 1806 1111 1874 αὐτῆς
1154 1810 1556 1877 τεκμαίρεσθαι
1600 1804 1672 1860 τά
1711 1807 1821 1860 τῶν
1848 1802 1948 1861 ἅλ-

237 1893 347 1945 λων
391 1889 711 1962 ἀδικήματα
758 1892 884 1971 οἷον
927 1890 1070 1947 κατά
1118 1895 1275 1963 σῶμα
1321 1889 1546 1955 νόσους·
1615 1888 1739 1944 ἀλλ’
1790 1885 1948 1944 ἀπει-

238 1994 340 2047 ρον
384 1972 565 2043 αυτὴν
622 1981 715 2032 καὶ
771 1976 1034 2049 ἀκέραιον
1067 1975 1169 2032 δεῖ
1224 1979 1410 2031 κακῶν
1455 1967 1625 2042 ἠθῶν
1670 1981 1804 2030 νέαν
1850 1996 1948 2030 ου·-

360 2139 410 2179 D.
471 2139 576 2181 Καὶ
608 2138 758 2191 μάλα,
789 2137 970 2196 εἶπον,
1003 2129 1192 2210 αγαθ.)
1241 2142 1343 2182 Vnt.
1381 2139 1428 2185 Θ.
1463 2140 1578 2182 Ven.
1601 2139 1651 2181 11.
1688 2139 1809 2180 Vind.
1844 2139 1944 2181 Ρη

243 2196 344 2237 DK.
376 2197 494 2240 Mon
534 2199 624 2239 Vnt.
657 2213 691 2241 r.
732 2200 849 2242 Flor.
882 2202 926 2254 β.
957 2215 998 2242 n.
1034 2202 1102 2242 καὶ
1133 2197 1321 2251 μάλιστα,
1352 2199 1468 2251 quod
1500 2211 1627 2240 nemo
1660 2198 1891 2253 praeferat.

358 2256 408 2296 E.
472 2255 725 2311 Δικαστή
741 2270 761 2299 ς
797 2257 852 2299 δέ
882 2275 958 2313 γε,
992 2253 1028 2299 ὦ
1060 2261 1203 2312 φίλε,
1236 2259 1311 2312 ψ.]
1349 2258 1468 2299 Μοη.
1503 2256 1622 2298 Flor
1654 2257 1698 2308 β.
1745 2252 1947 2308 δικαστής

242 2312 289 2355 δέ
320 2329 378 2368 γε,
413 2307 465 2367 ἦν
498 2312 539 2354 δ’
571 2313 669 2369 ἐγώ,
701 2331 734 2356 ω
770 2331 830 2369 cp„
862 2318 976 2371 quod
1010 2317 1177 2371 recepit
1212 2317 1348 2359 Bekk.

360 2374 408 2415 Ρ.
438 2372 540 2416 409.
605 2380 653 2418 Α.
716 2382 931 2428 κρινεῖν
963 2372 1154 2446 ὑγιῶς]
1174 2377 1351 2473 δκρίνειν
1381 2373 1483 2414 Par.
1516 2375 1564 2415 A.
1597 2385 1685 2415 sec.
1719 2371 1884 2412 Dnebn.

358 2430 409 2474 P.
441 2431 542 2475 409.
604 2432 657 2475 Β
725 2433 1046 2489 Τοιγάρτοι,
1082 2427 1196 2488 ἦνδ
1249 2429 1383 2487 ἐγώ]
1418 2432 1477 2470 τιῖ
1509 2444 1573 2471 τοι
1608 2431 1711 2473 vat.
1749 2428 1796 2470 Θ.
1830 2429 1942 2470 Ven.

240 2490 295 2531 n.
330 2489 452 2533 vind.
490 2489 539 2531 Φ.
576 2490 674 2531 Par.
713 2493 819 2534 DK.
852 2495 970 2536 Mon.
1006 2495 1155 2548 Augei.
1187 2493 1288 2533 Vat.
1321 2504 1356 2532 r.
1390 2490 1506 2531 Flor.
1537 2503 1577 2530 n.
1611 2502 1651 2533 x.

300 2632 351 2677 D.
423 2634 478 2674 οἱ
529 2637 906 2677 παντοδαπαῖς
956 2632 1051 2687 φύ-
1138 2631 1254 2687 quod
1300 2630 1504 2684 deinceps
1538 2632 1779 2699 exponitur
1814 2643 1943 2671 accu-

244 2702 398 2731 σεσιν
426 2688 778 2747 ὡμιληκότες]
819 2692 1050 2746 Loquendi

241 2761 382 2801 genus
413 2751 643 2793 inusti-avit
676 2750 1050 2806 Wyttenbach.

242 2806 296 2846 ad
347 2808 503 2850 Iulian.
551 2823 591 2863 p.
646 2811 746 2855 169.
804 2810 873 2854 ed.
930 2809 1049 2863 lips.

243 2864 432 2906 Prorsus
480 2867 636 2911 eodem
687 2869 818 2911 modo
862 2869 1051 2922 scriptor

243 2920 552 2966 Characterum
620 2925 1049 2981 Theophra-uteorum

245 2979 451 3026 Prooem.
521 2979 741 3037 ώμιληκώς
782 2985 956 3026 πολλαῖς
1009 2997 1050 3023 τε

245 3037 314 3076 καὶ
347 3040 641 3084 παντοδαπαῖς
672 3043 845 3096 φύσεσι.

305 3094 371 3136 σὺ
441 3099 625 3150 μέντοι
695 3117 794 3154 ουχ
853 3097 1051 3151 ὅμοιον

247 3156 356 3207 πελ]
397 3159 448 3197 tu
496 3171 626 3200 vero
660 3159 959 3202 dissimilia
992 3169 1050 3199 ex

249 3223 328 3251 me
371 3213 557 3256 eadem
601 3217 1052 3271 interrogatione

246 3271 599 3321 quaesivisti.
671 3278 765 3318 Alia
816 3276 928 3316 enim
972 3273 1052 3313 bo-

247 3339 397 3368 norum
463 3331 727 3375 medicorum
790 3336 901 3374 ratio
963 3335 1054 3379 est3

246 3381 327 3426 alia·
391 3389 685 3439 perfectorum
739 3392 951 3440 iudicum'3
1013 3386 1053 3428 id

1139 2691 1290 2734 ratius.
1326 2713 1378 2719 —
1450 2684 1614 2743 πρὸς
1626 2690 1694 2745 τῷ
1734 2686 1943 2739 μανθά-

1139 2763 1252 2789 νειν
1301 2745 1392 2802 τὴν
1442 2736 1648 2800 τέχνην,
1698 2752 1943 2798 praeter-

1138 2818 1297 2861 quam
1330 2806 1475 2857 quod
1509 2811 1679 2846 artem
1701 2803 1941 2853 discant,

1137 2871 1185 2906 ut
1219 2864 1310 2907 libr.
1341 2865 1378 2906 I.
1411 2876 1450 2916 p.
1480 2862 1580 2907 337.
1612 2863 1663 2905 D.
1708 2861 1940 2915 Protagor.

1138 2936 1180 2976 p.
1213 2921 1314 2966 333.
1350 2926 1397 2965 A.
1429 2921 1613 2962 Phaedr.
1643 2919 1744 2963 252.
1780 2921 1829 2962 Α.
1860 2921 1914 2962 al.

1194 3033 1244 3079 Ε.
1307 3031 1371 3076 ου’
1402 3029 1501 3093 γάρ
1534 3033 1597 3078 ἄν
1627 3031 1940 3089 αὐτὰ-γε-

1137 3093 1362 3149 νέσθαι]
1394 3107 1477 3135 non
1513 3098 1624 3137 enim
1658 3096 1755 3147 ipsa
1789 3107 1939 3135 eorum

1139 3165 1333 3206 corpora,
1357 3165 1545 3205 unquam
1587 3156 1769 3207 possent
1809 3165 1940 3206 prava

1138 3223 1238 3254 esse
1277 3212 1344 3252 vel
1385 3212 1628 3262 exstitisse,
1677 3211 1711 3250 si
1756 3222 1941 3263 corpore

1139 3281 1299 3322 corpus
1331 3276 1555 3312 sanarent.-
1590 3278 1682 3312 tum
1710 3268 1822 3309 enim
1850 3281 1938 3308 me-

1140 3327 1333 3368 dicorum
1374 3339 1556 3379 corpora
1602 3338 1821 3381 nunquam
1853 3337 1941 3366 non

1139 3397 1240 3427 sana
1273 3398 1372 3427 esse
1405 3391 1640 3438 oporteret.
