2098 3658
328 174 425 224 176
936 168 1416 225 PLATONIS

321 320 654 382 τακεῖσθαι,
728 317 913 385 οἶμαι,
982 314 1115 380 τοὺς
1171 319 1474 387 μέλλοντας
1525 312 1602 384 μὴ
1660 319 2019 387 ταλαιπωρεῖ-

234 403 283 455 Ε
321 405 491 467 σθαι,
537 404 629 455 καὶ
673 399 787 456 ἀπὸ
833 403 1117 471 τραπεζῶν
1167 404 1405 456 δειπνεῖν
1448 401 1542 453 καὶ
1579 395 1719 476 ὄψα,
1761 398 1902 470 ἅπερ
1928 404 2021 454 καὶ

328 492 381 542 οἱ
438 489 542 541 νῦν
595 488 805 556 ἔχουσι,
866 488 959 540 καὶ
1010 484 1359 557 τραγήματα.
1445 481 1604 548 Εἶεν,
1661 477 1731 552 ἦν
1789 484 1839 539 δ’
1889 483 2018 553 ἐγώ·

322 567 638 641 μανθάνω·
700 567 766 625 οὐ
822 568 1018 641 πόλιν,
1098 567 1171 634 ὡς
1226 574 1394 636 ἔοικε,
1462 572 1776 639 σκοποῦμεν
1842 567 2020 638 μόνον

323 653 473 719 ὅπως
515 659 788 725 γίγνεται,
844 652 990 708 ἀλλὰ
1038 657 1129 708 καὶ
1167 656 1469 728 τρυφῶσαν
1513 650 1696 708 πόλιν.
1749 653 1876 717 ἴσως
1919 646 2021 708 οὖν

324 738 453 795 οὐδὲ
497 741 677 803 κακῶς
717 742 852 808 ἔχει·
908 741 1246 801 σκοποῦντες
1289 734 1397 809 γὰρ
1444 740 1536 792 καὶ
1581 736 1847 804 τοιαύτην
1889 736 2012 808 τάχ’

324 823 399 879 ἂν
444 826 764 893 κατίδοιμεν
810 819 916 889 τήν
961 842 1018 878 τε
1072 820 1432 888 δικαιοσύνην
1489 825 1584 877 καὶ
1643 821 1867 877 ἀδικίαν
1908 819 2019 897 ὅπῃ

324 911 459 964 ποτὲ
519 918 642 971 ταῖς
694 903 920 963 πόλεσιν
981 907 1310 982 ἐμφύονται.
1363 904 1398 973 ἡ
1450 909 1551 976 μὲν
1610 899 1713 962 οὗν
1766 905 2020 973 ἀληθινὴ

323 992 483 1057 πόλις
525 994 674 1048 δοκεῖ
713 1013 811 1062 μοι
854 990 1011 1057 εἶναι,
1057 989 1126 1058 ἢν
1171 991 1598 1062 διεληλύθαμεν,
1645 988 1822 1064 ὥςπερ
1866 989 2023 1061 ὑγιής

326 1095 437 1142 τις·
508 1083 554 1132 εὶ
612 1075 660 1131 δ’
725 1067 797 1130 αὗ
851 1073 1131 1145 βούλεσθε
1189 1078 1282 1130 καὶ
1337 1079 1791 1151 φλεγμαίνουσαν
1858 1073 2021 1130 πόλιν

323 1160 728 1234 θεωρήσωμεν,
791 1158 955 1216 οὐδὲν
998 1158 1325 1215 ἀποκωλύει.
1370 1162 1549 1214 ταῦτα
1592 1158 1700 1230 γὰρ
1747 1157 1815 1226 δή
1859 1177 2019 1226 τισιν,

441 1324 494 1365 Ε.
557 1339 695 1370 οπως
726 1325 1006 1378 γίγνεται]
1044 1322 1167 1376 Vulg.
1199 1324 1409 1376 γίγνηται,
1441 1322 1556 1375 quod
1591 1328 1801 1365 mutatum
1835 1338 1888 1366 ex
1915 1325 2012 1369 Par.

329 1384 378 1424 Α.
409 1383 511 1425 Vat.
546 1380 599 1421 Θ.
632 1381 739 1423 Ven.
770 1382 875 1424 ΞΠ.
910 1380 1123 1424 vind.‹11.
1156 1381 1255 1422 Par.
1287 1380 1340 1425 K.
1372 1381 1492 1422 Mon.
1524 1380 1642 1421 Flor.
1673 1384 1714 1434 β.

446 1440 500 1482 P.
530 1438 632 1484 373.
693 1434 813 1480 οόδ’
858 1453 993 1491 αυτη
1034 1455 1057 1488 η
1103 1438 1320 1493 δίαιτα]
1362 1438 1567 1491 Plerique
1605 1439 1732 1483 codd.
1769 1438 1870 1480 ουδ’
1904 1437 2017 1491 αυτὴ

327 1495 351 1549 ἡ
382 1498 419 1540 ὃ.
453 1510 548 1539 cum
583 1496 736 1551 Steph.
797 1496 1000 1538 Correxit
1039 1496 1279 1540 Bekkerus.
1342 1497 1450 1537 Dein
1488 1497 1643 1539 vitiose
1684 1499 1813 1552 vulgo
1854 1498 2018 1540 scribe·-

328 1557 454 1597 batur
485 1555 638 1606 κλίναι,
670 1554 786 1608 quod
818 1553 933 1596 idem
966 1553 1228 1596 emendavit.

442 1613 534 1653 καὶ
572 1609 907 1667 θυμιάματα
947 1611 1037 1651 καὶ
1087 1611 1311 1665 ἑταῖραι
1360 1610 1447 1650 καὶ
1494 1612 1776 1666 πέμματα]
1816 1613 2021 1666 πέμματα

327 1676 429 1724 post
458 1667 716 1711 παντοδαπά
734 1670 978 1723 transponit
1007 1669 1136 1712 Vind.
1158 1672 1213 1711 Φ.
1275 1669 1384 1710 Dein
1413 1667 1483 1709 καὶ
1512 1675 1612 1711 ante
1641 1668 1796 1710 ἕκαστα
1825 1670 2019 1712 additum

327 1733 397 1770 est
427 1742 449 1770 a
487 1728 688 1770 Bekkero
719 1741 774 1770 ex
806 1727 912 1771 ven.
945 1727 1009 1770 11.
1042 1726 1167 1769 vind.
1198 1730 1254 1770 Φ,
1287 1727 1388 1768 Par.
1422 1726 1525 1768 ΒΚ.
1557 1727 1676 1770 Mon.
1707 1724 1868 1781 Aiigel.
1902 1727 2020 1771 Flor.

325 1800 367 1830 x.
399 1790 443 1841 β.
505 1786 637 1830 Quod
669 1786 750 1828 etsi
781 1798 857 1840 per
888 1799 938 1827 se
966 1785 1056 1828 fieri
1086 1789 1209 1828 recte
1240 1785 1399 1839 potuit,
1430 1783 1779 1838 quandoquidem
1812 1786 2024 1840 significat

1210 1927 1440 1978 gnificant3
1470 1939 1508 1968 v.
1534 1925 1604 1967 Ca
1619 1938 1710 1967 sau
1723 1926 1765 1968 b.
1790 1926 1845 1966 ad
1866 1925 2019 1969 Athen.

321 1925 406 1982 χρὴ
437 1901 788 1976 κατασκευάζεῖν·
829 1927 986 1971 Quae
1018 1927 1127 1969 usi-

1211 1984 1266 2029 T.
1309 1984 1347 2026 1.
1377 1995 1418 2035 p.
1454 1983 1524 2027 98.
1572 1989 1615 2025 et
1659 1982 1923 2027 Creuzer.
1965 1984 2020 2026 ad

325 1990 444 2027 tata
494 1990 643 2036 sunt,
702 1985 903 2038 inquit,
965 1990 1024 2026 ut
1074 1986 1126 2027 in

326 2044 555 2085 lectulis
591 2041 974 2091 discumbant,
1010 2043 1123 2085 nisi

326 2112 710 2143 aerumnosam
751 2101 912 2141 vitam
943 2101 1124 2142 acturi

326 2159 458 2206 sint,
518 2161 570 2199 et
629 2156 691 2199 de
749 2159 958 2200 mensis
1004 2170 1125 2200 coe-

326 2220 474 2266 nent,
505 2219 676 2267 atque
708 2214 980 2266 obsoniis,
1014 2216 1124 2269 qui-

326 2273 425 2316 bus
470 2284 611 2314 nunc
652 2285 868 2326 quoque
909 2274 1128 2325 utimur,

325 2332 584 2373 fruantur
615 2336 667 2372 et
697 2331 970 2374 bellariis.

384 2388 437 2431 Ε.
517 2386 644 2429 ἀλλὰ
707 2387 796 2428 καὶ
838 2393 1127 2441 τρυφῶσαν

326 2445 527 2499 udam]
575 2445 720 2499 Fingit
768 2447 877 2488 enim
924 2446 1126 2500 deinceps

328 2518 423 2548 eam
476 2505 716 2554 civitatem,
771 2504 810 2545 in
866 2517 993 2557 quam
1043 2505 1125 2549 iam

325 2562 518 2605 luxuries
565 2561 721 2603 invasit
759 2568 899 2615 neque
938 2563 1124 2615 amplius

323 2621 504 2675 pristina
535 2619 651 2661 vitae
683 2619 935 2672 simplicitas
962 2626 1130 2673 regnat,

323 2692 409 2731 quo
446 2677 602 2718 clarius
630 2678 771 2730 possit
796 2678 991 2731 intelligi,
1021 2691 1130 2731 quo·

325 2736 456 2778 modo
486 2734 651 2776 iustitia
683 2739 813 2788 atque
848 2736 1055 2777 iniustitia
1089 2736 1129 2778 in

325 2794 494 2835 civilem
528 2793 786 2835 societatem
809 2794 1029 2846 paullatim
1062 2793 1130 2835 in-

324 2850 600 2905 grediantur,
641 2849 842 2903 adeoque
873 2850 982 2893 ordo
1018 2851 1126 2892 mili-

320 2915 412 2950 tum
443 2909 517 2949 fiat
549 2910 836 2951 necessarius.
877 2908 981 2951 Mox
997 2910 1128 2951 verba

324 2966 387 3007 sic
420 2967 595 3019 iungas:
636 2963 661 3017 ἧ
699 2967 776 3020 μὲν
815 2971 895 3006 ουν
928 2964 1124 3019 ἀληθινὴ

321 3021 473 3073 πόλις,
521 3020 575 3075 ἢν
615 3022 961 3077 διεληλύθαμεν,
1013 3023 1132 3064 δοκεῖ

322 3095 400 3133 μοι
429 3078 468 3120 εἶ
474 3095 543 3119 ναι
575 3079 712 3134 ὥςπερ
742 3079 816 3134 ύγι
821 3078 871 3134 νίς
900 3097 982 3130 τις.
1045 3080 1128 3122 Sa-

323 3150 404 3178 nae
445 3149 550 3179 vero
591 3139 650 3179 illi
689 3143 821 3191 atque
851 3139 1128 3192 incorruptae

324 3194 488 3236 civitati
521 3195 702 3248 opponit
743 3197 962 3239 civitatem
1003 3198 1126 3238 luxu-

323 3252 479 3294 riosam
515 3265 643 3304 quam
675 3259 804 3295 vocat
839 3255 1126 3307 φλεγμαίνου-

323 3325 423 3361 σαν,
465 3309 565 3361 quia
612 3308 918 3376 φλεγμαίνειν,
962 3310 1124 3365 φλέγμη

325 3372 370 3408 et
429 3363 675 3420 φλεγμονή,
715 3367 1125 3437 inflammatio,

322 3425 518 3467 morbum
554 3422 681 3466 etiam
713 3423 755 3466 in
787 3425 1030 3468 universum
1065 3427 1122 3468 si-

1210 2041 1517 2097 Olympiodor.
1558 2041 1602 2082 in
1645 2041 1785 2083 Alcib.
1817 2042 1858 2082 Ι.
1897 2041 1950 2085 Τ.
1981 2043 2019 2083 Ι.

1210 2112 1252 2154 p.
1272 2098 1372 2144 136
1393 2099 1506 2142 conf.
1529 2098 1669 2152 lhegg
1686 2099 1759 2143 Ill.
1781 2112 1823 2153 p
1844 2099 1944 2144 691.
1967 2099 2019 2142 E.

1268 2160 1447 2197 ταῦτα
1497 2154 1607 2211 γὰρ
1635 2155 1699 2209 δή
1744 2172 1890 2198 τισιν
1928 2159 2017 2211 ·-·]

1208 2214 1418 2267 Intelligit
1451 2214 1547 2266 illa,
1582 2227 1699 2268 quae
1729 2216 1933 2269 exposuit
1962 2214 2018 2259 de

1211 2272 1398 2325 simplici
1431 2272 1588 2314 civium
1621 2273 1750 2317 victu.
1783 2297 1841 2305 ——
1879 2288 2018 2327 αυτη

1213 2327 1236 2382 ἦ
1270 2332 1492 2382 δίαιτα,
1533 2342 1691 2382 quam
1727 2330 1887 2373 modo
1927 2330 2015 2373 de-

1211 2388 1431 2441 scripsi.
1469 2410 1518 2417 ·
1571 2387 1779 2430 Ceterum
1814 2386 1886 2441 δή,
1919 2401 2019 2432 sex·

1211 2447 1378 2488 centies
1428 2445 1483 2486 ita
1531 2458 1630 2486 cum
1685 2462 1752 2493 τις
1808 2447 2019 2499 iunctum,

1210 2503 1420 2556 exemplis
1435 2504 1706 2545 illustrarunt
1724 2504 1759 2545 H
1777 2518 1800 2545 e
1811 2505 1822 2544 i
1835 2517 1860 2545 n
1872 2502 1899 2545 d
1913 2517 1939 2545 o
1950 2517 1972 2545 r
1987 2504 2017 2545 f.

1210 2562 1264 2603 ad
1298 2560 1526 2604 Phaedon.

1215 2678 1314 2722 299.
1353 2676 1466 2717 conf.
1506 2682 1652 2719 nostra
1691 2676 1745 2719 ad
1788 2677 2015 2719 Phaedon.

1215 2750 1257 2790 p.
1277 2734 1375 2779 108.
1395 2735 1444 2775 C.
1475 2739 1520 2776 et
1550 2734 1603 2775 ad
1624 2734 1830 2789 Sympos.
1852 2749 1894 2788 p.
1914 2733 2015 2779 180.

1217 2795 1268 2838 C.
1308 2794 1451 2835 Recte
1483 2791 1518 2832 H
1535 2805 1661 2837 erm.
1693 2793 1747 2835 ad
1770 2792 1901 2846 Soph.
1925 2795 2017 2834 An·
2087 2821 2089 2828 ,

1212 2852 1344 2905 tigon.
1386 2864 1429 2892 v.
1460 2849 1561 2893 158.
1603 2849 1657 2902 δή
1705 2866 1774 2896 τις
1803 2851 2017 2903 interpre·

1213 2914 1329 2950 tatur
1360 2909 1437 2947 sci
1461 2909 1595 2950 licet
1625 2908 1843 2961 aliquis.
2083 2918 2085 2959 j

1273 2966 1324 3007 P.
1366 2964 1466 3009 373.
1532 2964 1617 3004 καὶ
1668 2962 2015 3020 θυμιάματα
2082 3009 2084 3018 ‚

1212 3024 1299 3063 καὶ
1335 3024 1556 3074 ἑταῖραι
1595 3021 1687 3062 καὶ
1726 3023 2013 3077 πέμματα]
2081 3043 2083 3046 <

1213 3081 1279 3121 En
1313 3079 1511 3121 hetaeras
1555 3080 1664 3122 inter
1694 3080 1939 3122 suffimenta
1962 3085 2016 3121 et

1213 3139 1394 3179 bellaria
1414 3138 1597 3190 positas.
1637 3138 1778 3180 Quam
1801 3139 2011 3179 rationem
2077 3154 2080 3192 5

1212 3209 1311 3237 esse
1377 3195 1721 3244 intolerabilem„

1210 3254 1433 3306 perspexit
1487 3252 1542 3292 G.
1596 3251 1662 3292 W.
1709 3251 2013 3294 Nitschius

1209 3311 1251 3352 in
1281 3311 1395 3354 Mus.
1434 3307 1548 3351 Phil.
1587 3309 1727 3351 Rhen.
1766 3310 1878 3363 Nov.
1909 3309 2010 3350 Vol.

1208 3367 1285 3409 Xl.
1318 3380 1359 3411 a.
1393 3366 1520 3411 1857.
1554 3380 1596 3420 p.
1628 3366 1728 3412 472.
1797 3367 1840 3409 ls
1879 3365 2013 3420 igitur

1208 3426 1440 3479 legendum
1485 3426 1656 3466 censuit
1703 3424 1775 3465 καὶ
1817 3423 2010 3480 ἆθῆραι,
2069 3455 2071 3483 3

1789 3195 2014 3236 verissime

1560 2561 1725 2614 p.221.
1788 2562 2019 2603 Boino-
2094 2557 2095 2561 ’

1216 2618 1334 2663 nad.
1385 2617 1442 2661 ad
1493 2616 1699 2664 Philostr.
1750 2619 1922 2662 Heroic.
1974 2634 2017 2674 p.
2092 2637 2093 2646 ¹
