2098 3658
311 171 404 220 174
902 163 1387 219 PLATONIS

305 315 362 369 ἐκ
419 317 519 382 μὲν
588 313 696 365 τῶν
768 313 986 381 κριθῶν
1056 310 1266 386 ἄλφιτα
1336 307 1747 384 σκευαζόμενοι,
1814 310 1871 367 ὲκ
1937 316 1992 366 δὲ

304 401 415 451 τῶν
470 398 660 468 πυρῶν
706 391 947 466 ἄλευρα,
1003 392 1072 449 τὰ
1127 399 1228 466 μὲν
1281 401 1592 471 πέψαντες,
1646 393 1717 449 τοὶ
1777 398 1832 451 δὲ
1885 396 1995 466 μά·

303 483 526 548 ξαντεςς
585 477 766 551 μα’ζας
830 484 1088 548 γενναίας
1145 482 1238 533 καὶ
1298 476 1506 551 ἄρτους
1576 478 1666 535 ἐπὶ
1737 479 1993 549 κάλαμόν

306 587 430 619 τινα
485 561 976 634 παραβαλλόμενοι
1040 561 1073 630 ἢ
1140 563 1325 638 φύλλα
1393 561 1663 634 καθαροί,
1735 568 1994 619 κατακλι-

303 655 484 714 νέντες
519 648 656 708 *ἐπὶ
740 646 1017 716 στιβάδων
1093 646 1440 720 ἐστρωμένων
1516 652 1705 718 μίλακί
1775 669 1833 703 τε
1904 652 1995 703 καὶ

301 732 609 808 μυρῥίναις,
654 731 1024 802 εὐωχήσονται
1064 730 1229 787 αὐτοί
1271 754 1326 785 τε
1373 735 1466 787 καὶ
1507 732 1578 787 τοὶ
1624 735 1836 797 παιδία,
1881 738 1998 787 ἑπι-

303 823 557 881 πίνοντες
613 819 712 871 τοῦ
771 817 963 881 οἴνου,
1034 822 1472 890 ἐστεφανωμένοι
1540 820 1633 872 καὶ
1693 814 1997 886 ὑμνοῦντες

303 901 439 966 τοὺς
482 899 688 965 θεούς,
733 899 902 968 ἡδέως
945 899 1199 966 ξυνόντες
1242 898 1519 969 ἀλλήλοις,
1567 899 1667 971 οὐχ
1708 899 1848 971 ὑπὲρ
1893 898 1998 968 τὴν

307 987 506 1042 οὐσίαν
550 986 875 1057 ποιούμενοι
917 982 1050 1048 τοὺς
1094 988 1325 1050 παῖδας,
1364 983 1758 1057 εὐλαβούμενοι
1802 989 1998 1041 πενίαν

304 1069 339 1139 ἢ
400 1069 669 1141 πόλεμον;
758 1066 898 1146 Cas.)
956 1065 1122 1125 XIII.
1210 1071 1326 1124 Καὶ
1375 1069 1404 1125 ὁ
1463 1069 1734 1126 Γλαύκων
1785 1067 1996 1125 ὑπολα-

305 1154 456 1227 βών,
500 1154 661 1210 ’Ἁνευ
720 1149 901 1231 ὄψου,
945 1156 1078 1227 ἔφη,
1133 1152 1205 1217 ὡς
1248 1158 1458 1221 ἔοικας,
1516 1165 1688 1218 ποιεῖς
1726 1175 1861 1218 τους
1899 1152 2000 1208 ἅν-

305 1243 444 1312 §pag
489 1243 861 1310 ἑστιωμένους.
945 1235 1188 1305 Αληθῆ,
1246 1230 1317 1305 ἦν
1362 1238 1409 1294 δ’
1462 1237 1595 1309 ἐγώ,
1653 1241 1836 1308 λέγεις.
1880 1244 2000 1294 ἐπε·

424 1461 477 1507 Β,
541 1458 893 1512 ἐστρωμένων
931 1459 1149 1510 μίλακι]
1188 1459 1336 1512 Vulgo
1375 1460 1534 1509 μίλακι,
1574 1459 1690 1512 quod
1722 1460 1912 1502 Bekker.
1943 1474 1999 1502 ex

307 1521 410 1562 Par.
450 1519 506 1563 K.
546 1521 594 1559 in
634 1519 798 1569 σμίλακι
839 1519 1040 1558 mutavit.
1098 1517 1168 1558 De
1209 1519 1427 1570 scriptura
1462 1518 1667 1558 vocabuli
1696 1532 1738 1559 v.
1770 1520 1911 1572 intpp.
1943 1521 2000 1561 ad

309 1578 478 1620 Aelian.
509 1578 640 1618 Varr.
671 1577 786 1617 Hist.
820 1576 902 1619 111.
936 1576 976 1618 1.
1009 1589 1050 1628 Ρ.
1082 1574 1181 1619 143.
1214 1576 1283 1616 ed.
1319 1575 1470 1617 Kiihn.
1506 1575 1761 1619 Schneider.
1794 1579 1851 1618 ad
1882 1577 1999 1618 The-

308 1636 433 1689 ophr.
474 1637 589 1678 Hist.
630 1634 698 1675 Pl.
727 1634 758 1676 l.
793 1634 871 1683 10,
903 1633 945 1677 5.
978 1634 1127 1677 Herm.
1169 1634 1226 1674 ad
1256 1634 1485 1689 Aristoph.
1525 1634 1678 1677 Nubb.
1712 1649 1754 1677 V.
1795 1635 1922 1680 1007.
1956 1642 2000 1676 et

307 1694 566 1746 christoph.
598 1691 841 1732 Schneider
874 1693 931 1732 ad
960 1692 1004 1735 h.
1035 1692 1080 1744 1.,
1112 1691 1186 1744 qui
1217 1697 1334 1732 certe
1365 1694 1470 1733 satis
1501 1694 1745 1733 docuerunt
1774 1694 2000 1746 vulgarem

305 1753 542 1794 lectionem
571 1751 702 1790 unius
738 1750 839 1790 libri
871 1751 1132 1791 auctoritate
1170 1762 1262 1790 non
1293 1750 1430 1791 fuisse
1459 1757 1671 1804 protenus
1701 1751 1998 1794 reficiendam.

423 1807 662 1864 Cap.Xili.
696 1807 746 1848 C.
769 1805 907 1855 ἅλας
941 1823 995 1848 τε
1032 1807 1202 1859 δῆλον
1235 1805 1342 1863 ὅτι]
1366 1809 1420 1849 V.
1435 1807 1788 1860 δηλονότι,ψιοό
1811 1821 1886 1848 (tur
1908 1810 1999 1849 ubi—

306 1881 389 1921 que
408 1867 580 1908 divisim
599 1865 920 1919 scripserimus,
941 1865 994 1906 ad
1012 1865 1151 1918 Gorg.
1172 1878 1213 1918 p.
1233 1864 1332 1908 477.
1355 1867 1405 1907 C.
1430 1867 1714 1908 ostendimus.
1765 1867 1999 1919 Argutatur

306 1925 614 1977 Schneiderus,
630 1924 701 1977 qui
730 1936 811 1964 nos
844 1937 934 1965 rem
968 1923 1127 1965 iudicio
1159 1923 1473 1966 decernendam
1507 1937 1559 1966 ex
1578 1923 1773 1965 codicum
1805 1925 1997 1965 auctori·

1195 2096 1439 2137 audiendos
1479 2106 1600 2145 esse,
1637 2095 1711 2147 qui
1755 2095 1838 2136 καὶ
1869 2091 2002 2147 μάζας

1196 2154 1475 2195 scribendum
1506 2158 1780 2193 censuerunt.
1827 2152 2001 2194 Similia

1198 2213 1236 2253 si
1267 2210 1506 2260 desideres,
1539 2222 1744 2262 compara
1774 2212 1897 2253 locos
1925 2211 1999 2252 In-

310 2103 452 2139 runt.
514 2096 656 2138 Verba
698 2094 855 2150 ταύτην
886 2094 962 2150 τὴν
992 2094 1113 2150 τιμήν

310 2157 478 2197 referas
519 2156 576 2196 ad
620 2156 846 2196 notionem
885 2156 1017 2208 pretii
1064 2157 1112 2195 in

309 2215 446 2255 verbo
464 2213 709 2254 πωλοῦντες
734 2215 957 2254 latentem.
989 2213 1114 2253 Nihil

310 2274 448 2325 igitur
477 2273 526 2312 in
547 2272 633 2312 hoc
653 2273 752 2312 loco
772 2273 902 2312 video
925 2272 1112 2312 difficul-

313 2332 431 2373 tatis.

373 2389 424 2428 P.
447 2386 548 2430 372.
578 2386 631 2428 B.
665 2385 721 2427 ἐκ
751 2385 842 2437 μὲν
874 2385 977 2424 τῶν
1008 2399 1114 2437 κρι-

311 2446 434 2486 θῶν
465 2441 668 2496 α’λφιτα
694 2448 781 2494 -—-]
815 2458 877 2485 ex
907 2445 1116 2484 hordeo

310 2504 593 2557 polentam
641 2503 1021 2544 conficientes
1063 2508 1118 2541 et

312 2576 336 2602 e
385 2562 587 2603 tritico
637 2561 894 2602 similam.
944 2560 1113 2600 Schola

313 2617 468 2672 ἄλφιτα
513 2621 676 2672 κυρίως
710 2617 786 2669 μὲν
829 2615 876 2658 τὰ
918 2612 1004 2658 άπὸ
1041 2631 1112 2658 πε-

313 2676 574 2731 φρυγμένων
615 2677 682 2717 καὶ
727 2671 994 2717 άλεσθεισων
1025 2690 1113 2729 κρι-

311 2737 411 2776 θῶν
449 2732 730 2806 θραύσματα,
771 2734 1113 2787 καταχρηστικῶς

311 2793 358 2834 δὲ
403 2795 472 2834 καὶ
518 2792 568 2834 τὰ
606 2789 693 2834 άπὸ
737 2794 889 2846 πυρῶν
925 2789 1109 2847 ῥυάκων.

285 2853 428 2893 -ldem
468 2852 522 2892 de
562 2852 778 2904 proximis
817 2852 993 2895 scribit·
1041 2849 1111 2890 πέ-

307 2917 476 2960 ψαντες,
492 2906 883 2979 α’ρτοποιήσαντες·
905 2907 1114 2959 μάξαντες

315 2966 384 3015 δέ,
417 2964 710 3039 φυράσαντες,
749 2964 1039 3021 ζυμώσαντες·
1087 2963 1114 3021 ἢ

313 3022 467 3076 ἄλφιτα
490 3020 576 3066 άπὸ
603 3028 688 3066 τῶν
704 3026 874 3079 κριθῶν
893 3025 1113 3075 πέψαντες,

312 3080 471 3151 ἄλευρα
502 3079 587 3124 ἀπὸ
620 3086 704 3124 τῶν
723 3085 874 3138 πυρῶν
892 3081 1112 3135 μάξαντες.

369 3138 536 3193 μάζας
577 3144 841 3194 γενναίας
869 3165 925 3173 —
965 3137 1113 3194 ἢπό-

312 3199 525 3252 λεμονς]
575 3201 697 3242 Haec
746 3214 880 3254 quum
918 3213 970 3240 eo
1012 3212 1114 3240 con-

311 3257 412 3298 silio
445 3258 535 3298 sint
564 3258 731 3309 addita,
765 3264 815 3298 ut
842 3257 1112 3310 praecedens

309 3315 546 3360 sententia,
581 3314 823 3368 θρέψονται
854 3313 900 3355 δὲ
931 3329 968 3355 κ.
1000 3329 1032 3358 τ.
1063 3315 1113 3368 L,

308 3366 554 3414 illustretur
584 3379 716 3427 atque
746 3379 1000 3424 exornetur,
1021 3385 1112 3414 non

306 3437 412 3482 puto
445 3432 789 3483 Stephanum
819 3435 862 3471 et
884 3431 1112 3471 Astium

1199 2271 1284 2310 dic.
1315 2270 1372 2309 ad
1402 2269 1514 2309 T.1.
1547 2269 1724 2310 etll.'s.
1745 2283 1787 2311 v.
1821 2274 1999 2322 Asyn-

1198 2330 1368 2368 deton
1400 2339 1427 2367 a
1469 2340 1538 2367 me
1567 2331 1759 2368 notatos.
1820 2325 2001 2380 Μάζας

1201 2386 1462 2439 γενναίας
1512 2397 1568 2425 ne
1627 2385 1822 2452 mireris,
1881 2386 1998 2429 conf.

1200 2445 1342 2497 Legg.
1367 2443 1487 2483 VIII.
1514 2456 1555 2495 p.
1576 2441 1677 2485 844.
1694 2443 1758 2484 D.
1798 2439 1849 2483 ὃς
1879 2438 1915 2482 δ’
1946 2439 2001 2483 ἂν

1203 2500 1282 2555 τὴν
1313 2515 1514 2569 γενναιαν
1544 2500 1627 2541 νῦν
1651 2499 1883 2554 λεγομένην
1903 2514 1999 2542 στα-

1202 2558 1344 2613 φυλὴν
1386 2554 1412 2612 ἢ
1454 2556 1502 2599 τὰ
1546 2563 1719 2612 γενναῖα
1758 2560 1869 2599 σῦκα
1897 2557 2023 2600 ιέπο-χ
2094 2590 2095 2597 ,

1200 2616 1467 2671 νομαζόμενα
1508 2611 1733 2670 ὀπωρίζειν
1773 2613 1997 2671 βούληται.

1198 2678 1335 2730 ΗὶΡΡ.
1371 2676 1480 2716 Mai.
1496 2689 1538 2728 p·
1560 2675 1659 2719 290
1679 2676 1737 2715 E:
1771 2672 1876 2715 τοὺς
1903 2674 1997 2726 μέλ-

1198 2736 1350 2775 λοντας
1388 2732 1614 2774 ἑστιᾶσθαι
1656 2729 1760 2773 ἄνευ
1799 2729 1916 2785 ὄψου
1943 2730 1998 2773 ἄν

1197 2793 1310 2834 πάνυ
1319 2794 1521 2846 γενναίου
1532 2789 1763 2844 ποιήσειεν,
1777 2804 1836 2832 sc.
1851 2790 1997 2831 ἑστιω-

1196 2851 1370 2903 μένους,
1379 2851 1496 2890 unde
1505 2851 1645 2903 liquet
1655 2854 1854 2902 γενναῖον
1864 2851 1997 2890 etiam

1198 2911 1252 2950 de
1293 2909 1510 2950 fructibus
1563 2914 1694 2960 atque
1745 2907 1851 2948 cibis
1893 2908 1997 2950 dici.

1199 2967 1558 3020 simplicissimas
1581 2972 1727 3006 autem
1746 2965 1875 3016 fingit
1893 2965 1995 3005 illo-

1198 3039 1295 3066 rum
1335 3024 1507 3076 epulas,
1547 3024 1623 3076 qui
1660 3035 1910 3063 mensarum
1955 3029 1998 3063 et

1197 3083 1459 3124 lectulorum
1480 3087 1695 3134 apparatu
1715 3081 1913 3121 destituti
1941 3081 1996 3121 ci·

1196 3143 1301 3182 bum
1331 3145 1506 3179 tenuem
1529 3140 1576 3178 in
1590 3140 1769 3179 calamis
1787 3139 1997 3191 foliisque

1198 3199 1448 3252 appositum
1491 3197 1684 3237 habeant
1728 3198 1901 3250 ipsique
1950 3197 1997 3236 in

1198 3256 1450 3298 stramentis
1519 3255 1661 3295 taxeis
1715 3262 1759 3295 et
1817 3255 1997 3306 myrteis

1197 3314 1468 3356 accumbant.
1518 3312 1713 3358 Coenam
1744 3313 1864 3353 dicas
1894 3324 1998 3352 vere

1198 3372 1524 3413 calamitosam!
1564 3383 1694 3424 quam
1736 3377 1882 3411 tamen
1921 3382 1999 3410 cur

1195 3429 1488 3483 philosophus
1528 3428 1734 3478 finxerit,
1781 3427 1997 3469 neminem
2070 3481 2072 3486 λ
