2124 3744
764 225 972 280 LIBRI
1016 226 1353 282 SEPTIMI.
1819 235 1913 284 117

205 372 322 420 rum
372 368 700 422 tractatione
753 375 809 420 et
853 368 1043 422 subtili
1104 370 1315 422 aurium
1379 370 1586 424 iudicio
1647 374 1915 435 contineri

204 447 460 510 putetur,
519 458 631 509 quo
678 457 860 492 errore
906 439 1155 510 plerique
1203 459 1392 496 omnes
1449 441 1760 509 ducuntur3
1815 445 1915 499 sed

204 510 285 563 sic
321 510 508 582 potius
545 507 851 564 exercenda
888 518 1002 579 est,
1051 520 1114 564 ut
1153 512 1335 565 variae
1373 532 1634 568 sonorum
1672 516 1913 570 rationes

204 581 402 635 mentis
438 580 643 635 iudicio
679 581 1088 654 investigentur
1124 590 1289 653 atque
1326 595 1763 656 cognoscantur3
1802 606 1912 657 quo

204 672 316 706 uno
351 652 466 719 fiet,
505 660 564 705 ut
603 651 931 707 discentium
968 653 1135 706 animi
1176 674 1273 726 per
1309 673 1428 708 eam
1453 667 1821 712 consuescant
1857 659 1913 712 in

203 742 383 777 rerum
440 723 817 777 sublimiorum
906 726 1369 797 contemplatione
1443 746 1567 780 cum
1630 729 1913 802 voluptate

202 793 542 848 commorari.
588 825 652 834 —
723 795 1019 849 Praeterea
1055 815 1185 851 vero
1235 797 1399 850 etiam
1441 798 1780 870 singularum
1830 801 1914 854 di·

202 865 555 937 sciplinarum
592 865 904 920 coniunctio
930 874 986 920 et
1012 868 1362 922 cohaerentia
1388 869 1781 941 investiganda
1806 881 1910 939 est,

202 954 314 1006 quo
361 935 705 1008 intelligatur
756 957 941 990 earum
991 938 1135 992 inter
1188 959 1246 994 se
1284 939 1454 991 veluti
1493 949 1794 996 concentus
1830 951 1912 995 at-

243 1026 312 1061 ue
362 1006 664 1061 harmonia.
749 1008 811 1062 P.
861 1010 984 1063 530.
1034 1009 1099 1063 C.
1139 1042 1210 1050 -—
1248 1012 1370 1063 531.
1409 1010 1477 1063 Ε.
1545 1010 1740 1079 ·Quod
1791 1015 1912 1083 qui-

241 1098 327 1132 em
384 1078 544 1148 quasi
588 1079 927 1151 prooemium
997 1080 1274 1150 quoddam
1334 1088 1421 1134 est
1481 1083 1615 1136 artis
1677 1082 1912 1138 diale-

202 1150 466 1218 cticae,
507 1168 650 1220 quae
682 1158 770 1204 est
801 1150 1094 1222 disciplina
1131 1153 1375 1206 omnium
1401 1152 1566 1236 longe
1588 1156 1914 1226 gravissima

201 1230 259 1275 et
306 1222 796 1292 praestantissima.
872 1222 1100 1294 Quippe
1138 1223 1274 1277 haec
1313 1223 1473 1277 unice
1509 1245 1566 1277 111
1605 1245 1790 1280 earum
1828 1246 1915 1281 re-

200 1312 320 1346 rum
366 1293 794 1366 investigatione
848 1302 904 1348 et
961 1295 1193 1348 scientia
1252 1304 1531 1364 versatur,
1595 1316 1736 1367 quae
1795 1299 1914 1352 sola

199 1371 380 1418 mente
421 1372 478 1418 et
513 1365 849 1437 cogitatione
887 1375 1123 1438 possunt
1164 1367 1557 1437 comprehendi
1594 1387 1773 1438 neque
1810 1370 1912 1424 sub

200 1454 397 1491 sensus
444 1436 732 1491 subiectae
781 1446 923 1494 sunt.
1011 1437 1290 1506 Quocirca
1338 1438 1527 1492 eadem
1567 1440 1730 1509 plane
1769 1441 1914 1494 inter

200 1506 345 1562 hanc
381 1516 548 1578 atque
585 1516 797 1563 ceteras
850 1508 1171 1581 disciplinas
1211 1511 1353 1564 ratio
1392 1511 1715 1580 intercedit,
1771 1532 1912 1582 quae

202 1579 489 1634 obtinebat
524 1579 669 1633 inter
704 1580 835 1634 solis
870 1580 1049 1635 lucem
1088 1589 1254 1651 atque
1292 1582 1438 1653 ignis
1469 1583 1615 1636 illius
1652 1584 1912 1655 splendo-

200 1670 334 1720 rem,
373 1670 485 1722 qno
523 1650 873 1721 speluncam,
914 1671 1077 1723 quam
1112 1652 1489 1725 fingebamus,
1530 1654 1911 1708 collustratam

201 1721 473 1791 diximuS,
534 1721 787 1792 adeoque
837 1724 1017 1777 animo
1084 1725 1192 1777 vim
1240 1725 1356 1778 eius
1406 1743 1471 1779 ac
1519 1727 1910 1796 praestantiam

197 1794 359 1866 plane
395 1803 725 1866 perceptum
764 1794 993 1849 totidem
1031 1795 1235 1867 gradus
1270 1804 1402 1850 sunt
1442 1798 1816 1868 percurrendi,
1853 1812 1915 1852 ut

199 1866 320 1919 eius
367 1865 759 1920 sublimitatem
810 1876 1171 1936 assequatur,
1223 1887 1322 1938 per
1374 1877 1510 1937 quot
1557 1868 1635 1921 illi
1673 1869 1914 1923 eundum

199 1945 347 2005 erat,
397 1938 492 2008 qui
544 1936 674 1990 inde
722 1957 756 1991 a
793 1939 1029 2010 pueritia
1077 1939 1329 1992 inanibus
1381 1939 1525 1992 antri
1580 1941 1665 1994 sui
1705 1941 1913 1996 umbris

199 2009 546 2063 assuefactus
624 2009 819 2063 rimum
859 2028 926 2063 ne
952 2010 1098 2082 ignis
1123 2009 1343 2080 quidem
1371 2022 1733 2082 conspectum
1771 2013 1913 2066 ferre

200 2090 449 2152 poterat,
513 2099 572 2135 se
637 2080 1006 2135 'diuturniore
1062 2081 1467 2136 consuetudine
1513 2083 1797 2154 paullatim
1848 2103 1913 2137 eo

201 2150 694 2225 progrediebatur,
735 2161 800 2206 ut
835 2153 1011 2222 ipsam
1051 2153 1184 2207 solis
1221 2154 1399 2207 lucem
1436 2173 1547 2207 non
1588 2155 1765 2207 solum
1802 2175 1913 2209 non

199 2232 557 2292 aversaretur,
598 2223 697 2277 sed
737 2224 900 2278 etiam
939 2244 1063 2277 cum
1101 2244 1312 2279 summa
1350 2226 1514 2278 animi
1554 2225 1913 2280 admiratione

200 2303 366 2364 atque
402 2294 687 2366 voluptate
726 2296 1047 2349 intueretur.
1084 2328 1157 2336 —
1230 2295 1565 2352 Continetur
1612 2307 1794 2351 autem
1832 2298 1913 2351 di-

199 2365 430 2420 alectica
464 2369 602 2421 ratio
636 2374 803 2437 atque
841 2368 1146 2422 absolvitur
1172 2388 1283 2421 una
1312 2369 1508 2422 mentis
1547 2379 1712 2439 atque
1751 2370 1914 2423 animi

167 2438 567 2509 cogitatione,
620 2439 826 2511 quippe
865 2439 952 2492 cui
992 2438 1052 2492 id
1089 2440 1434 2511 propositum
1473 2441 1571 2508 sit,
1611 2449 1674 2493 ut
1710 2441 1819 2494 vim
1858 2450 1915 2495 et

202 2517 452 2563 naturam
500 2510 771 2579 cuiusque
812 2510 888 2563 rei
926 2510 1253 2579 investierat,
1305 2530 1484 2581 neque
1522 2531 1754 2580 usquam
1792 2520 1914 2565 uta-

202 2589 294 2633 tur
358 2600 461 2652 sup
505 2581 862 2650 ositionibus,
934 2557 1395 2651 quemadmodum
1465 2591 1679 2636 ceterae
1747 2594 1911 2638 artes.

203 2651 401 2723 Itaque
499 2670 595 2706 aec
669 2652 789 2707 sola
854 2652 1023 2726 digna
1094 2662 1180 2707 est
1247 2653 1610 2707 scientiae
1670 2654 1909 2722 nomine,

241 2723 410 2806 uippe
449 2742 590 2793 quae
638 2732 758 2777 tota
804 2725 1073 2778 referatur
1109 2723 1180 2778 ad
1218 2723 1384 2792 illud,
1435 2725 1585 2793 quod
1625 2743 1750 2778 vere
1790 2741 1912 2780 esse

202 2741 454 2849 dicimus.
493 2826 560 2836 —
636 2794 823 2863 Quum
861 2803 1044 2849 autem
1081 2803 1237 2849 tanta
1278 2795 1349 2849 sit
1386 2795 1549 2850 huius
1588 2795 1914 2868 disciplinae

201 2867 567 2939 praestantia,
619 2867 711 2921 uni
752 2865 829 2919 illi
867 2865 935 2920 ad
974 2867 1091 2921 eius
1129 2865 1372 2920 studium
1412 2875 1542 2920 sunt
1578 2866 1911 2936 adducendi,

202 2938 297 3008 qui
347 2938 626 2991 excellunt
672 2938 837 2991 animi
893 2936 1301 3010 magnitudine,
1358 2937 1545 2992 iudicii
1586 2939 1911 3008 subtilitate,

201 3008 491 3063 memoriae
526 3009 865 3094 capacitate,
903 3009 1027 3063 deni
1072 3027 1140 3063 ue
1188 3009 1386 3062 virium
1422 3009 1619 3064 robore
1676 3017 1733 3064 et
1781 3028 1913 3066 con-

202 3081 421 3134 stantia.
508 3080 730 3154 Quippe
778 3099 968 3135 omnes
1011 3100 1047 3151 p
1090 3079 1395 3151 ilosophiae
1434 3080 1911 3151 reprehensiones,

205 3168 346 3222 qnae
393 3151 595 3207 multae
644 3153 834 3207 iactari
889 3152 1097 3221 solent,
1148 3170 1215 3205 ex
1266 3150 1371 3206 hoc
1407 3151 1560 3206 fonte
1600 3162 1911 3220 manarunt,

205 3219 353 3292 quod
404 3221 652 3279 homines
702 3222 772 3277 ad
826 3223 933 3277 alia
979 3223 1163 3277 omnia
1215 3222 1327 3294 apti
1381 3221 1451 3276 ad
1503 3224 1622 3279 eius
1670 3223 1911 3279 studium

204 3291 467 3348 accedere
513 3294 695 3349 solent
744 3313 954 3365 suaque
1012 3294 1371 3367 perversitate
1419 3292 1477 3348 id
1532 3294 1814 3364 efficiunt,
1854 3304 1914 3350 ut

205 3362 571 3436 pulcherrima
601 3364 907 3437 'disciplina
951 3366 1004 3419 in
1059 3365 1343 3437 imperitae
1380 3365 1745 3421 multitudinis
1783 3385 1914 3420 con·

205 3444 430 3490 temtum
471 3435 693 3491 incidat.
772 3438 832 3491 P.
861 3441 982 3493 531.
1024 3437 1085 3492 B.
1124 3469 1186 3476 —
1228 3437 1348 3491 536.
1378 3434 1446 3495 O.
1495 3468 1550 3478 —
1634 3438 1746 3492 Iam
1786 3456 1914 3492 vero
