2098 3658
677 142 899 198 MBRI
923 143 1296 199 -SECUNDI
1746 150 1843 202 113

133 285 334 340 deinde
367 286 707 360 intelligatur
721 327 738 354 ,
784 293 994 356 quanto
1029 287 1318 342 intervallo
1355 291 1599 359 perfecta
1636 290 1847 344 iustitia

135 376 170 410 a
205 358 450 428 perfecta
483 359 755 413 iniustitia
790 357 995 411 distare
1033 359 1398 413 existimanda
1444 360 1534 415 sit.
1610 358 1846 415 Orditur

131 437 316 483 autem
366 429 791 502 disputationem
846 427 1065 484 Glauco
1102 430 1215 499 sic,
1254 439 1316 484 ut
1355 439 1481 485 ante
1520 432 1704 486 omnia
1737 434 1846 485 tria

129 519 311 555 rerum
363 519 569 585 genera
617 499 1035 572 distinguantur
1051 541 1069 570 ,
1118 520 1349 571 quarum
1397 503 1535 556 aliae
1590 502 1844 558 dicantur

129 591 231 644 per
277 591 337 626 se
383 590 536 643 ipsas
573 572 792 643 expeti,
842 572 983 626 aliae
1034 581 1264 643 propter
1300 574 1449 646 ipsas
1488 582 1657 644 atque
1691 574 1842 629 utili-

129 652 295 713 tates,
330 662 468 714 quas
503 643 760 712 habeant,
797 643 936 697 aliae
973 642 1212 714 denique
1249 652 1477 716 propter
1511 646 1657 701 solas
1691 645 1842 700 utili-

129 722 274 769 tates
292 755 312 783 ,
360 733 498 785 quas
546 713 793 768 afferant.
880 714 1101 783 Quibus
1154 716 1233 769 ita
1268 717 1496 788 positia,
1547 725 1842 789 postquam

127 786 394 841 iustitiam
442 792 497 840 et
542 786 868 840 iniustitiam
913 786 973 840 in
1021 805 1087 841 eo
1136 806 1339 859 genere
1378 787 1684 842 habendam
1721 808 1843 843 esse

128 857 423 927 convenit,
512 857 627 911 uod
661 864 775 912 tam
822 877 924 929 per
973 877 1033 913 se
1084 876 1249 928 quam
1294 867 1523 932 propter
1574 858 1842 914 utilitates

127 936 436 1001 expetatur,
533 929 692 983 lauco
731 928 1206 1003 Thrasymachum
1242 938 1437 984 censet
1470 930 1527 983 in
1565 929 1845 985 laudanda

124 1001 399 1054 iniustitia
445 1019 513 1055 ac
559 1001 773 1056 iustitia
816 1001 1182 1074 vituperanda
1217 1002 1298 1056 ita
1332 1010 1609 1056 versatum
1644 1001 1839 1073 videri,

123 1080 189 1127 ut
221 1072 508 1143 utriusque
556 1071 848 1127 commoda
884 1081 941 1127 et
975 1072 1323 1128 incommoda
1356 1074 1694 1144 respexerit,
1754 1074 1838 1147 ip-

123 1162 243 1199 sam
277 1144 564 1215 utriusque
599 1144 712 1198 vim
759 1151 820 1198 et
851 1153 1103 1199 naturam
1140 1145 1321 1199 minus
1360 1146 1648 1199 curaverit.
1724 1145 1840 1200 Ita—

202 1234 233 1270 e
269 1235 330 1270 ae
365 1216 445 1270 ita
478 1216 753 1270 facturum
786 1234 909 1271 esse
944 1215 1269 1287 profitetur,
1321 1224 1413 1285 ut,
1466 1215 1841 1290 redintegrata

176 1287 524 1360 hrasymachi
560 1288 839 1356 oratione,
876 1289 1111 1360 primum
1148 1297 1420 1360 exponat,
1461 1289 1681 1358 qualem
1718 1307 1842 1344 esse

119 1358 387 1413 iustitiam
434 1358 624 1414 dicant
658 1367 718 1414 et
756 1359 900 1414 unde
936 1360 1119 1426 nasci3
1179 1359 1383 1414 deinde
1432 1360 1691 1415 ostendat
1727 1381 1842 1415 om-

120 1448 220 1485 nes
253 1449 372 1501 eoa,
413 1431 511 1501 qui
544 1431 723 1503 ipsam
761 1432 947 1486 colant
966 1472 984 1500 ,
1023 1431 1208 1486 colere
1242 1431 1446 1486 invitos
1489 1439 1551 1486 ut
1585 1451 1841 1488 necessa-

121 1502 289 1573 riam,
326 1522 441 1557 non
475 1510 541 1557 ut
585 1503 813 1569 bonam3
862 1502 1102 1574 denique
1157 1503 1383 1573 doceat,
1431 1504 1603 1558 vitam
1650 1504 1842 1559 iniusti

121 1574 313 1645 utique
346 1574 521 1628 multo
557 1593 680 1629 esse
715 1574 1003 1629 meliorem
1034 1594 1203 1645 quam
1225 1575 1380 1644 iusti,
1421 1576 1638 1658 qualem
1666 1576 1838 1649 vulgo

122 1646 437 1701 informent.
485 1645 613 1701 Nec
639 1649 825 1701 tamen
851 1665 974 1702 sese
997 1647 1121 1700 sine
1156 1645 1489 1701 verecundia
1525 1666 1591 1701 ac
1626 1646 1839 1721 pudore

121 1717 202 1772 ait
249 1716 325 1771 ad
371 1716 533 1772 huius
587 1717 666 1771 rei
704 1716 791 1771 dis
834 1719 1140 1772 utationem
1177 1718 1473 1787 accedere,
1512 1719 1840 1791 praesertim

121 1807 293 1860 quum
326 1788 433 1861 ipsi
466 1788 720 1843 videatur
828 1797 939 1856 ter3
979 1798 1354 1845 verumtamen
1390 1791 1694 1864 perstringi
1731 1791 1839 1862 ipsi

119 1869 178 1915 et
225 1859 459 1915 obtundi
522 1860 638 1914 fere
698 1860 944 1932 quotidie
993 1880 1152 1915 aures
1213 1861 1554 1916 sermonibus
1612 1861 1837 1932 talibus,

119 1931 336 2004 qualem
386 1930 552 1987 modo
603 1931 783 1987 Thrae
879 1932 1050 1988 achus
1088 1933 1408 2002 absolverit,
1447 1940 1512 1987 ut
1550 1934 1633 1988 rei
1669 1951 1838 2005 quae-

118 2004 242 2060 stio
259 2003 438 2059 aliter
495 2003 763 2058 instituen
803 2023 837 2059 a
893 2003 1164 2059 videatur.
1253 2003 1475 2088 Quippe
1528 2004 1678 2077 quod
1724 2006 1838 2060 fere

117 2073 340 2146 dicitur,
378 2075 577 2147 inquit,
620 2076 887 2131 iustitiam
921 2075 1203 2131 meliorem
1241 2094 1364 2131 esse
1399 2077 1692 2142 iniustitia,
1731 2076 1837 2132 hoc

116 2146 361 2203 nondum
407 2167 444 2202 a
491 2166 770 2218 quoquam
820 2148 901 2203 ita
947 2148 1257 2221 expositum
1307 2147 1528 2217 audivi,
1580 2156 1646 2203 ut
1680 2149 1837 2215 volo;

159 1289 174 1306 ἱ

23 2268 28 2279 .
115 2219 243 2275 volo
290 2227 474 2274 autem
521 2219 601 2274 ita
645 2219 868 2290 audire,
929 2227 994 2274 ut
1043 2220 1167 2293 ipsa
1227 2239 1328 2291 per
1389 2238 1453 2276 se
1514 2221 1836 2276 celebretur.

40 2318 41 2321 ¹
117 2289 424 2360 Quocirca,
472 2310 645 2362 quum
691 2300 768 2361 te,
807 2311 841 2347 o
878 2291 1137 2361 Socrate,
1169 2292 1247 2345 ita
1283 2292 1464 2346 facere
1499 2312 1668 2365 posse
1702 2291 1837 2347 mihi

29 2373 37 2414 ἴ
114 2364 513 2448 persuaserim,
564 2364 710 2427 omni
761 2364 1117 2418 contentione
1167 2363 1370 2418 virium
1415 2361 1476 2418 id
1525 2384 1719 2438 agam,
1775 2373 1838 2419 ut

38 2435 45 2440 ’
114 2435 377 2490 iniustam
405 2435 574 2489 vitam
602 2435 840 2503 laudem,
878 2436 1123 2490 futurum
1161 2454 1283 2490 esse
1321 2454 1572 2506 sperans,
1613 2443 1676 2491 ut
1712 2454 1745 2490 a
1779 2444 1835 2489 te

115 2506 328 2562 institia
380 2505 639 2561 laudetur
688 2506 957 2562 similiter.
1031 2506 1230 2578 Itaque
1266 2507 1501 2580 primum
1538 2527 1834 2581 exponam,

153 2575 295 2633 ualia
342 2576 623 2634 hominnm
671 2577 878 2634 iudicio
917 2579 1129 2634 iustitia
1163 2580 1239 2635 sit
1277 2586 1335 2634 et
1369 2578 1516 2634 unde
1555 2587 1834 2635 nascatur.

111 2598 328 2706 Bicunt
350 2650 546 2776 Aigitur
607 2658 806 2705 natura
866 2650 1070 2706 bonum
1144 2669 1264 2706 esse
1319 2650 1573 2705 iniuriam
1634 2652 1835 2720 facere,

112 2721 315 2777 iniuria
448 2722 499 2776 ci
535 2721 769 2791 malum,
817 2722 946 2794 plus
984 2730 1167 2777 autem
1203 2722 1332 2776 mali
1366 2722 1550 2777 inesse
1588 2723 1644 2776 in
1683 2722 1834 2778 acci-

155 2791 316 2849 ‘mda
336 2793 536 2848 iniuria
559 2811 725 2864 quam
764 2794 894 2849 boni
930 2794 990 2848 in
1021 2792 1301 2859 facienda3
1352 2793 1620 2864 quocirca.
1666 2812 1836 2865 quum

243 2865 256 2877 ’
299 2884 361 2921 ee
411 2866 555 2920 inter
604 2884 663 2921 ae
713 2865 968 2920 iniuriam
1015 2872 1073 2920 et
1117 2865 1325 2920 faciant
1373 2872 1432 2919 et
1466 2865 1743 2939 accipiant
1779 2875 1835 2921 et

29 2990 34 2996 .
110 2945 406 3009 utrumque
442 2937 825 3011 experiantur,
873 2937 988 3007 eis,
1037 2937 1134 3008 qui
1169 2942 1451 3008 nequeant
1486 2934 1592 2992 hoc
1627 2938 1832 2992 evitare

113 3017 191 3064 et·
230 3007 507 3081 effugere,
569 3008 709 3063 illud
787 3028 918 3064 vero
979 3009 1232 3079 assequi,
1298 3015 1488 3063 mutuo
1552 3010 1632 3063 ita
1689 3010 1833 3065 inter

111 3098 174 3135 ae
222 3081 659 3149 constituerunt,
716 3088 778 3136 nt
828 3100 1011 3151 neque
1066 3080 1276 3135 faciant
1323 3098 1394 3134 ne
1433 3098 1502 3135 ue
1559 3080 1833 3154 accipiant

112 3150 384 3208 iniuriam.
477 3153 671 3223 Atque
709 3152 839 3207 hinc
898 3152 1093 3207 volunt
1146 3151 1297 3226 leges
1349 3151 1420 3207 ha
1463 3151 1611 3208 uisse
1662 3153 1832 3226 origi-

112 3242 239 3278 nem
258 3261 279 3293 ‚
358 3241 596 3294 quarum
666 3233 966 3298 praecepta
1040 3224 1320 3279 nominata
1388 3223 1503 3279 sint
1587 3224 1834 3298 legitima

111 3303 280 3365 atque
339 3293 482 3350 iusta
531 3293 777 3366 (νόμιμα
813 3299 908 3352 καὶ
945 3296 1178 3366 δίκαια).
1261 3295 1425 3352 Hanc
1478 3296 1652 3369 igitur
1701 3315 1831 3351 cen-

112 3372 243 3422 sent
294 3365 539 3439 iustitiae
574 3367 709 3425 ‚vim
755 3375 814 3423 et
851 3367 1173 3439 originem,
1237 3386 1378 3438 quae
1437 3368 1594 3438 quasi
1653 3367 1836 3423 media

228 3466 347 3510 rint.
382 3466 634 3522 oppavoi.
665 3468 740 3513 m.
776 3468 891 3510 auct.
928 3470 961 3509 ι,
1462 3469 1490 3510 8
