2124 3744
315 206 417 255 44:ss
927 203 1402 260 PLATONIS

316 352 413 405 τοῦ
466 354 693 420 τρίτου,
753 346 959 419 ὄγδοον
1015 354 1099 407 δὲ,Ἰ
1131 351 1228 408 τὸν
1285 355 1386 414 τοῦ
1424 355 1715 421 δευτέρου.
1771 358 1862 410 καὶ
1920 354 2017 410 τὸν

310 438 412 505 μὲν
453 437 562 488 τοῦ»
597 438 857 503 μεγίστου
899 439 1170 501 ποικίλον,
1217 435 1318 492 τὸν
1366 440 1558 493 δὲ’,τοῦ
1591 437 1831 509 ἑβδόμου
1877 443 2016 510 λαμ-

313 515 631 588 πρότατον,
687 515 788 572 τὸν
842 522 898 573 δὲ
964 522 1064 577 τοῦ
1124 520 1327 588 ὀγδόου
1385 521 1446 576 τὸ
1503 524 1697 591 χρῶμα
1755 521 1870 577 ἀπὸ
1917 546 2015 579 του

170 603 271 655 617
313 601 556 673 ἑβδόμου
612 605 750 672 ἔχειν
806 625 945 674 προς
951 602 1297 674 λάμποντος,
1353 606 1452 662 τὸν
1509 609 1565 660 δὲ
1611 609 1709 661 τοῦ
1758 610 2016 680 δευτέρου

311 692 401 742 καὶ
448 694 700 757 πέμπτου
745 687 1111 759 παραπλήσια
1156 689 1454 758 ἀλλήλοις,
1512 688 1840 761 ᾞανθότερα
1887 698 2019 748 ἐκεί·

309 794 454 834 νων,
518 775 708 841 τρίτον
766 776 822 827 δὲ
875 773 1213 829 λευκότατον
1272 779 1469 845 χρῶμα
1525 779 1692 845 ἔχειν,
1749 781 2018 847 τέταρτον

309 860 379 911 δὲ.
406 855 768 927 ὑπέρυθρον,
815 856 1073 928 δεύτερον
1119 862 1175 912 δὲ
1220 861 1511 926 λευκότητι
1556 857 1656 914 τὸν
1700 865 1877 916 ἕκτον.
1924 883 2017 916 κυ-

308 946 567 996 κλεῖσθαι
615 944 671 995 δὲ
717 939 783 1007 δὴ
831 941 1213 1016 στρεφόμενον
1259 942 1359 999 τὸν
1403 945 1689 1016 ἄτρακτον
1733 942 1868 1000 ὅλον
1914 950 2014 1016 μὲν

308 1025 412 1092 τὴν
456 1023 635 1092 αὐτὴν
680 1023 897 1099 φοράν
945 1033 1013 1080 ὲν
1051 1029 1108 1082 δὲ
1154 1030 1230 1097 τῷ
1275 1026 1387 1098 ὅλῳ
1434 1034 1843 1103 περιφερομένῳ
1883 1029 2016 1094 τοὺς

306 1115 406 1182 μὲν
452 1108 608 1175 ἐντὸς
650 1108 790 1165 ἑπτὰ
835 1108 1069 1175 κύκλους
1113 1109 1214 1179 τὴν
1256 1119 1519 1168 ἐναντίαν
1565 1116 1640 1182 τῷ
1687 1111 1799 1183 ὅλῳ
1838 1113 2013 1185 ἠρέμα

425 1309 468 1347 P.
502 1305 602 1351 617.
681 1305 785 1347 τὸν
820 1307 1013 1360 ἕκτον]
1061 1307 1249 1349 Verbum
1294 1305 1551 1362 ὑπερβάλλει
1593 1311 1722 1361 vulgo
1773 1313 1874 1360 post
1935 1307 2011 1348 τὸν

309 1363 435 1405 ἕκτον
474 1363 665 1406 additum
707 1377 793 1406 om.
835 1366 936 1407 Par.
980 1365 1137 1406 ADK.
1187 1365 1282 1407 Vat.
1322 1364 1368 1406 Θ.
1410 1366 1537 1406 Vind.
1572 1364 1690 1406 Mon.
1723 1366 1880 1418 Angei.
1917 1365 2011 1407 Vat.

307 1435 340 1464 r.
376 1422 493 1463 Flor.
527 1436 566 1463 a.
599 1435 635 1463 c.
669 1435 711 1464 x.
745 1437 785 1464 α.
842 1423 1112 1464 Reiecerunt
1143 1423 1246 1464 iliud
1284 1423 1414 1464 Turr.
1476 1421 1652 1464 Deinde
1691 1435 1772 1476 pro
1811 1420 1865 1477 δή
1906 1428 2010 1466 vett.

306 1480 427 1551 editt.
460 1479 544 1529 δεῖ,
579 1480 697 1552 quod
731 1493 783 1522 ex
818 1481 935 1522 libris
966 1493 1048 1521 non
1081 1481 1232 1533 paucis
1266 1480 1556 1523 emendatum.

423 1538 473 1579 B.
537 1534 734 1590 τρίτον
770 1536 824 1578 δὲ
864 1538 1119 1594 φορᾷ]ν
1126 1570 1135 1579 .
1178 1535 1254 1578 τὸν
1300 1540 1446 1609 τρίτον
1482 1536 1529 1578 δὲ
1561 1551 1632 1590 qm,
1674 1537 1791 1591 quod
1834 1552 1857 1580 e
1890 1537 2008 1580 Mon.

306 1595 422 1637 Fior.
447 1597 492 1649 β.
526 1598 820 1638 emendatum.
884 1597 1095 1638 Adhaesit
1126 1597 1326 1639 nimirum
1361 1594 1437 1637 τὸν
1466 1609 1545 1650 per
1575 1596 1771 1637 ultimam
1804 1596 2012 1648 syllabam

305 1655 508 1696 vocabuli
548 1655 747 1708 proxime
787 1655 1054 1710 antegressi3
1096 1668 1182 1707 quo
1216 1661 1394 1697 extruso
1433 1655 1609 1696 demum
1650 1655 1750 1694 ioco
1792 1667 1868 1694 sua
1909 1666 2015 1695 con-

305 1718 393 1754 stat
423 1714 725 1767 perspicuitas.
786 1713 943 1766 Itaque
973 1725 1052 1754 nos
1082 1712 1257 1765 quidem
1280 1714 1527 1766 neutiquam
1552 1711 1814 1755 assentimur
1832 1711 2012 1754 Schnei-

307 1867 405 1895 nefm
456 1853 644 1906 habeat,
693 1854 933 1896 dnmmodo
974 1856 1119 1896 Plato-

304 1926 401 1954 nem
445 1918 692 1954 statuamus
741 1914 782 1954 in
817 1914 870 1954 iis
903 1926 1117 1954 exornan-

306 1971 376 2012 dis
408 1971 559 2012 eadem
594 1971 649 2012 de
677 1984 821 2013 rernm
841 1971 1119 2012 universitate

305 2030 482 2070 decreta
534 2035 766 2082 sequutum
823 2043 948 2080 esse,
1005 2041 1117 2080 quae

304 2087 360 2127 ab
394 2100 446 2128 eo
477 2087 518 2128 in
550 2088 736 2128 Timaeo
766 2089 977 2140 explicata
999 2091 1115 2126 sunt.

305 2145 402 2192 Una
441 2150 586 2186 tamen
635 2151 771 2186 restat
814 2146 895 2186 loci
928 2144 1113 2185 difficul—

304 2209 388 2247 tas.
451 2203 690 2245 Quaeritur
722 2205 858 2255 enim,
903 2214 1112 2255 quorsum

307 2275 358 2302 ea
390 2261 655 2313 pertineant,
686 2274 812 2313 ‚quae
844 2261 899 2301 de
931 2260 1117 2301 circulo-

305 2331 398 2359 rum
434 2318 678 2361 divinorum
711 2320 833 2360 labiis
872 2330 1118 2369 eorumque

306 2377 605 2429 magnitudine
635 2377 871 2429 velvpotius
891 2375 1118 2416 latitudine

307 2442 603 2488 exponuntur,
636 2434 987 2489 quandoquidem
1023 2434 1118 2474 orbi

307 2494 470 2535 extimo
500 2506 654 2547 margo
689 2493 948 2542 latissimus,
983 2495 1114 2533 sexto

302 2552 398 2592 sive
441 2550 594 2592 Veneri
640 2550 924 2604 amplitudine
957 2562 1112 2590 secun·

303 2609 401 2659 dns,
431 2609 587 2650 tertius
621 2609 768 2660 Marti,
800 2612 982 2661 quartus
1023 2607 1110 2647 Lu-

302 2679 411 2717 nae,
450 2667 776 2719 quintusSoli,
809 2670 959 2707 sextus
995 2666 1109 2706 Mer-

301 2725 446 2773 curio,
497 2726 709 2777 septimus
752 2724 879 2773 Iovi,
928 2729 1110 2764 octavus

303 2781 494 2823 Saturno
534 2785 796 2835 assignatur.
867 2781 962 2822 Ista
1007 2794 1111 2821 vero

302 2839 524 2880 fatendum
571 2846 638 2882 est
687 2841 930 2886 Cimmeriis
988 2843 1111 2879 tene-

304 2898 391 2940 bnis
455 2899 630 2939 obtecta
701 2899 857 2949 videri,
926 2896 1109 2947 necdum

305 2969 327 2996 a
360 2968 581 3007 quoquam
615 2957 718 2997 satis
737 2961 839 2996 sunt
863 2955 1109 3003 dilucidata.

305 3013 557 3055 Gontuiisse
604 3020 749 3056 tamen
802 3014 964 3054 iuvabit
1002 3025 1112 3064 quae

306 3071 362 3111 de
385 3071 435 3111 iis
469 3077 765 3124 exposuerunt
788 3070 964 3112 Schau
979 3068 1110 3110 bach

306 3127 466 3169 Gesch.
490 3129 567 3169 der
587 3143 651 3182 gr.
674 3134 923 3170 Astronom.
947 3142 987 3180 p.
1008 3127 1108 3171 406.

307 3185 468 3225 Fries
509 3187 670 3228 Geseh.
713 3187 754 3228 d.
796 3187 952 3227 Phiios.
988 3187 1041 3227 T.
1078 3186 1109 3226 1.

307 3256 349 3295 p.
375 3242 476 3286 334.
510 3244 1109 3293 Schleiermacher.

307 3301 457 3341 Germ.
493 3301 658 3354 Interp.
692 3316 734 3354 p.
756 3302 842 3346 622
859 3315 925 3353 sq.
960 3302 1109 3343 Hier.

308 3357 527 3399 Mulier.
582 3360 634 3399 ad
692 3361 813 3401 vers.
861 3360 1012 3399 Germ.
1068 3372 1109 3411 p.

309 3415 392 3460 762
424 3429 488 3467 sq.
563 3417 750 3457 Omnino
792 3422 938 3459 autem
983 3417 1110 3457 Plato

310 3473 479 3516 videtur
511 3474 788 3526 sphaerarum
819 3488 968 3516 zonam
1003 3486 1110 3527 qua-

1207 1855 1256 1896 lis
1276 1855 1475 1896 sensibus
1495 1857 1728 1907 appareret
1757 1853 1826 1894 vel
1856 1866 2012 1895 secun-

1205 1913 1308 1954 dum
1365 1913 1595 1953 ‘rationem
1674 1910 2010 1964 Pythagoricum

1204 1972 1423 2025 quandam
1457 1970 1636 2011 definire
1667 1969 1873 2009 voiuisse.

1263 2060 1304 2098 Ρ.
1340 2057 1440 2100 617.
1484 2056 1533 2096 Β.
1577 2052 1925 2122 στρεφεσθαι
1957 2053 2014 2095 δε

1203 2110 1374 2156 αυτὸν
1402 2113 1487 2166 -]
1521 2113 1608 2153 Int.
1645 2108 1721 2152 τὸν
1755 2109 1980 2166 ἄτρακτον.

1259 2173 1357 2213 τῶν
1408 2169 1621 2212 κύκλων
1677 2164 1884 2223 αυτοῦ]
1943 2182 2007 2212 sc.

1203 2231 1282 2271 τοῦ
1324 2225 1564 2284 ἀτράκτου,
1613 2240 1640 2269 a
1691 2228 1820 2269 fuso
1875 2227 2009 2271 effe-

1202 2290 1314 2330 ctis
1347 2290 1432 2330 vei
1465 2287 1591 2329 inde
1626 2287 1935 2340 suspensis.

1260 2373 1566 2429 βεβηκένᾳι
1599 2372 1874 2427 Σειρῆνα]
1909 2371 2011 2413 Sin-

1199 2436 1311 2486 gulis
1343 2433 1522 2474 orbibus
1560 2431 1832 2472 'coelestibus
1865 2431 2010 2484 singu-

1200 2493 1265 2533 lae
1315 2491 1537 2532 adduntur
1581 2489 1783 2538 Sirenes,
1826 2501 2009 2542 quarum

1198 2561 1495 2601 unaquaeque⁴
1527 2559 1655 2588 unum
1689 2552 1840 2588 tonum
1881 2547 2009 2587 emit-

1196 2607 1273 2658 tit,
1310 2613 1356 2647 ut
1390 2619 1443 2647 ex
1475 2612 1578 2647 octo
1610 2605 1788 2646 vocibus
1829 2615 1908 2644 nna
1941 2604 2009 2645 ef·-

1196 2666 1364 2717 ticiatur
1392 2664 1623 2705 harmonia.
1687 2662 1898 2703 Nimirum
1931 2674 2007 2702 co·

1197 2722 1421 2772 gitandum
1453 2726 1524 2762 est
1546 2721 1601 2762 de
1627 2720 1894 2761 octochordo
1922 2720 2006 2772 Py-

1197 2780 1449 2832 thagorico,
1501 2778 1556 2820 de
1601 2778 1723 2819 cuius
1769 2778 2006 2820 rationibus

1198 2838 1510 2890 explicavimus
1566 2836 1607 2876 in
1670 2834 2007 2886 Commentariis

1198 2895 1253 2936 ad
1284 2895 1519 2936 'timaeum
1556 2908 1596 2948 p.
1628 2893 1699 2937 35.
1737 2896 1786 2934 Α.
1819 2905 1914 2944 sqq.
1949 2904 2005 2930 z

1198 2967 1240 3005 p.
1287 2953 1369 2996 141
1415 2966 1510 3005 sqq.
1561 2951 1630 2993 ed.
1680 2948 1812 2991 Goth.
1891 2948 2004 2988 Huic

1199 3011 1314 3052 enim
1375 3011 1432 3052 iiii
1485 3015 1660 3051 cantum
1723 3006 2002 3059 sphaerarum

1198 3072 1574 3122 comparaverunt.
1645 3063 1760 3105 conf.
1823 3065 2000 3105 Cicer.

1200 3127 1263 3166 De
1315 3131 1402 3169 nat.
1454 3125 1574 3166 deor.
1624 3121 1655 3163 1.
1710 3121 1781 3165 33.
1840 3120 2002 3162 Audias

1198 3183 1441 3225 Macrob.
1473 3183 1515 3223 in
1545 3181 1697 3221 Somu.
1723 3176 1923 3247 Scipion.
1949 3178 1998 3219 ΙΙ.

1197 3240 1240 3283 3.
1301 3241 1491 3293 „Hinc
1538 3239 1691 3280 Plato
1744 3238 1790 3278 in
1841 3248 1996 3290 repu-

1198 3299 1348 3339 blica
1375 3309 1489 3351 sua,
1521 3309 1673 3348 quum
1707 3295 1772 3336 de
1803 3293 1997 3348 sphae-

1198 3368 1371 3396 rarum
1414 3354 1749 3394 coelestium
1791 3350 1998 3393 volubi-

1197 3414 1370 3454 litate
1402 3417 1703 3462 tractaret,
1749 3410 1996 3462 singulas

1198 3472 1271 3510 ait
1313 3470 1556 3523 singuiis
1597 3469 1824 3510 orbibus
1867 3469 1993 3508 insi-
