2098 3658
640 228 643 233 ,
724 178 940 233 mem
974 178 1295 247 QUARTI.
1517 175 1523 182 ’
1753 179 1854 232 315

162 323 359 376 rationi
405 323 606 378 iustum
658 330 941 395 praestant
986 322 1328 391 obsequium.
1416 319 1582 377 Unde
1631 339 1698 374 ea
1734 339 1854 373 cum

159 414 371 463 errore,
411 395 658 463 inscitia,
695 392 1111 460 incontinentia,
1151 392 1389 462 denique
1426 393 1601 447 omnis
1638 393 1856 464 generis

159 467 430 536 pravitate
468 466 759 520 coniuncta
794 472 894 519 est.
932 465 996 518 P.
1033 465 1157 518 444.
1197 466 1269 517 A.
1308 464 1374 517 Β.
1667 466 1671 471 ’

301 537 444 593 Sunt
477 556 607 590 vero
645 537 886 590 iustae
922 542 979 589 et
1014 535 1323 590 iniustae
1374 536 1700 590 actiones
1738 535 1854 587 ani-

155 628 242 662 mo
278 608 444 676 idem,
484 607 635 678 quod
669 606 915 662 salubres
952 614 1008 660 et
1034 607 1327 678 perniciosi
1366 607 1475 660 cibi
1517 606 1854 678 corporibus.

155 678 632 748 Quemadmodum
669 679 814 732 enim
851 678 962 733 cibi
998 678 1150 732 noxii
1186 678 1430 732 morbem
1464 677 1700 732 afferunt
1735 697 1854 731 cor-

154 752 314 823 pori,
362 751 446 805 sic
491 750 725 805 iniustae
773 750 1019 804 actiones
1059 750 1382 804 iniustitiam
1421 750 1479 802 in
1517 750 1700 802 animo
1737 749 1852 802 effi-

153 824 332 888 ciunt3
380 831 437 876 et
472 820 929 892 quemadmodum
964 821 1074 876 cibi
1111 822 1243 876 boni
1282 820 1530 892 corporis
1566 820 1852 875 sanitatem

152 894 414 949 roborant
448 902 505 947 et
541 901 900 962 conservant,
957 893 1036 947 ita
1088 894 1266 949 iustae
1304 893 1550 946 actiones
1589 891 1854 946 iustitiam

151 965 316 1018 animi
343 971 560 1037 *augent
591 972 757 1036 atque
786 964 1131 1019 confirmant.
1205 965 1313 1019 Est
1340 970 1525 1032 autem
1563 963 1854 1017 sanitatem

149 1036 394 1107 corporis
443 1035 664 1090 efficere
716 1035 853 1089 nihil
890 1035 1041 1089 aliud
1077 1035 1184 1090 nisi
1222 1033 1469 1107 singulas
1510 1035 1629 1089 eius
1668 1041 1853 1106 partes

147 1107 226 1161 ita
273 1108 641 1175 constituere,
691 1114 753 1160 ut
798 1107 1103 1163 secundum
1153 1115 1402 1161 naturam
1439 1107 1528 1160 vel
1548 1125 1625 1160 *se
1659 1113 1856 1178 regant

146 1178 378 1234 invicem
413 1180 503 1233 vel
538 1180 611 1234 ab
649 1179 772 1233 aliis
793 1188 1056 1252 regantur
1070 1200 1090 1245 3.
1129 1187 1324 1234 contra
1344 1178 1593 1232 morbum
1632 1178 1854 1233 iniicere

147 1259 235 1307 est
264 1252 520 1320 efficere,
571 1259 635 1306 ut
682 1269 782 1305 eae
820 1260 1039 1322 praeter
1077 1259 1329 1306 naturam
1366 1250 1454 1305 vel
1491 1251 1718 1322 imperio
1756 1270 1854 1322 po-

145 1324 352 1380 tiantur
388 1323 476 1379 vel
511 1330 792 1397 regantur.
864 1323 955 1378 Ex
991 1322 1100 1393 quo
1128 1331 1304 1395 patet,
1342 1341 1505 1394 quae,
1526 1323 1599 1376 sit
1632 1322 1853 1376 iusti-

144 1395 294 1449 tiae
340 1403 410 1449 et
458 1394 871 1449 iniustitiae
922 1395 1139 1467 origo,
1213 1394 1360 1449 Nam
1397 1413 1567 1464 quum
1605 1393 1852 1466 singulae

144 1466 311 1521 animi
359 1475 542 1540 partes
589 1485 649 1522 se
687 1466 766 1520 ita
803 1466 1037 1535 habent,
1096 1473 1159 1519 ut
1195 1474 1422 1519 naturae
1456 1467 1851 1519 convenienter

144 1537 231 1594 vel
267 1545 483 1611 regant,
520 1538 606 1592 vel
642 1545 935 1611 regantur,
983 1538 1231 1592 nascitur
1265 1537 1507 1601 iustitia3
1547 1556 1711 1608 quum
1753 1557 1848 1590 au·

143 1619 254 1664 tem
291 1619 512 1683 praeter
555 1620 807 1664 naturam
854 1609 943 1679 id,
1007 1609 1165 1664 cuius
1217 1618 1308 1666 est
1353 1609 1576 1664 alterius
1619 1609 1849 1680 imperio

143 1682 396 1752 obsequi,
448 1681 815 1753 principatum
869 1681 1234 1751 nanciscitur,
1286 1688 1343 1735 et
1385 1680 1633 1735 vicissim
1689 1681 1845 1750 illud,

143 1752 294 1823 quod
340 1772 532 1827 regere
587 1771 652 1807 ac
708 1752 976 1806 dominari
1028 1752 1218 1818 debet,
1292 1753 1523 1824 imperio
1620 1753 1845 1821 rivatur,

143 1824 415 1880 iniustitia
456 1823 587 1880 oriri
635 1823 834 1880 solet(
891 1824 958 1880 P.
1009 1827 1130 1880 444.
1178 1824 1244 1880 Β.
1294 1857 1362 1864 -
1413 1825 1485 1879 D.
1628 1825 1849 1878 uocirca

144 1897 404 1965 virtus,
491 1905 557 1950 ut
641 1903 826 1968 patet,
905 1896 1214 1952 continetur
1290 1896 1526 1966 sanitate
1610 1894 1846 1967 quadam

140 1968 305 2022 animi
353 1979 411 2022 et
443 1966 813 2042 pulcritudine
851 1974 908 2021 et
943 1968 1088 2022 bono
1126 1967 1293 2022 animi
1331 1966 1561 2034 habitu3
1659 1968 1846 2022 ravi-

141 2048 251 2095 t'as
303 2059 436 2095 vero
485 2038 620 2093 nihil
658 2047 744 2094 est
778 2038 928 2093 aliud
965 2040 1070 2094 nisi
1107 2040 1352 2109 morbus,
1390 1989 1710 2114 turpitudo,
1746 2040 1845 2092 im-

145 2110 433 2166 becillitas.
530 2110 624 2165 Ad
687 2111 837 2165 illam
887 2111 1193 2165 studiorum
1243 2111 1506 2168 honestas
1558 2111 1846 2183 perducit3

142 2182 283 2238 hanc
340 2182 704 2259 cupiditatum
751 2182 1041 2255 turpitudo
1095 2183 1284 2237 efficit.
1375 2184 1468 2251 P.⁴
1497 2186 1622 2238 444.
1663 2183 1736 2238 D.
1775 2183 1843 2238 E.

264 2251 670 2325 ‚Quaerendum
715 2262 900 2309 autem
948 2256 1055 2309 iam
1093 2263 1292 2325 restat,
1330 2264 1565 2310 utrum
1602 2256 1845 2328 prosit

139 2326 385 2383 colere
432 2324 793 2393 iustitiam
828 2326 1187 2398 honestisque
1224 2328 1390 2383 rebus
1428 2347 1650 2400 operam
1689 2326 1840 2395 dare,

138 2398 256 2454 sive
306 2399 392 2452 vir
436 2397 613 2453 bonus
658 2398 834 2453 lateat
880 2398 995 2454 sive
1048 2419 1159 2454 non
1196 2397 1395 2464 lateat3
1435 2419 1516 2455 an
1563 2399 1842 2454 iniuste

140 2487 350 2544 agere
396 2479 454 2524 et
486 2470 749 2525 iniustum
787 2489 937 2540 esse,
978 2471 1021 2525 si
1063 2471 1188 2542 quis
1225 2473 1429 2544 possit>
1481 2490 1673 2526 oenam
1708 2471 1843 2525 effu-

180 2558 267 2596 ere
313 2558 417 2596 nec
461 2541 562 2596 fiat
614 2542 979 2616 castigatione
1017 2543 1235 2600 melion
1295 2544 1371 2597 Et
1467 2543 1684 2598 lauconi
1723 2543 1844 2614 qui-

139 2561 264 2669 dem
306 2611 443 2669 haec
492 2613 745 2685 quaestio
783 2614 944 2685 plane
981 2614 1195 2670 inutilis
1228 2614 1478 2685 videtur,
1530 2633 1699 2686 quum
1739 2623 1843 2668 ta-

140 2685 269 2740 lem
316 2704 438 2741 esse
483 2685 724 2741 iustitiae
770 2692 826 2740 et
872 2685 1174 2741 iniustitiae
1221 2694 1471 2743 naturam
1510 2686 1842 2757 apparuerit.

139 2756 252 2813 Sed
301 2756 559 2814 Socrates
601 2759 679 2811 rei
717 2757 1195 2831 investigationem
1234 2759 1550 2830 neutiquam
1585 2777 1844 2831 superva-

140 2840 363 2898 caneam
413 2830 529 2884 {ore
598 2829 908 2886 arbitratur.
993 2830 1189 2899 Itaque
1248 2830 1490 2915 quinque
1554 2829 1720 2883 distin
1782 2830 1846 2883 1it

140 2898 306 2959 animi
355 2900 580 2957 humani
621 2902 825 2957 formas
860 2921 925 2957 ac
961 2899 1188 2956 totidem
1228 2902 1496 2970 civitam,
1536 2921 1603 2956 ex
1643 2902 1735 2972 qui
1778 2919 1842 2956 us

142 2990 323 3043 unam,
349 2972 418 3028 de
457 2993 567 3045 qua
603 2971 785 3027 adhuc
822 2972 1163 3046 disputatum
1189 2981 1292 3043 est,
1332 2982 1555 3040 rectam,
1582 2980 1844 3044 quattuor

143 3042 380 3117 reliquas
413 3064 611 3119 pravas
649 3045 960 3100 arbitratur.
1037 3045 1100 3099 P.
1138 3048 1261 3100 445.
1301 3049 1373 3100 A.
1414 3079 1476 3087 -
1516 3045 1583 3100 1⁴2.

588 3289 653 3295 -η-
670 3280 1261 3306 —·---——-——-
1296 3292 1308 3296 -
1369 3291 1394 3297 --
