2106 3594
319 165 511 218 LXVI

316 308 594 362 nissimam
635 304 997 358 nanciscetur.
1076 302 1227 370 Quin
1258 306 1420 360 etiam
1455 307 1533 360 ita
1560 326 1838 379 speramus
1876 308 2019 362 futu-

315 399 432 432 r-um
466 397 608 446 esse,
650 384 711 435 ut
732 375 1342 448 planiusvintelligatun
1384 399 1546 448 quam
1585 387 1736 432 arcta
1773 379 2019 450 singulae

316 447 633 521 amplissimi
662 447 863 519 'operis
914 453 1102 517 partes}
1147 450 1552 503 necessitudine
1599 452 1744 504 inter
1791 469 1850 504 se
1889 469 2019 504 con·

314 523 593 575 tineantur
642 527 708 571 et
778 538 941 588 quam
1006 519 1404 575 veridissimilis
1467 541 1653 576 eorum
1704 521 2019 579 criticorum

314 592 588 646 sententia
636 591 740 658 sit,
796 590 905 660 qui
927 593 1379 661 nuper.‹primum
1432 601 1597 664 atque
1634 593 1903 647 decimum
1954 594 2020 646 li-

310 664 468 718 brum
511 665 776 732 tanquam
833 661 1072 715 membra
1115 662 1403 717 adsciticia
1443 665 1723 734 quaedam
1771 665 2019 718 arbitrati

312 743 442 789 sunt
505 754 629 789 cum
689 733 947 786 universo
998 752 1225 806 corpore
1287 736 1467 789 minus
1518 745 1644 808 apte
1710 736 2018 792 cohaerere.

311 807 416 861 Est
462 807 606 860 enim
655 811 930 859 structura
967 811 1022 858 et
1059 824 1351 878 compages
1390 807 1632 862 universi
1670 808 1850 878 operis
1889 812 2018 862 arti-

310 878 555 932 ficiosius
598 876 821 948 quidem
853 876 1134 945 instituta,
1190 879 1289 931 sed
1323 886 1506 933 tamen
1542 899 1608 932 eo
1645 879 2017 947 modoiacta,

310 958 376 1003 ut
424 948 720 1004 dummodo
780 962 1018 1001 mentem
1043 948 1289 1003 ,artificis
1340 951 1479 1004 bene
1533 957 1877 1022 perspectam
1899 951 2019 1005 *ha-

310 1023 462 1090 beas,
499 1021 659 1075 facile
684 1020 1191 1092 *intelligerelieeat
1227 1022 1409 1075 omnia
1445 1022 1606 1076 inter
1630 1042 1688 1077 se
1727 1023 2020 1076 convenire

311 1093 634 1164 planissime
683 1099 866 1161 atque·
896 1110 1107 1146 summo
1174 1093 1403 1147 consilio
1467 1094 1861 1148 convenienter
1924 1094 2018 1148 de-

310 1166 519 1236 scripta
568 1183 687 1218 esse
724 1172 888 1233 atque
938 1164 1259 1234 composita.
1311 1175 1313 1179 ’
1345 1165 1435 1218 De
1475 1184 1584 1235 qua
1620 1185 1680 1219 re
1731 1167 1812 1220 sic
1851 1185 2018 1238 expo-

309 1237 487 1291 suisse
524 1235 754 1305 iuvabit,
793 1242 855 1288 ut
890 1254 1101 1289 summa
1149 1243 1410 1307 tanquam
1446 1237 1627 1308 capita
1662 1237 1855 1292 leviter
1893 1255 2018 1308 per-

309 1309 675 1380 stringamus.'
707 1355 710 1357 .
745 1342 749 1346 Δ
2004 1363 2006 1365 ,

452 1379 690 1435 Orditur
722 1377 890 1451 igitur
928 1397 1139 1447 seer
1188 1379 1365 1432 *sicuti
1401 1398 1503 1450 par
1533 1379 1666 1449 fuit,
1708 1399 1739 1434 a
1765 1379 2016 1435 conside-

308 1451 479 1509 randa
518 1451 745 1519 iustitia,
785 1457 848 1502 ut
885 1450 1041 1504 cuius
1079 1449 1435 1504 fundamento
1459 1458 1571 1504 tam
1594 1451 1828 1511 hominis
1856 1473 2017 1523 quam

308 1523 549 1577 civitatis
594 1521 827 1575 moralis
851 1521 1115 1592 perfectio
1151 1521 1360 1576 nititur.
1436 1521 1716 1592 Cephalus
1755 1523 1812 1592 ³⁸)
1851 1524 2014 1593 enim,

308 1614 479 1648 senex
516 1593 745 1665 probus,
792 1592 1058 1654 honestus
1094 1599 1259 1662 atque
1305 1594 1462 1664 pius,
1501 1594 1772 1666 principio
1809 1594 2015 1678 dialogi

307 1686 430 1720 cum
469 1666 697 1722 Socrate
752 1663 820 1717 de
856 1663 1158 1719 senectutis
1205 1664 1504 1720 commodis
1553 1673 1611 1722 et
1657 1666 2016 1722 incommodis

306 1737 667 1792 confabulans
728 1744 990 1806 tanquam
1037 1755 1137 1808 per
1185 1736 1530 1791 occasionem
1580 1739 1700 1791 eam
1737 1737 1897 1792 affert
1932 1739 2015 1794 iu·

306 1809 488 1864 stitiae
510 1811 512 1813 ’
538 1808 989 1879 descriptionem,
1040 1826 1182 1877 quae
1230 1808 1376 1862 vitae
1414 1809 1719 1863 communis
1755 1810 2014 1880 probitati

305 1890 472 1951 atque
525 1879 832 1947 honestati,
885 1878 1064 1948 qualis
1109 1878 1276 1951 vulgo
1320 1879 1395 1946 ad
1448 1880 1667 1934 virtutis
1705 1880 1922 1935 laudem
1958 1890 2014 1936 et

307 1955 512 2007 bonam·
553 1951 834 2017 hominum
887 1951 1358 2004 existimatione-m-
1390 1951 1647 2005 tuendam
1695 1953 2011 2022 requireba-

304 2033 422 2094 tur,
469 2042 696 2096 prorsus
720 2021 988 2076 ¹videatur
1025 2030 1412 2077 consentanea.
1486 2021 1694 2077 Censet
1731 2024 1876 2078 enim
1912 2044 2012 2095 po-

306 2099 466 2151 sitam
502 2095 654 2148 illam
687 2094 744 2147 in
781 2113 846 2148 eo
885 2111 1026 2162 esse,
1063 2101 1125 2146 ut
1151 2101 1208 2147 et
1236 2093 1550 2149 hominibus
1587 2102 1644 2149 et
1679 2095 1785 2151 diis
1823 2095 2012 2162 debita

304 2167 421 2224 sine
462 2167 581 2220 :ulla
615 2165 834 2220 fraudis
877 2165 1049 2235 culpa
1094 2165 1509 2237 persolvantur,
1559 2166 1800 2238 indeque
1849 2168 2009 2223 etiam

302 2258 405 2313 pro
440 2238 638 2292 futuro
669 2244 827 2309 'post
869 2236 1012 2290 hanc
1059 2239 1229 2292 vitam
1284 2244 1528 2309 tempore
1581 2239 1661 2297 ait
1722 2239 2009 2293 maximam

304 2312 525 2367 manare
554 2309 738 2365 1animi
785 2308 1233 2363 consolationem.
1286 2307 1434 2364 ,Sed
1483 2329 1650 2380 quum
1688 2310 2009 2366 dialecticae

322 2626 325 2630 ‹
388 2600 436 2654 .*)
463 2598 665 2642 -Monere
705 2599 787 2640 hac
825 2596 1161 2651 opportunitate
1191 2595 1365 2646 licebit,
1409 2599 1550 2635 totum
1591 2596 1822 2636 exordium
1858 2596 2007 2648 operis

387 2668 389 2671 ’
475 2662 735 2710 argumento
775 2669 872 2698 esse
915 2655 1390 2703 convenientissimum.
1457 2652 1552 2694 Nee
1590 2652 1683 2693 ludi
1712 2655 1759 2693 in
1790 2653 2003 2694 honorem

472 2715 690 2757 Bendidis
721 2716 835 2767 deae,
859 2711 1050 2755 instituti
1082 2726 1108 2754 a
1126 2726 1174 2753 re
1193 2712 1328 2753 alieni
1347 2716 1463 2752 sunt.
1521 2710 1873 2763 Repraes'entant
1888 2711 2003 2751 enim

475 2774 540 2814 illi
571 2776 793 2827 tamquam
826 2771 1064 2826 imaginem
1097 2771 1319 2823 quandam
1349 2770 1467 2810 vitae
1494 2767 1714 2810 humanae
1736 2779 1813 2822 per
1844 2769 2001 2821 longo-

392 2834 396 2838 ’
476 2844 574 2872 rum
617 2843 669 2874 ac
705 2833 932 2873 variorum
956 2829 1248 2871 certaminum
1278 2839 1454 2869 cursum
1483 2826 1541 2867 ad
1571 2827 1739 2867 exitum
1768 2827 2002 2877 tendentis,

475 2901 616 2942 usque
635 2890 762 2939 ,dum
791 2885 1070 2943 post'varias
1107 2888 1310 2928 laborum
1351 2884 1652 2926 contentiones
1680 2886 1888 2938 praemiis
1920 2885 2001 2939 im-

440 2947 755 2997 ⁴¹mortalitatis
792 2950 1033 3002 potiatur„⁴
1075 2944 1208 2995 Quod
1239 2945 1384 2998 ,plane
1435 2943 1644 2983 convenit
1666 2955 1770 3001 ‘eum
1800 2941 2001 2984 sensibus

476 3002 770 3054 Graecorum,
811 3007 866 3048 de
905 3006 1065 3058 quibus
1103 2999 1327 3058 praeclare
1365 3000 1452 3041 Fr.
1482 2998 1693 3059 Jacobs
1723 2998 2001 3048 Vermisehte

363 3056 366 3065 ’
435 3063 437 3066 “
473 3060 658 3102 Schrift.
688 3060 791 3106 Vol.
826 3063 905 3106 111.
937 3077 980 3117 p.
1012 3061 1081 3106 25.
1144 3059 1298 3112 „Das
1330 3057 1671 3108 kr'aftvolle,
1711 3059 1998 3110 uneigen-

464 3117 735 3172 *niitzi'gffi
765 3118 1264 3173 ‘gottb‘efgiinstigte
1292 3116 1652 3168 Kampfspiel
1689 3129 1798 3157 war
1825 3116 1996 3156 ihnen

383 3188 385 3190 ’
464 3177 562 3217 ein
591 3176 792 3218 frohes
822 3173 1040 3220 Abbssd
1070 3176 1325 3221 vondem
1354 3174 1542 3216 Leben
1572 3186 1801 3225 grosser
1838 3174 1994 3214 Men-

442 3235 669 3285 ‚schem
699 3236 910 3277 welche
942 3237 1034 3277 die
1065 3234 1231 3286 lange
1270 3232 1421 3273 Bahn
1459 3231 1737 3273 schwerer
1771 3231 1994 3272 Pflich—

412 3328 413 3331 ,
469 3299 573 3347 ten
606 3292 1084 3348 durchkampfen,
1131 3304 1224 3352 ,um
1257 3290 1378 3332 sich
1441 3302 1508 3331 an
1571 3289 1689 3330 dem
1748 3289 1992 3342 hochge-

336 3387 373 3407 ,v
468 3343 735 3403 st'ec'kten
799 3353 918 3393 Ziel
987 3350 1291 3401 kii'nftiger
1357 3347 1865 3389 Unsterblichkeit
1930 3359 1990 3387 zn

387 3409 390 3412 ’
461 3406 739 3453 ‘erfreuen
898 3404 901 3410 ’
1000 3410 1004 3413 ⁴
1187 3410 1211 3428 '·
1569 3436 1571 3439 .

2096 2240 2101 2270 ἒ
