2098 3658
257 155 314 204 12

248 294 356 345 tiae
394 294 618 346 notione
657 290 995 361 disputatum
1033 299 1116 346 est
1152 300 1207 344 et
1246 291 1376 344 nihil
1409 300 1590 343 tamen
1618 293 1945 359 confectum,

247 363 589 416 labefactatis
622 362 965 416 Polemarchi
996 361 1406 416 definitionibus
1432 362 1698 430 omnibus,
1724 372 1944 432 repente

250 432 689 501 Thrasymachus
717 431 1141 503 Chalcedonius,
1172 433 1358 486 rhetor
1387 432 1741 503 sophisticuS,
1784 433 1946 486 homo

248 504 541 558 vehemens
580 523 656 556 ac·
679 505 1045 574 turbulentus,
1064 512 1274 558 tantum
1303 523 1410 556 non
1449 505 1506 556 in
1547 503 1784 557 medium
1820 524 1948 575 pro-

248 575 361 629 silit
380 616 397 643 ,
438 576 785 646 graviterque
835 575 893 628 in
934 575 1214 630 Socratem
1264 575 1545 628 invehitur
1564 616 1580 642 .,
1614 574 1770 645 ‘quod
1815 575 1950 627 nihil

250 647 354 700 nisi
395 646 621 700 subtiles
660 665 836 717 nugas
873 654 1003 719 agat
1038 647 1374 716 aliorumque
1410 646 1616 699 iudicia
1652 645 1847 700 callide
1886 666 1951 700 ac

250 716 443 771 dolose
483 725 780 788 pervertat.
855 717 912 772 Is
949 737 1079 772 vero
1131 718 1263 788 quid
1302 718 1407 771 sibi
1445 717 1512 770 de
1550 718 1764 771 iustitia
1797 717 1950 771 vide-

250 797 375 842 atur
423 789 594 843 libere
642 796 698 841 et
745 797 931 860 aperte
982 789 1161 843 dicere
1225 789 1464 843 instituit
1512 789 1740 860 explosa
1789 790 1949 842 etiam

251 859 501 915 Socratis
549 861 722 913 ironia
773 868 828 913 et
874 861 1040 915 modo
1080 860 1405 931 disputandi·
1438 868 1759 932 arroganter
1793 879 1950 932 prae-

250 932 474 1003 scriptO.
550 930 660 984 Cui
697 930 953 986 Socrates
1003 933 1257 986 simulata
1302 950 1451 985 more
1500 950 1600 985 suo
1638 932 1946 999 inscientia,

248 1002 542 1056 admodum
575 1003 807 1057 ironice:
880 1005 962 1057 At
997 1022 1107 1074 quo
1143 1003 1365 1056 tandem
1399 1002 1592 1071 mod0‚
1635 1003 1832 1072 inquit,
1857 1003 1954 1056 ali·-

251 1075 372 1144 quis
428 1075 759 1145 respondere
812 1075 927 1128 tibi
987 1075 1223 1146 poterit,
1285 1075 1381 1145 qui
1432 1073 1713 1128 scientiam
1773 1094 1952 1144 neque

248 1145 450 1200 habeat
481 1165 658 1215 neque
696 1146 1051 1216 profiteatur,
1089 1148 1413 1218 praesertim
1461 1164 1493 1197 a
1540 1146 1639 1197 tali
1686 1153 1950 1214 tantoque

249 1218 366 1272 viro
401 1217 729 1289 prohibitus⁷
751 1219 1041 1287 quominus
1079 1237 1162 1286 ea,
1188 1237 1327 1287 quae
1364 1217 1482 1286 ipse
1519 1218 1739 1285 sentiat,
1766 1226 1951 1287 aperte

249 1288 650 1361 proloquatur?
724 1289 922 1358 Itaque
972 1299 1026 1342 te
1083 1290 1272 1359 potius
1322 1287 1504 1341 dicere
1556 1307 1790 1357 aequum
1845 1297 1950 1356 est,

252 1360 386 1429 quid
419 1359 487 1413 de
516 1379 574 1412 re
597 1368 954 1413 controversa
989 1360 1287 1414 existimes.
1361 1359 1449 1412 Tu
1484 1359 1626 1412 enim
1654 1360 1795 1412 scire
1823 1379 1951 1431 pro-

249 1432 424 1485 fiteris
476 1438 643 1501 atque
706 1430 927 1484 dicendi
981 1432 1242 1485 facultate
1301 1431 1493 1500 polles.
1581 1429 1950 1498 Quamobrem

251 1502 384 1556 mihi
423 1501 719 1571 aliquando
755 1522 959 1555 morem
997 1522 1126 1575 gere
1162 1521 1301 1555 neve
1337 1499 1679 1555 Glauconem
1715 1514 1955 1555 ceteros-

252 1593 378 1644 que,
416 1574 512 1643 qui
554 1572 639 1626 hic
676 1582 994 1643 praesentes
1033 1573 1266 1642 adsunt,
1318 1580 1470 1625 recta
1518 1572 1750 1626 edocere
1798 1573 1952 1626 dedi-

251 1645 454 1718 gneris.
530 1643 774 1699 Socratis
809 1664 939 1698 vero
975 1645 1231 1716 precibus
1271 1642 1678 1698 etiamGlauco
1707 1652 1762 1698 et
1786 1646 1953 1698 ceteri

249 1717 513 1771 continuo
552 1734 680 1769 suas
718 1716 1042 1787 adiungunt.
1119 1715 1394 1784 Quocirca
1423 1716 1514 1767 ille
1553 1717 1712 1785 quasi
1749 1717 1956 1771 invitus

250 1807 319 1842 ac
355 1787 675 1858 disputandi
712 1787 1015 1858 cupiditate
1053 1789 1192 1843 male
1227 1788 1403 1840 celata
1437 1786 1659 1840 tandem
1693 1787 1763 1840 ad
1795 1807 1954 1841 oran-

253 1859 384 1912 dum
434 1858 769 1930 aggreditur.
818 1860 882 1912 P.
934 1860 1366 1913 336.-A—338.
1421 1860 1486 1927 A.
1536 1889 1606 1898 —
1653 1857 1959 1912 Contendit

252 1948 383 1985 vero
418 1930 623 1983 iustum
647 1930 784 1983 nihil
811 1930 961 1983 aliud
983 1950 1123 1997 esse,
1141 1946 1302 2001 quam
1329 1949 1415 1999 qu
1432 1950 1463 1983 o
1483 1929 1518 1982 d
1557 1931 1955 2001 potentiori

252 2003 358 2056 sit
396 2002 594 2055 utile.
672 2001 892 2073 Quippe
924 2002 1298 2072 ‘proficiscitur
1344 2001 1506 2054 homo
1546 2021 1578 2054 a
1614 2002 1954 2056 nobilissimo

252 2073 622 2144 sophistarum
642 2073 876 2144 placit0‚
917 2092 1026 2142 quo
1046 2072 1480 2144 'distinguebant
1514 2073 1659 2126 inter
1691 2072 1768 2142 id,
1805 2073 1956 2143 quod

254 2143 557 2199 secundum
602 2152 853 2197 naturam
902 2145 1106 2199 iustum
1155 2152 1329 2212 esset,
1381 2153 1546 2214 atque
1595 2145 1732 2198 illud
1752 2183 1767 2214 ‚
1808 2143 1957 2214 quod

254 2215 556 2270 secundum
592 2216 753 2288 leges
784 2223 840 2269 et
874 2216 1129 2270 instituta
1174 2216 1452 2269 hominum
1489 2218 1692 2269 iustum
1730 2217 1960 2270 habere-

255 2295 361 2341 tur.
436 2287 524 2340 De
574 2306 684 2357 quo
732 2287 936 2359 placito
986 2287 1234 2358 disputat
1272 2285 1525 2341 Callicles
1562 2289 1618 2340 in
1656 2285 1868 2360 Gorgia
1902 2308 1957 2358 p.

255 2361 385 2414 483.
425 2357 488 2412 C.
526 2377 649 2428 sqq.
689 2367 744 2412 et
779 2359 1136 2413 Atheniensis
1170 2359 1227 2411 in
1251 2359 1607 2430 Legg.Libr.
1647 2359 1722 2411 X.
1758 2375 1812 2431 p.
1837 2361 1958 2413 889.

256 2433 328 2484 A.
367 2449 488 2501 sqq.
529 2430 657 2486 coll.
689 2430 914 2483 Theaet.
955 2453 1008 2504 p.
1061 2433 1177 2493 172.
1216 2431 1283 2483 Β.
1321 2431 1489 2483 Prota
1532 2471 1544 2482 .
1582 2451 1636 2501 p.
1677 2433 1800 2485 323.
1836 2449 1957 2500 sqq.

258 2504 383 2558 329.
422 2502 498 2555 Ι).
538 2519 659 2571 sqq.
703 2505 822 2558 337.
864 2502 938 2555 Ι).
1013 2502 1288 2556 Nimirum
1336 2501 1441 2555 hoc
1479 2450 1791 2556 ‹ffiscrimine
1829 2522 1962 2556 con·-

257 2575 454 2627 stituto
499 2574 704 2627 iustum
751 2574 830 2627 illi
876 2574 1133 2627 volebant
1181 2590 1292 2626 non
1325 2581 1562 2638 natura-,2
1586 2573 1684 2628 sed
1723 2582 1959 2626 tantum-

260 2644 426 2709 modo
479 2646 600 2716 lege
653 2653 709 2698 et
756 2646 1011 2717 opinione
1060 2645 1196 2698 niti.
1261 2645 1410 2716 Hinc
1468 2646 1636 2716 igitur
1682 2646 1959 2715 profectus

259 2716 702 2789 Thrasymachus
741 2737 893 2771 suam
931 2716 997 2770 de
1033 2717 1245 2770 iustitia
1271 2718 1597 2771 sententiam
1632 2716 1960 2770 informavit.

260 2787 441 2855 Quam
509 2788 729 2858 quidem
784 2789 1043 2859 deinceps
1107 2788 1270 2842 etiam
1325 2788 1636 2842 accuratius
1699 2787 1958 2855 declarat,

260 2877 381 2911 eam
418 2858 488 2911 ad
525 2860 765 2913 civilium
813 2880 993 2914 rerum
1028 2861 1270 2913 referens
1305 2861 1564 2914 rationes.
1640 2858 1959 2925 Civitatum‚

263 2930 461 2999 inquit,
500 2931 637 2984 aliae
678 2951 710 2984 a
747 2933 1028 3004 tyrannis,
1067 2931 1205 2984 aliae
1243 2950 1274 2983 a
1309 2931 1543 3002 populo,
1582 2931 1719 2984 aliae
1757 2930 1824 2983 ab
1862 2950 1959 3000 op-

260 3001 539 3055 timatibus
575 3010 856 3074 reguntur.
932 3002 1046 3058 Sed
1083 3003 1396 3072 quicunque
1434 3002 1650 3055 demum
1686 3002 1960 3072 principa-

266 3080 383 3125 tum
418 3079 628 3139 tenent.,
655 3073 696 3126 ii
732 3083 877 3128 certe
914 3093 1128 3145 semper
1162 3074 1219 3126 in
1256 3073 1402 3131 iusto
1442 3072 1825 3127 constituendo
1865 3093 1963 3127 sua

263 3143 550 3197 commoda
611 3162 850 3215 suasque
911 3146 1176 3199 utilitates
1237 3151 1506 3215 spectant.
1574 3143 1961 3211 2Quamobrem

263 3215 501 3285 populus
548 3214 655 3268 fert
710 3217 861 3288 leges
922 3216 1247 3288 populares,
1310 3223 1576 3287 tyrannus
1629 3217 1962 3288 tyrannicas,

264 3285 357 3338 alii
405 3287 556 3339 alias.
643 3286 852 3342 Omnes
875 3311 877 3313 >
901 3295 1082 3342 autem
1130 3294 1380 3342 statuunt
1430 3286 1488 3339 id
1533 3288 1712 3357 ipsum
1762 3287 1963 3342 iustum

263 3375 450 3426 esse.,·v
478 3358 626 3428 quod
685 3358 902 3429 publice
963 3359 1036 3413 sit
1092 3359 1360 3414 sancitum
1418 3359 1629 3429 sibique
1693 3358 1962 3430 expediat.

267 3427 636 3496 Quamobrem
690 3430 848 3484 etiam
902 3431 994 3499 qui
1047 3429 1182 3485 illud
1246 3431 1478 3503 migrant
1525 3439 1689 3500 atque
1739 3431 1964 3498 violant,
