2098 3658
316 166 421 218 ⁴290
945 164 1432 220 PLATONIS

312 307 453 363 ὅταν
495 315 593 378 μέν
642 332 723 375 τις
765 313 1002 388 μουσικῇ
1047 312 1255 389 παρέχῃ
1286 318 1582 369 καταυλεῖν
1626 319 1716 371 καὶ
1763 330 2022 389 καταχεῖ-ν

311 395 412 459 τῆς
471 397 657 468 ψυχῆς
713 392 804 450 δια
863 397 974 449 τῶν
1028 395 1210 462 ὤτων,
1281 395 1456 468 ὥςπερ
1521 396 1614 453 διὰ
1681 399 1888 471 χώνης,
1954 400 2024 466 ἃς

313 478 417 531 νῦν
460 475 528 544 δὴ
574 476 732 548 ἡμεῖς
775 483 1029 550 ἐλέγομεν
1085 479 1188 544 τὰς
1229 485 1482 550 γλυκείας
1535 504 1594 537 τε
1637 487 1728 538 καὶ
1766 486 2023 555 μαλακάς

315 562 408 614 καὶ
453 561 768 633 θρηνώδεις
809 560 1107 637 ἁρμονίας,
1157 567 1248 618 καὶ
1292 568 1590 636 μινυρίζων
1633 588 1691 622 τε
1727 572 1819 623 καὶ
1862 593 2023 638 γεγα-

315 652 572 716 νωμένος
599 645 708 703 ὑπὸ
756 650 852 713 τῆς
894 645 1039 716 ᾠδῆς
1085 652 1305 725 διατελῇ
1357 647 1456 704 τὸν
1498 654 1625 720 βίον
1659 650 1813 715 ὅλον,
1858 648 2024 719 οὗτος

322 725 384 782 τὸ
428 733 531 801 μέν
576 734 826 802 πρῶτον,
886 731 936 787 εἴ
975 753 1028 786 τι
1073 736 1372 803 θυμοειδὲς
1415 733 1579 805 εἶχεν,
1635 733 1812 808 ὥςπερ
1872 742 2024 805 σίδη-

317 834 421 884 ρον
463 814 697 886 ἐμάλαξε
754 819 846 871 καὶ
899 814 1174 887 χρήσιμον
1216 817 1272 884 ἐξ
1313 817 1597 889 ἀχρήστου
1644 823 1735 874 καὶ
1782 825 2020 894 σκληροῦ

310 902 591 965 ἐποίησεν·
649 898 791 955 ὅταν
845 899 897 955 δ
962 905 1164 972 ἐπέχων
1221 898 1297 971 μὴ
1359 901 1496 979 ἀνῇ,
1560 902 1705 958 ἀλλὰ
1753 909 1913 981 κηλῆ,
1961 905 2026 961 τὸ

311 980 449 1054 μετὰ
495 987 665 1040 τοῦτο
704 981 816 1053 ἠδη
860 982 1012 1053 τήκει
1057 988 1149 1040 καὶ
1193 988 1383 1057 λείβει,
1429 993 1527 1052 ἕως
1568 985 1641 1043 ὀὲν
1684 989 1877 1068 ὲκτηξη
1924 988 2023 1047 τὸν

429 1207 537 1260 cap.
567 1206 738 1249 XVIII.
797 1206 849 1247 P.
878 1206 978 1250 411
1039 1208 1125 1247 καὶ
1161 1213 1416 1260 καταχεῖν
1446 1210 1543 1262 τῆς
1574 1209 1788 1262 ψυχῆς]
1831 1214 2024 1262 κατηχεῖν

319 1263 412 1305 Vnt.
460 1220 522 1306 Θρ
552 1265 674 1309 vind.
720 1263 815 1308 vat.
859 1277 892 1307 r.
953 1263 1042 1305 Sed
1085 1266 1330 1317 proximum
1373 1262 1442 1306 δία
1481 1263 1622 1319 χώνης
1660 1269 1878 1318 vulgatum
1917 1269 2024 1308 satis

312 1327 477 1364 tuetur.
546 1323 704 1365 Paullo
743 1327 843 1362 ante
883 1321 1309 1364 Schleiermacherus
1357 1324 1439 1375 legi
1494 1325 1661 1365 mavult
1709 1320 1824 1377 δειλὴ
1881 1321 1909 1379 ἢ
1954 1326 2022 1366 καὶ

314 1378 536 1435 ἄγροικος
608 1381 713 1421 Mox
752 1379 836 1419 νῦν
875 1377 930 1432 δή
970 1392 1048 1432 pro
1094 1375 1147 1432 δή
1187 1381 1270 1420 νῦν
1319 1381 1446 1424 codd.
1494 1382 1664 1435 plurimi
1716 1383 2022 1435 praebuerunt,

318 1440 418 1483 Par.
453 1441 510 1480 A.
541 1438 653 1480 Ven-
689 1436 797 1481 ΞΙΙ.
829 1437 951 1477 Mon.
996 1442 1103 1489 Aug.
1137 1438 1239 1478 Vnt.
1272 1451 1327 1482 m.
1358 1438 1477 1481 Flor.
1510 1453 1549 1480 a.
1582 1452 1619 1480 c.
1650 1452 1691 1483 x.
1726 1454 1766 1482 α.
1795 1455 1834 1493 y.

436 1497 484 1537 Β.
546 1492 672 1536 ὅταν
713 1490 754 1535 δ’
793 1492 996 1546 ἐπέχων
1034 1491 1099 1549 μή
1131 1489 1259 1550 ανῆ]
1301 1496 1377 1537 Sic
1411 1497 1504 1538 Vat.
1541 1494 1590 1539 Θ.
1624 1497 1722 1538 Par.
1756 1498 1858 1539 DK.
1890 1496 2020 1539 Vind.

314 1554 420 1597 Vat.
450 1566 484 1598 r.
519 1553 637 1595 Flor.
668 1567 708 1593 α.
739 1565 779 1596 n.
813 1558 858 1594 et
888 1565 943 1593 ex
973 1564 1088 1595 corr.
1125 1552 1230 1595 Ven.
1259 1553 1309 1595 ΙΙ.
1338 1565 1420 1608 pro
1445 1556 1561 1608 vulg.
1593 1569 1705 1608 ανιῃ,
1736 1555 1852 1607 quod
1886 1557 2018 1597 etiam

313 1612 454 1653 Bekk.
490 1612 686 1658 mutavit.
747 1611 836 1665 Pro
878 1607 1040 1661 ἐπέχων
1078 1610 1398 1664 Morgenstern.
1438 1613 1652 1665 Symboll.
1694 1613 1809 1654 eritt.
1851 1613 2021 1667 p.X11.

314 1670 501 1711 coniecit
530 1667 724 1722 ἐπιχέων.
784 1667 919 1712 Quod
958 1673 1101 1711 tamen
1138 1682 1294 1710 vereor
1340 1675 1387 1711 ut
1416 1671 1634 1723 vulgatam
1666 1671 1896 1713 lectionem
1929 1672 2021 1713 ele-

314 1728 461 1780 gantia
494 1728 700 1796 κομι-ει,
745 1725 919 1767 Etenim
951 1723 1114 1778 ἐπέχων
1143 1727 1469 1776 convenientius
1501 1728 1661 1769 dictum
1690 1728 1862 1770 videtur
1890 1741 2021 1782 supe·

317 1786 517 1831 rioribus·
535 1786 641 1828 illis:
674 1781 779 1825 ὅταν
801 1786 1068 1837 τιςμουσικῇ
1098 1783 1296 1837 παρέχῃ
1329 1787 1564 1833 καταυλεῖν.
1624 1786 1822 1828 Ficinus:
1853 1798 2021 1839 quan-

324 1843 388 1885 do
421 1849 601 1885 autem
633 1842 894 1892 incumbit
922 1842 1146 1884 diutius.

437 1899 604 1953 φύσει
642 1900 862 1950 ἄθυμον
901 1897 1066 1953 λάβῃ]
1118 1901 1204 1941 Pro
1248 1901 1358 1952 vulg
1404 1898 1543 1952 φύσιν
1584 1900 1684 1942 Par.
1723 1902 1781 1942 A.
1826 1887 1921 1942 val.
1970 1898 2018 1943 Θ.

324 1960 428 2001 Ven.
465 1960 517 2001 ll.
555 1965 664 2012 Aug
703 1957 1467 2002 Am1›r.vat.m.r.vind.F10r
1502 1972 1541 2002 a.
1575 1972 1612 1999 c.
1645 1971 1683 1998 n.
1715 1973 1755 2000 x.
1791 1972 1831 2002 α.
1864 1972 1903 2011 γ.
1935 1956 2019 2010 φύ-

320 2030 399 2064 σει,
430 2016 547 2070 quod
580 2019 708 2058 etiam
747 2015 925 2057 Ficinus
962 2017 1092 2067 legit,
1130 2024 1329 2056 vtertens
1387 2020 1453 2056 Ac
1485 2017 1526 2057 si
1560 2030 1582 2057 a
1616 2017 1916 2070 principio
1933 2015 2019 2058 Ιιο-

315 2076 503 2117 minem
536 2081 700 2116 nacta
732 2075 804 2114 sit
836 2079 1033 2114 natura
1065 2075 1181 2114 siue
1213 2074 1440 2125 robore,
1483 2075 1597 2115 cito
1637 2075 1739 2115 hoc
1772 2073 2018 2127 perficit.

314 2135 381 2174 At
412 2144 519 2174 vero
550 2133 813 2182 subiectum,
854 2130 970 2201 quod
1011 2136 1184 2179 vocant
1233 2143 1317 2171 ιιοιι
1359 2145 1457 2172 esse
1498 2145 1627 2202 posse
1638 2128 1868 2202 μουσική,
1910 2134 2019 2174 satis

315 2190 478 2231 docent
517 2191 712 2243 proxima
752 2190 885 2230 verba
929 2184 1101 2242 ἀσθενῆ
1138 2184 1341 2242 ποιήσας
1376 2204 1408 2229 τ.
1441 2189 1490 2233 θ.
1525 2185 1589 2240 ὅξ.
1622 2184 1933 2243 ἀπειργάσατο,
1975 2197 2020 2233 et

313 2249 410 2301 ipsu
441 2249 680 2290 sententiae
715 2247 826 2287 ratio
859 2247 1001 2289 docet.
1062 2247 1138 2288 Sin
1172 2260 1274 2288 vero
1309 2257 1371 2287 ue
1400 2248 1640 2289 subiectum
1675 2253 1835 2297 manet,
1868 2249 2019 2289 absur-

315 2306 416 2347 dum
450 2305 579 2347 suerit
609 2305 662 2347 ad
692 2300 874 2355 ἄθυμον
900 2305 1140 2358 intelligere
1172 2301 1334 2355 θυμόν,
1369 2305 1486 2358 quod
1518 2310 1640 2348 certe
1671 2304 1754 2346 hoc
1785 2307 1882 2347 loco
1904 2306 2018 2348 fei-ri

1207 2444 1421 2499 adspectu
1476 2458 1572 2488 cum
1626 2447 1826 2499 proximo
1885 2448 2017 2489 verbo

1211 2509 1404 2556 καταχεῖν
1435 2504 1591 2545 melius
1630 2504 1828 2547 videatur
1857 2518 2011 2547 conve-

1206 2563 1311 2606 nire
1387 2561 1600 2604 Nimirum
1668 2564 1889 2604 καταυλεῖν
1948 2568 2017 2604 est

1205 2620 1382 2674 proprie
1431 2620 1696 2662 tibiarum
1747 2633 1885 2663 sono
1935 2634 2016 2663 re-

1206 2679 1364 2731 plere
1396 2683 1448 2719 et
1487 2677 1854 2732 perfundere.
1897 2678 2014 2720 Get-

374 2446 682 2500 Cap.XV.1n
743 2447 795 2490 P.
839 2446 938 2490 411.
969 2460 1119 2497 ·-μου

316 2505 439 2558 σικῇ
471 2504 672 2561 παρέχῃ
706 2504 1030 2558 καταυλεῖν]
1075 2506 1120 2546 si

313 2563 436 2616 quis
485 2577 541 2605 se
593 2565 830 2605 musicae
889 2563 986 2605 dat
1032 2562 1118 2604 de-

313 2621 666 2663 mulcendum
730 2625 779 2662 et
836 2623 1118 2663 animum

315 2691 467 2721 snum
530 2679 899 2721 concentibus
965 2678 1118 2730 istis,

315 2749 455 2789 quos
493 2736 659 2789 modo
692 2737 959 2787 diximus,
1003 2747 1118 2777 sua-

317 2807 435 2845 ves,
478 2796 694 2846 mones,
735 2794 984 2844 flebiles,
1024 2807 1119 2846 per

315 2865 482 2894 aures
553 2858 813 2906 tanquam
880 2865 974 2905 per
1040 2852 1117 2893 in-

315 2909 601 2952 fundibula
673 2908 1113 2963 perfundendum

315 2969 561 3019 praebet.
642 2968 708 3009 Ad
765 2966 924 3021 παρέχῃ
972 2967 1113 3019 possis

311 3023 469 3065 ἑαυτόν
498 3027 750 3079 intelligere,
780 3038 862 3066 usu
898 3025 1004 3066 satis
1036 3026 1115 3065 tri-

313 3087 380 3130 to,
418 3082 472 3123 de
515 3096 600 3136 quo
644 3083 830 3125 diximus
879 3082 933 3124 ad
973 3082 1110 3132 Gorg.

312 3151 353 3190 p.
385 3139 486 3183 475.
526 3140 576 3184 E.
619 3140 792 3182 Charm.
836 3155 877 3194 p.
918 3139 1015 3184 176.
1059 3139 1112 3180 Β.

310 3198 413 3237 item
452 3197 506 3237 ad
556 3199 784 3251 Protagor.
831 3212 882 3252 p„
913 3197 1012 3242 340.
1054 3198 1112 3239 A.

309 3253 399 3295 Pro
422 3256 642 3296 καταυλεῖν
671 3255 786 3308 quod
822 3254 1112 3298 Heusdius

308 3310 497 3364 Specim.
530 3314 626 3352 crit.
664 3326 706 3364 p.
739 3314 837 3357 127.
882 3311 1110 3367 legendum

305 3369 489 3410 coniecit
521 3371 772 3419 καταντλεῖν,
802 3371 843 3412 id
875 3375 995 3412 certe
1026 3381 1110 3411 ιιοιι

306 3433 373 3472 est
405 3429 721 3481 necessarium,
764 3430 932 3473 etiamsi
971 3429 1109 3484 primo

1205 2736 1372 2777 manice
1410 2736 1554 2776 dicas.
1589 2735 1861 2777 beslt'iten.
1921 2729 2014 2777 Un-

1204 2792 1260 2835 de
1299 2798 1480 2847 apparet
1520 2805 1643 2846 qnam
1684 2799 1786 2846 apte
1826 2792 2014 2834 addatur

1202 2850 1320 2892 istud
1355 2855 1561 2902 καταχεῖν.
1610 2849 1816 2891 Ceterum
1843 2852 2012 2892 mireris

1205 2909 1425 2950 Astium
1482 2913 1582 2962 post
1619 2905 1819 2961 ἐλέγομεν
1857 2908 2011 2948 distin-

1200 2970 1429 3019 guentem,
1489 2967 1586 3035 quia
1649 2966 1889 3006 accusativi
1938 2963 2013 3006 τὰς

1202 3017 1686 3077 γλυκειας-ἆρμονὰις
1717 3036 1740 3064 e
1766 3024 1901 3064 verbo
1935 3038 2008 3064 κα-

1201 3086 1338 3132 ταχεῖν
1357 3081 1586 3134 pendeant.
1637 3080 1710 3121 Ad
1745 3081 2009 3123 sententiam

1199 3137 1712 3189 compares'rhemist.
1730 3139 1853 3182 Orat.
1866 3138 2008 3181 XXll.

1199 3210 1240 3249 p.
1259 3196 1357 3240 265.
1378 3196 1438 3236 Β.
1473 3210 1514 3236 οι
1511 3194 1583 3236 ’δὲ
1602 3193 1760 3252 ᾇδουσι
1781 3197 1849 3237 καὶ
1875 3207 2008 3249 προς·
2095 3232 2098 3237 ,

1200 3251 1356 3308 ᾇδουσι
1395 3240 1612 3307 γλυκεῖάν
1641 3269 1684 3295 τε
1715 3255 1786 3295 καὶ
1813 3251 2009 3307 μαλακὴν

1198 3310 1472 3366 καταχέοντες
1490 3308 1611 3362 ὑμῶν
1606 3308 1854 3423 Ροἱρμονιάν.
1880 3313 1942 3352 Pl
1958 3324 2008 3352 u·
2088 3312 2091 3320 '

1197 3368 1367 3412 tarch.
1410 3369 1462 3414 Τ.
1503 3371 1562 3412 11.
1680 3370 1777 3415 713.
1809 3372 1874 3411 A.

1916 3384 2010 3411 ειτα
2085 3371 2092 3393 ·¹

1194 3422 1419 3482 ἀπελίγανε
1451 3429 1520 3470 καὶ
1550 3427 1752 3484 διεξῆλθε
1773 3442 1857 3470 των
1878 3424 2004 3469 ὤτων
2085 3428 2090 3452 ¹
