2106 3594
287 154 467 210 XXII

293 295 368 349 ad
415 302 622 349 ceteras
682 292 863 364 operis
922 291 1162 346 rationes
1217 292 1580 347 aestimandas
1634 289 1981 346 iudicandas-

298 386 403 438 que
440 373 534 419 aut
569 364 878 418 necessaria
913 370 1009 416 aut
1045 368 1201 417 certe
1243 384 1359 418 non⁴
1379 364 1602 417 inutilia
1637 364 1820 416 sutura
1855 363 1980 418 sint.

436 464 629 533 Itaque
661 463 893 534 primum
927 462 1145 533 quidem
1186 483 1381 536 operae
1409 464 1641 534 pretium
1670 463 1776 515 erit
1802 462 1981 516 consi-

294 555 413 589 rare
451 533 792 605 diligentius,
847 553 954 603 quo
991 534 1152 588 modo
1190 536 1349 589 Plato
1387 534 1802 604 pulcherrimam
1839 533 1982 586 hanc

294 605 973 678 perfectae-,humanitatis
1035 607 1268 678 speciem
1330 604 1719 658 informaverit.
1817 603 1980 672 Quod

293 678 551 731 faciemus
587 676 682 745 ita,
721 684 784 729 ut
822 678 983 731 missa
1017 678 1269 749 perpetui
1309 677 1570 731 sermonis
1621 677 1982 743 enarratione,

295 749 448 802 cuius
509 750 772 801 summam
845 749 1073 820 quilibet
1129 749 1287 803 facile
1356 747 1599 820 legendis
1651 746 1986 819 singulorum

295 819 553 873 librorum
579 821 924 891 argumentis
950 819 1196 873 contueri
1222 828 1402 890 queat,
1442 839 1524 887 ea,
1565 837 1702 888 quae
1727 818 1795 870 ad
1821 838 1984 870 unam

297 891 635 959 eandemque
674 898 885 961 partem
921 891 1235 964 principalis
1276 890 1613 961 quaestionis
1652 885 1982 959 pertineant,

298 972 684 1033 componamus
724 969 778 1014 et
815 962 872 1015 in
910 983 1076 1016 unum
1112 963 1446 1034 colligamus.
1521 962 1722 1030 ltaque
1751 961 1985 1032 primum

298 1033 636 1106 singulorum
682 1033 960 1088 hominum
1008 1042 1421 1104 οὶκειοπραγίαν
1469 1034 1727 1100 vjmmqv,
1755 1039 1828 1085 ut
1865 1050 1987 1085 cum

297 1106 433 1177 ipso*
456 1104 688 1158 Platone
726 1105 1038 1175 loquamur,
1078 1104 1148 1158 ad
1182 1111 1415 1158 mentem
1450 1103 1764 1176 philosophi
1801 1093 1988 1156 aduni-

297 1176 613 1247 Brabimus3⁴
643 1176 839 1230 deinde
877 1178 1113 1248 optimae
1151 1177 1387 1230 civitatis
1416 1176 1642 1228 formam
1664 1183 1828 1246 atque
1862 1194 1984 1247 spe-

297 1246 435 1301 ciem
485 1246 872 1302 describemus.
948 1247 1073 1315 Quo
1124 1249 1268 1302 facto
1314 1267 1422 1301 non
1458 1247 1631 1301 solum
1669 1245 1736 1299 de
1784 1247 1984 1299 utrius*

301 1330 406 1389 que
466 1320 771 1390 argumenti
829 1319 1236 1373 necessitudine
1299 1327 1354 1372 et
1415 1318 1826 1385 coniunctione,
1894 1317 1990 1371 sed

295 1389 456 1443 etiam
504 1389 572 1442 de
619 1391 858 1444 universi
910 1391 1090 1462 operis
1148 1390 1539 1463 descriptione,
1598 1389 1880 1462 proposito
1928 1396 1992 1442 ‘et

300 1461 531 1534 consilio
569 1462 771 1514 rectius
810 1462 1040 1515 iudicari
1077 1463 1316 1533 poterit.v
1460 1481 1463 1484 ·
1624 1483 1626 1485 ¹
1659 1463 1661 1466 ’
1896 1477 1899 1485 ²

439 1574 840 1643 Quaerentibus
877 1576 1048 1646 igitur
1084 1575 1271 1640 nobis,
1326 1573 1584 1642 quidnam
1631 1573 1866 1629 tandem*
1899 1575 1989 1640 sit,

335 1646 451 1700 uod
499 1645 860 1717 philosophus
910 1646 977 1700 de
1017 1647 1206 1718 optimi
1246 1645 1478 1698 hominis
1516 1645 1586 1697 ad
1621 1645 1877 1699 virtutem
1911 1645 1993 1696 in-

298 1668 431 1772 iiole.
475 1727 530 1771 et
577 1726 770 1770 natura
806 1719 1146 1788 exposuerit,
1196 1717 1384 1788 paucis
1419 1716 1750 1786 respondere
1786 1716 1991 1783 licebit,

297 1789 435 1843 illud
469 1789 698 1843 maxime
738 1789 804 1842 ab
846 1808 910 1842 eo
939 1789 1318 1854 demonstrari,
1359 1806 1543 1840 omnes
1581 1787 1744 1840 animi
1772 1786 1990 1839 humani

298 1867 480 1932 partes
529 1878 629 1931 pr'o
679 1879 778 1914 sua
831 1879 1103 1929 quamque
1155 1860 1421 1931 dignitate
1458 1859 1602 1912 iusta
1637 1859 1990 1930 proportione

299 1931 543 1986 excultas
563 1950 681 1986 esse
706 1939 761 1984 et
786 1931 841 1983 vi
866 1950 966 1984 sua
987 1931 1191 2003 pollere
1217 1941 1488 2000 oportere,
1508 1930 1586 1982 ita
1603 1939 1666 1982 ut
1690 1949 1798 1982 non
1817 1930 1993 1984 solum

299 2004 451 2075 ips-ae
497 2004 642 2056 inter
690 2021 750 2056 se
800 2010 988 2056 mutua
1035 2003 1414 2056 contineantur
1463 2001 1822 2055 consensione
1839 2035 1866 2070 ,;
1897 2001 1994 2055 sed

301 2075 464 2130 etiam
501 2074 858 2128 communiter
894 2074 1182 2144 perficiant
1218 2081 1273 2126 et
1310 2080 1680 2142 exsequantur
1717 2090 1811 2140 ea,
1853 2092 1992 2142 quae

300 2145 525 2200 rationis
579 2154 634 2198 et
686 2146 983 2216 sapientiae
1042 2146 1192 2216 leges
1240 2145 1359 2197 fieri
1406 2145 1658 2213 iubeant,
1710 2144 1767 2196 in
1817 2162 1992 2213 eoque

300 2218 532 2272 hominis
569 2224 716 2270 statu
755 2225 809 2270 et
846 2216 1156 2271 conditione
1183 2216 1333 2270 cerni
1366 2216 1629 2268 iustitiam
1666 2223 1720 2268 et
1742 2234 1994 2269 consum-

302 2297 503 2343 matam
536 2288 820 2356 virtutem,
873 2307 1012 2357 quae
1063 2295 1118 2341 et
1154 2287 1435 2360 dignitatis
1473 2286 1670 2340 habeat
1703 2287 1994 2357 plurimum

304 2368 360 2414 et
395 2360 512 2414 sola
547 2379 731 2413 veram
766 2360 1082 2413 felicitatem
1120 2359 1328 2413 afferat.

356 2467 373 2476 ”
403 2456 559 2513 “Sed
605 2477 690 2512 res
742 2460 862 2531 ipsa
908 2459 1124 2512 videtur
1174 2455 1502 2531 postulare,
1532 2465 1595 2510 ut
1629 2477 1743 2511 rem
1779 2475 1994 2510 enarre-

303 2547 425 2583 mus
462 2530 645 2600 paullo
685 2530 978 2601 copiosius.
1053 2531 1121 2583 In
1161 2549 1289 2599 quo,
1328 2529 1592 2601 neglectis
1629 2528 1994 2598 recentiorum

304 2601 630 2673 scriptorum
688 2603 1066 2672 opinionibuS,
1131 2621 1298 2654 unum
1360 2602 1649 2654 Platonem
1708 2616 1994 2669 sequemur

305 2671 515 2726 ducem.
588 2672 731 2726 Nam
771 2673 1012 2743 alioquin
1048 2672 1343 2727 verendum
1382 2673 1513 2741 erit,
1557 2691 1626 2724 ne
1662 2670 1837 2723 aliena
1873 2669 1994 2740 phi-

303 2743 533 2815 losopho
573 2751 876 2806 commenta
912 2745 1235 2813 tribuamus,
1275 2763 1342 2797 ex
1378 2763 1484 2814 quo
1525 2754 1784 2811 quantum
1813 2740 1996 2793 damni

303 2815 514 2884 ceperit
575 2815 955 2887 philosophiae
999 2816 1333 2869 ‘Platonicae
1380 2813 1651 2885 cognitiO,
1698 2830 1858 2866 nemo
1911 2819 1996 2865 est

303 2883 469 2938 hodie
506 2887 690 2956 paullo
730 2887 1010 2957 eruditior,
1052 2889 1183 2957 quin
1219 2887 1336 2961 ipse
1374 2884 1896 2956 expertusnoverit‘.

307 3040 309 3042 -
362 3015 395 3053 ·.
449 2999 681 3055 Orditur
743 2999 912 3070 igitur
975 3001 1229 3054 universa
1299 2998 1596 3070 disputatio
1667 2998 1736 3051 ab
1810 2996 1994 3068 explo-

305 3071 477 3125 randa
513 3070 751 3125 iustitiae
777 3072 1043 3125 notione.
1082 3082 1086 3086 ”
1131 3070 1301 3124 Cuius
1339 3070 1577 3124 rationes
1627 3069 1754 3139 quia
1788 3068 1846 3120 in
1880 3068 1995 3120 vita

304 3143 574 3197 communi
618 3142 903 3204 vacillante
949 3142 1151 3196 iud-icio
1196 3141 1284 3195 vel
1332 3141 1404 3194 ad
1451 3160 1651 3194 meram
1690 3139 1996 3193 debitorum

306 3214 664 3286 expletionem
702 3221 977 3266 externam
1012 3214 1386 3267 referebantur
1420 3213 1507 3265 vel
1542 3213 1699 3265 etiam
1739 3230 1770 3262 a
1807 3209 1993 3279 sophi-

307 3287 406 3340 stis
442 3293 531 3339 tur
571 3286 590 3338 i
626 3284 875 3337 utilitatis
914 3285 1094 3338 studio
1133 3284 1606 3355 pervertebantur,
1643 3283 1780 3335 libro
1819 3282 1992 3351 primo

310 3357 489 3410 variae
569 3376 597 3410 e
633 3375 697 3410 ea
735 3355 1017 3425 opiniones
1056 3356 1403 3428 explorantur
1425 3363 1587 3425 atque
1626 3354 1990 3408 confutantur.
