<?xml version="1.0" encoding="UTF-8"?>
<!DOCTYPE html PUBLIC "-//W3C//DTD XHTML 1.0 Transitional//EN"
    "http://www.w3.org/TR/xhtml1/DTD/xhtml1-transitional.dtd">
<html xmlns="http://www.w3.org/1999/xhtml" xml:lang="en" lang="en">
 <head>
  <title>
</title>
<meta http-equiv="Content-Type" content="text/html;charset=utf-8" />
  <meta name='ocr-system' content='tesseract 3.04.00' />
  <meta name='ocr-capabilities' content='ocr_page ocr_carea ocr_par ocr_line ocrx_word'/>
</head>
<body>
  <div class='ocr_page' id='page_1' title='image "./operaomniarecens03platuoft/operaomniarecens03platuoft_0730.png"; bbox 0 0 2124 3744; ppageno 0'>
   <div class='ocr_carea' id='block_1_1' title="bbox 340 185 1405 239">
    <p class='ocr_par' dir='ltr' id='par_1_1' title="bbox 340 185 1405 239">
     <span class='ocr_line' id='line_1_1' title="bbox 340 185 1405 239; baseline 0.004 -4"><span class='ocrx_word' id='word_1_1' title='bbox 340 187 434 235; x_wconf 58' lang='lat'><strong>108</strong></span> <span class='ocrx_word' id='word_1_2' title='bbox 933 185 1405 239; x_wconf 63' lang='lat' dir='ltr'><strong>PLATONIS</strong></span> 
     </span>
    </p>
   </div>
   <div class='ocr_carea' id='block_1_2' title="bbox 237 328 2112 1329">
    <p class='ocr_par' dir='ltr' id='par_1_2' title="bbox 237 328 2112 1329">
     <span class='ocr_line' id='line_1_2' title="bbox 335 328 2029 406; baseline 0.002 -23"><span class='ocrx_word' id='word_1_3' title='bbox 335 352 473 393; x_wconf 84' lang='grc' dir='ltr'><em>νων,</em></span> <span class='ocrx_word' id='word_1_4' title='bbox 533 328 708 393; x_wconf 72' lang='grc' dir='ltr'><em>οὕτως</em></span> <span class='ocrx_word' id='word_1_5' title='bbox 765 335 850 383; x_wconf 73' lang='grc' dir='ltr'><strong>ἐπὶ</strong></span> <span class='ocrx_word' id='word_1_6' title='bbox 908 333 1165 398; x_wconf 63' lang='grc' dir='ltr'><em>τελευτὴν</em></span> <span class='ocrx_word' id='word_1_7' title='bbox 1210 334 1521 406; x_wconf 64' lang='grc' dir='ltr'><em>καταβαίνῃ</em></span> <span class='ocrx_word' id='word_1_8' title='bbox 1579 334 1843 399; x_wconf 74' lang='grc' dir='ltr'><em>αἰσθητῷ</em></span> <span class='ocrx_word' id='word_1_9' title='bbox 1891 354 2029 386; x_wconf 80' lang='grc' dir='ltr'><em>παν·-</em></span> 
     </span>
     <span class='ocr_line' id='line_1_3' title="bbox 237 410 2021 486; baseline 0.004 -23"><span class='ocrx_word' id='word_1_10' title='bbox 237 410 283 463; x_wconf 84' lang='lat' dir='ltr'>C</span> <span class='ocrx_word' id='word_1_11' title='bbox 329 414 574 468; x_wconf 78' lang='grc' dir='ltr'><em>τάηασιν</em></span> <span class='ocrx_word' id='word_1_12' title='bbox 621 413 806 468; x_wconf 81' lang='grc' dir='ltr'><em>οὐδενὶ</em></span> <span class='ocrx_word' id='word_1_13' title='bbox 848 416 1284 486; x_wconf 75' lang='grc' dir='ltr'><em>προςχρώμενος,</em></span> <span class='ocrx_word' id='word_1_14' title='bbox 1327 413 1438 470; x_wconf 76' lang='grc' dir='ltr'><strong>ἀλλ’</strong></span> <span class='ocrx_word' id='word_1_15' title='bbox 1493 415 1687 471; x_wconf 75' lang='grc' dir='ltr'><em>εἴδεσιν</em></span> <span class='ocrx_word' id='word_1_16' title='bbox 1716 414 1909 478; x_wconf 78' lang='grc' dir='ltr'><em>αὐτοῖς</em></span> <span class='ocrx_word' id='word_1_17' title='bbox 1956 417 2021 470; x_wconf 87' lang='grc' dir='ltr'><em>δι”</em></span> 
     </span>
     <span class='ocr_line' id='line_1_4' title="bbox 328 495 2031 571; baseline 0 -19"><span class='ocrx_word' id='word_1_18' title='bbox 328 498 515 552; x_wconf 79' lang='grc' dir='ltr'><em>αὐτῶν</em></span> <span class='ocrx_word' id='word_1_19' title='bbox 574 519 649 561; x_wconf 82' lang='grc' dir='ltr'><strong>εις</strong></span> <span class='ocrx_word' id='word_1_20' title='bbox 702 495 879 561; x_wconf 80' lang='grc' dir='ltr'><em>αὐτά,</em></span> <span class='ocrx_word' id='word_1_21' title='bbox 938 522 1025 554; x_wconf 89' lang='grc' dir='ltr'><strong>και</strong></span> <span class='ocrx_word' id='word_1_22' title='bbox 1087 502 1314 571; x_wconf 75' lang='grc' dir='ltr'><em>τελευτᾷ</em></span> <span class='ocrx_word' id='word_1_23' title='bbox 1359 506 1433 563; x_wconf 77' lang='grc' dir='ltr'><strong>εἰς</strong></span> <span class='ocrx_word' id='word_1_24' title='bbox 1478 501 1610 566; x_wconf 79' lang='grc' dir='ltr'><em>εἴδη.</em></span> <span class='ocrx_word' id='word_1_25' title='bbox 1698 499 2031 569; x_wconf 78' lang='grc' dir='ltr'><em>Μανθάνω,</em></span> 
     </span>
     <span class='ocr_line' id='line_1_5' title="bbox 328 580 2032 657; baseline 0 -20"><span class='ocrx_word' id='word_1_26' title='bbox 328 589 465 657; x_wconf 75' lang='grc' dir='ltr'><em>ἔφη,</em></span> <span class='ocrx_word' id='word_1_27' title='bbox 525 585 726 644; x_wconf 80' lang='grc' dir='ltr'><em>ικανῶς</em></span> <span class='ocrx_word' id='word_1_28' title='bbox 771 585 872 651; x_wconf 80' lang='grc' dir='ltr'><strong>μὲν</strong></span> <span class='ocrx_word' id='word_1_29' title='bbox 919 580 1012 640; x_wconf 80' lang='grc' dir='ltr'><strong>οὔ·</strong></span> <span class='ocrx_word' id='word_1_30' title='bbox 1073 587 1247 647; x_wconf 82' lang='grc' dir='ltr'><em>δοκεῖς</em></span> <span class='ocrx_word' id='word_1_31' title='bbox 1301 582 1408 656; x_wconf 76' lang='grc' dir='ltr'><strong>γάρ</strong></span> <span class='ocrx_word' id='word_1_32' title='bbox 1467 606 1566 654; x_wconf 88' lang='grc' dir='ltr'><strong>μοι</strong></span> <span class='ocrx_word' id='word_1_33' title='bbox 1622 581 1824 654; x_wconf 82' lang='grc' dir='ltr'><em>συχνὸν</em></span> <span class='ocrx_word' id='word_1_34' title='bbox 1870 587 1948 653; x_wconf 61' lang='grc' dir='ltr'><strong>ἕρ)</strong></span> <span class='ocrx_word' id='word_1_35' title='bbox 1951 605 2032 638; x_wconf 91' lang='grc' dir='ltr'><strong>ον</strong></span> 
     </span>
     <span class='ocr_line' id='line_1_6' title="bbox 328 656 2032 742; baseline 0.001 -23"><span class='ocrx_word' id='word_1_36' title='bbox 328 670 418 734; x_wconf 66' lang='grc' dir='ltr'><strong>λέ)</strong></span> <span class='ocrx_word' id='word_1_37' title='bbox 422 686 527 720; x_wconf 88' lang='grc' dir='ltr'><em>ειν·</em></span> <span class='ocrx_word' id='word_1_38' title='bbox 587 664 698 720; x_wconf 85' lang='grc' dir='ltr'><strong>ὅτι</strong></span> <span class='ocrx_word' id='word_1_39' title='bbox 721 672 908 734; x_wconf 81' lang='grc' dir='ltr'><em>μέντοι</em></span> <span class='ocrx_word' id='word_1_40' title='bbox 952 667 1143 738; x_wconf 77' lang='grc' dir='ltr'><em>βούλει</em></span> <span class='ocrx_word' id='word_1_41' title='bbox 1193 656 1448 738; x_wconf 75' lang='grc' dir='ltr'><em>διορίζειν</em></span> <span class='ocrx_word' id='word_1_42' title='bbox 1502 677 1843 742; x_wconf 68' lang='grc' dir='ltr'><em>σαφέστερον</em></span> <span class='ocrx_word' id='word_1_43' title='bbox 1893 668 2032 723; x_wconf 83' lang='grc' dir='ltr'><em>εἶναι</em></span> 
     </span>
     <span class='ocr_line' id='line_1_7' title="bbox 327 747 2031 821; baseline 0.001 -17"><span class='ocrx_word' id='word_1_44' title='bbox 327 748 388 805; x_wconf 84' lang='grc' dir='ltr'><strong>τὸ</strong></span> <span class='ocrx_word' id='word_1_45' title='bbox 437 747 546 804; x_wconf 82' lang='grc' dir='ltr'><strong>ὑπὸ</strong></span> <span class='ocrx_word' id='word_1_46' title='bbox 591 752 688 815; x_wconf 80' lang='grc' dir='ltr'><strong>τῆς</strong></span> <span class='ocrx_word' id='word_1_47' title='bbox 732 753 831 804; x_wconf 87' lang='grc' dir='ltr'><strong>τοῦ</strong></span> <span class='ocrx_word' id='word_1_48' title='bbox 878 754 1238 821; x_wconf 58' lang='grc' dir='ltr'><em>διαὶέγεσθαι</em></span> <span class='ocrx_word' id='word_1_49' title='bbox 1282 751 1584 821; x_wconf 79' lang='grc' dir='ltr'><em>ὲπιστημης</em></span> <span class='ocrx_word' id='word_1_50' title='bbox 1627 755 1727 808; x_wconf 87' lang='grc' dir='ltr'><strong>τοῦ</strong></span> <span class='ocrx_word' id='word_1_51' title='bbox 1774 749 1942 815; x_wconf 80' lang='grc' dir='ltr'><strong><em>ὄντος</em></strong></span> <span class='ocrx_word' id='word_1_52' title='bbox 1975 774 2031 806; x_wconf 86' lang='grc' dir='ltr'><strong>τε</strong></span> 
     </span>
     <span class='ocr_line' id='line_1_8' title="bbox 326 833 2035 907; baseline 0.001 -19"><span class='ocrx_word' id='word_1_53' title='bbox 326 838 419 888; x_wconf 85' lang='grc' dir='ltr'><em>καὶ</em></span> <span class='ocrx_word' id='word_1_54' title='bbox 463 835 673 899; x_wconf 81' lang='grc' dir='ltr'><em>νοητοῦ</em></span> <span class='ocrx_word' id='word_1_55' title='bbox 723 835 1120 907; x_wconf 76' lang='grc' dir='ltr'><em>θεωρούμενον</em></span> <span class='ocrx_word' id='word_1_56' title='bbox 1181 833 1212 903; x_wconf 80' lang='grc' dir='ltr'>ἢ</span> <span class='ocrx_word' id='word_1_57' title='bbox 1277 834 1338 890; x_wconf 89' lang='grc' dir='ltr'><strong>τὸ</strong></span> <span class='ocrx_word' id='word_1_58' title='bbox 1383 834 1494 891; x_wconf 83' lang='grc' dir='ltr'><strong>ὑπὸ</strong></span> <span class='ocrx_word' id='word_1_59' title='bbox 1541 839 1650 891; x_wconf 85' lang='grc' dir='ltr'><strong>τῶν</strong></span> <span class='ocrx_word' id='word_1_60' title='bbox 1690 839 1894 907; x_wconf 82' lang='grc' dir='ltr'><em>τεχνῶν</em></span> <span class='ocrx_word' id='word_1_61' title='bbox 1937 858 2035 890; x_wconf 86' lang='grc' dir='ltr'><em>κα-</em></span> 
     </span>
     <span class='ocr_line' id='line_1_9' title="bbox 326 917 2033 991; baseline 0.001 -19"><span class='ocrx_word' id='word_1_62' title='bbox 326 923 622 987; x_wconf 82' lang='grc' dir='ltr'><em>λουμένων,</em></span> <span class='ocrx_word' id='word_1_63' title='bbox 664 917 753 983; x_wconf 84' lang='grc' dir='ltr'><em>αἷς</em></span> <span class='ocrx_word' id='word_1_64' title='bbox 811 923 869 973; x_wconf 86' lang='grc' dir='ltr'><em>αἱ</em></span> <span class='ocrx_word' id='word_1_65' title='bbox 914 919 1218 984; x_wconf 79' lang='grc' dir='ltr'><em>ὑποθέσεις</em></span> <span class='ocrx_word' id='word_1_66' title='bbox 1258 919 1459 991; x_wconf 79' lang='grc' dir='ltr'><em>ἀρχαί,</em></span> <span class='ocrx_word' id='word_1_67' title='bbox 1515 924 1604 975; x_wconf 81' lang='grc' dir='ltr'><em>καὶ</em></span> <span class='ocrx_word' id='word_1_68' title='bbox 1662 925 1887 990; x_wconf 74' lang='grc' dir='ltr'><em>διανοίᾳ</em></span> <span class='ocrx_word' id='word_1_69' title='bbox 1931 925 2033 990; x_wconf 79' lang='grc' dir='ltr'><strong>μὲν</strong></span> 
     </span>
     <span class='ocr_line' id='line_1_10' title="bbox 325 1001 2112 1074; baseline 0.002 -18"><span class='ocrx_word' id='word_1_70' title='bbox 325 1002 738 1070; x_wconf 78' lang='grc' dir='ltr'><strong>ἀναγκάζονται</strong></span> <span class='ocrx_word' id='word_1_71' title='bbox 781 1002 928 1058; x_wconf 77' lang='grc' dir='ltr'><em>ἀλλὰ</em></span> <span class='ocrx_word' id='word_1_72' title='bbox 973 1001 1049 1074; x_wconf 84' lang='grc' dir='ltr'><strong>μὴ</strong></span> <span class='ocrx_word' id='word_1_73' title='bbox 1096 1004 1434 1071; x_wconf 76' lang='grc' dir='ltr'><em>αἰσθήσεσιν</em></span> <span class='ocrx_word' id='word_1_74' title='bbox 1473 1003 1618 1059; x_wconf 72' lang='grc' dir='ltr'><em>αὐτοὶ</em></span> <span class='ocrx_word' id='word_1_75' title='bbox 1671 1007 1937 1060; x_wconf 80' lang='grc' dir='ltr'><em>θεᾶσθαι</em></span> <span class='ocrx_word' id='word_1_76' title='bbox 1984 1010 2037 1059; x_wconf 76' lang='grc' dir='ltr'><strong>οἱ</strong></span> <span class='ocrx_word' id='word_1_77' title='bbox 2110 1072 2112 1074; x_wconf 22' lang='lat'>¹</span> 
     </span>
     <span class='ocr_line' id='line_1_11' title="bbox 238 1085 2038 1160; baseline 0 -17"><span class='ocrx_word' id='word_1_78' title='bbox 238 1098 290 1150; x_wconf 93' lang='lat' dir='ltr'>D</span> <span class='ocrx_word' id='word_1_79' title='bbox 331 1086 630 1158; x_wconf 82' lang='grc' dir='ltr'><em>θεώμενοι,</em></span> <span class='ocrx_word' id='word_1_80' title='bbox 679 1085 770 1141; x_wconf 78' lang='grc' dir='ltr'><strong>διὰ</strong></span> <span class='ocrx_word' id='word_1_81' title='bbox 817 1091 873 1142; x_wconf 81' lang='grc' dir='ltr'><strong>δὲ</strong></span> <span class='ocrx_word' id='word_1_82' title='bbox 921 1086 984 1144; x_wconf 86' lang='grc' dir='ltr'><strong>τὸ</strong></span> <span class='ocrx_word' id='word_1_83' title='bbox 1030 1090 1106 1158; x_wconf 81' lang='grc' dir='ltr'><strong>μὴ</strong></span> <span class='ocrx_word' id='word_1_84' title='bbox 1162 1088 1236 1144; x_wconf 82' lang='grc' dir='ltr'><strong>ἐπ’</strong></span> <span class='ocrx_word' id='word_1_85' title='bbox 1287 1086 1469 1160; x_wconf 80' lang='grc' dir='ltr'><em>ἀρχὴν</em></span> <span class='ocrx_word' id='word_1_86' title='bbox 1514 1089 1863 1151; x_wconf 75' lang='grc' dir='ltr'><em>ἀνελθόντες</em></span> <span class='ocrx_word' id='word_1_87' title='bbox 1911 1106 2038 1143; x_wconf 81' lang='grc' dir='ltr'><em>σκο-</em></span> 
     </span>
     <span class='ocr_line' id='line_1_12' title="bbox 325 1169 2035 1245; baseline 0 -19"><span class='ocrx_word' id='word_1_88' title='bbox 325 1182 448 1228; x_wconf 82' lang='grc' dir='ltr'><em>πεῖν</em></span> <span class='ocrx_word' id='word_1_89' title='bbox 495 1171 608 1226; x_wconf 82' lang='grc' dir='ltr'><em>ἀλλ’</em></span> <span class='ocrx_word' id='word_1_90' title='bbox 663 1172 719 1238; x_wconf 73' lang='grc' dir='ltr'><strong>ἐξ</strong></span> <span class='ocrx_word' id='word_1_91' title='bbox 755 1169 1101 1238; x_wconf 83' lang='grc' dir='ltr'><em>ὑποθέσεων,</em></span> <span class='ocrx_word' id='word_1_92' title='bbox 1156 1177 1299 1230; x_wconf 89' lang='grc' dir='ltr'><em>νοῦν</em></span> <span class='ocrx_word' id='word_1_93' title='bbox 1353 1172 1454 1227; x_wconf 84' lang='grc' dir='ltr'><strong>οὐκ</strong></span> <span class='ocrx_word' id='word_1_94' title='bbox 1511 1173 1678 1245; x_wconf 81' lang='grc' dir='ltr'><em>ἴσχειν</em></span> <span class='ocrx_word' id='word_1_95' title='bbox 1721 1176 1841 1244; x_wconf 78' lang='grc' dir='ltr'><em>περὶ</em></span> <span class='ocrx_word' id='word_1_96' title='bbox 1888 1171 2035 1227; x_wconf 78' lang='grc' dir='ltr'><em>αὐτοὶ</em></span> 
     </span>
     <span class='ocr_line' id='line_1_13' title="bbox 327 1255 2034 1329; baseline -0.001 -17"><span class='ocrx_word' id='word_1_97' title='bbox 327 1259 558 1313; x_wconf 87' lang='grc' dir='ltr'><em>δοκοῦσί</em></span> <span class='ocrx_word' id='word_1_98' title='bbox 601 1274 704 1322; x_wconf 88' lang='grc' dir='ltr'><em>σοι,</em></span> <span class='ocrx_word' id='word_1_99' title='bbox 753 1262 933 1312; x_wconf 86' lang='grc' dir='ltr'><em>καίτοι</em></span> <span class='ocrx_word' id='word_1_100' title='bbox 979 1260 1197 1325; x_wconf 82' lang='grc' dir='ltr'><em>νοητῶν</em></span> <span class='ocrx_word' id='word_1_101' title='bbox 1245 1255 1424 1313; x_wconf 77' lang='grc' dir='ltr'><em>ὄντων</em></span> <span class='ocrx_word' id='word_1_102' title='bbox 1478 1256 1618 1327; x_wconf 78' lang='grc' dir='ltr'><em>μετὰ</em></span> <span class='ocrx_word' id='word_1_103' title='bbox 1665 1257 1858 1329; x_wconf 82' lang='grc' dir='ltr'><strong><em>ἀρχῆς.</em></strong></span> <span class='ocrx_word' id='word_1_104' title='bbox 1918 1257 2034 1311; x_wconf 78' lang='grc' dir='ltr'><em>διά-</em></span> 
     </span>
    </p>
   </div>
   <div class='ocr_carea' id='block_1_3' title="bbox 1547 1362 1574 1376">
    <p class='ocr_par' dir='ltr' id='par_1_3' title="bbox 1547 1362 1574 1376">
     <span class='ocr_line' id='line_1_14' title="bbox 1547 1362 1574 1376; baseline 0 0"><span class='ocrx_word' id='word_1_105' title='bbox 1547 1362 1574 1376; x_wconf 48' lang='lat' dir='ltr'>X</span> 
     </span>
    </p>
   </div>
   <div class='ocr_carea' id='block_1_4' title="bbox 332 1417 2040 1536">
    <p class='ocr_par' dir='ltr' id='par_1_4' title="bbox 332 1417 2038 1536">
     <span class='ocr_line' id='line_1_15' title="bbox 441 1417 2038 1478; baseline 0.002 -18"><span class='ocrx_word' id='word_1_106' title='bbox 441 1421 498 1461; x_wconf 88' lang='lat' dir='ltr'><strong>D.</strong></span> <span class='ocrx_word' id='word_1_107' title='bbox 559 1417 640 1461; x_wconf 84' lang='grc' dir='ltr'><strong>ἐπ’</strong></span> <span class='ocrx_word' id='word_1_108' title='bbox 673 1418 837 1477; x_wconf 80' lang='grc' dir='ltr'><em>ἀρχὴν</em></span> <span class='ocrx_word' id='word_1_109' title='bbox 868 1418 1232 1478; x_wconf 75' lang='grc' dir='ltr'><em>ἀνελθόντες]</em></span> <span class='ocrx_word' id='word_1_110' title='bbox 1305 1425 1448 1478; x_wconf 81' lang='lat' dir='ltr'>Vulgo</span> <span class='ocrx_word' id='word_1_111' title='bbox 1481 1420 1763 1467; x_wconf 74' lang='grc' dir='ltr'><em>αἰελθόνταε.</em></span> <span class='ocrx_word' id='word_1_112' title='bbox 1814 1421 1903 1465; x_wconf 87' lang='lat' dir='ltr'><strong>Sed</strong></span> <span class='ocrx_word' id='word_1_113' title='bbox 1938 1422 2038 1466; x_wconf 84' lang='lat' dir='ltr'><strong>Par.</strong></span> 
     </span>
     <span class='ocr_line' id='line_1_16' title="bbox 332 1476 2040 1536; baseline 0.001 -15"><span class='ocrx_word' id='word_1_114' title='bbox 332 1482 383 1521; x_wconf 76' lang='lat' dir='ltr'><strong>A.</strong></span> <span class='ocrx_word' id='word_1_115' title='bbox 416 1479 521 1521; x_wconf 86' lang='lat' dir='ltr'><strong>Vat</strong></span> <span class='ocrx_word' id='word_1_116' title='bbox 559 1476 593 1519; x_wconf 87' lang='grc' dir='ltr'>Θ</span> <span class='ocrx_word' id='word_1_117' title='bbox 627 1479 748 1525; x_wconf 84' lang='lat' dir='ltr'><strong>.Ven.</strong></span> <span class='ocrx_word' id='word_1_118' title='bbox 784 1481 832 1526; x_wconf 78' lang='grc' dir='ltr'><strong>Ξ.</strong></span> <span class='ocrx_word' id='word_1_119' title='bbox 865 1481 994 1524; x_wconf 86' lang='lat' dir='ltr'><strong>Vind.</strong></span> <span class='ocrx_word' id='word_1_120' title='bbox 1030 1486 1136 1535; x_wconf 87' lang='lat' dir='ltr'><strong>Ang.</strong></span> <span class='ocrx_word' id='word_1_121' title='bbox 1171 1482 1273 1526; x_wconf 83' lang='lat' dir='ltr'><strong>Vat.</strong></span> <span class='ocrx_word' id='word_1_122' title='bbox 1305 1495 1339 1523; x_wconf 89' lang='lat' dir='ltr'><strong>r.</strong></span> <span class='ocrx_word' id='word_1_123' title='bbox 1362 1479 1477 1525; x_wconf 75' lang='lat' dir='ltr'><strong>Flor.</strong></span> <span class='ocrx_word' id='word_1_124' title='bbox 1509 1496 1546 1523; x_wconf 94' lang='grc' dir='ltr'><strong>ιι.</strong></span> <span class='ocrx_word' id='word_1_125' title='bbox 1567 1495 1603 1524; x_wconf 91' lang='lat' dir='ltr'><strong>c.</strong></span> <span class='ocrx_word' id='word_1_126' title='bbox 1635 1493 1672 1521; x_wconf 85' lang='grc' dir='ltr'><em>α.</em></span> <span class='ocrx_word' id='word_1_127' title='bbox 1707 1495 1746 1536; x_wconf 84' lang='grc' dir='ltr'><strong>γ.</strong></span> <span class='ocrx_word' id='word_1_128' title='bbox 1767 1477 2040 1528; x_wconf 72' lang='grc' dir='ltr'><em>ἀνελθόντες,</em></span> 
     </span>
    </p>
   </div>
   <div class='ocr_carea' id='block_1_5' title="bbox 332 1537 1566 1595">
    <p class='ocr_par' dir='ltr' id='par_1_5' title="bbox 332 1537 1566 1595">
     <span class='ocr_line' id='line_1_17' title="bbox 332 1537 1566 1595; baseline 0.002 -16"><span class='ocrx_word' id='word_1_129' title='bbox 332 1543 380 1579; x_wconf 92' lang='lat' dir='ltr'><strong>ut</strong></span> <span class='ocrx_word' id='word_1_130' title='bbox 411 1538 677 1592; x_wconf 87' lang='lat' dir='ltr'><strong>scripserunt</strong></span> <span class='ocrx_word' id='word_1_131' title='bbox 709 1537 982 1594; x_wconf 61' lang='lat' dir='ltr'><strong>Schneider„</strong></span> <span class='ocrx_word' id='word_1_132' title='bbox 1014 1538 1297 1595; x_wconf 80' lang='lat' dir='ltr'><strong>Turicenses,</strong></span> <span class='ocrx_word' id='word_1_133' title='bbox 1329 1539 1566 1582; x_wconf 81' lang='lat' dir='ltr'>Hermann.</span> 
     </span>
    </p>
   </div>
   <div class='ocr_carea' id='block_1_6' title="bbox 325 1653 1142 2341">
    <p class='ocr_par' dir='ltr' id='par_1_6' title="bbox 325 1653 1142 2341">
     <span class='ocr_line' id='line_1_18' title="bbox 333 1653 1141 1708; baseline 0.001 -14"><span class='ocrx_word' id='word_1_134' title='bbox 333 1658 406 1695; x_wconf 87' lang='lat' dir='ltr'><strong>tur</strong></span> <span class='ocrx_word' id='word_1_135' title='bbox 436 1653 669 1696; x_wconf 82' lang='lat' dir='ltr'><strong>methodus</strong></span> <span class='ocrx_word' id='word_1_136' title='bbox 703 1653 944 1697; x_wconf 88' lang='lat' dir='ltr'><strong>disserendi</strong></span> <span class='ocrx_word' id='word_1_137' title='bbox 969 1654 1141 1708; x_wconf 84' lang='lat' dir='ltr'><strong>synthe-</strong></span> 
     </span>
     <span class='ocr_line' id='line_1_19' title="bbox 334 1711 1142 1766; baseline 0.002 -14"><span class='ocrx_word' id='word_1_138' title='bbox 334 1711 420 1753; x_wconf 79' lang='lat' dir='ltr'><strong>tica</strong></span> <span class='ocrx_word' id='word_1_139' title='bbox 452 1716 498 1754; x_wconf 88' lang='lat' dir='ltr'><strong>et</strong></span> <span class='ocrx_word' id='word_1_140' title='bbox 528 1713 762 1766; x_wconf 69' lang='lat' dir='ltr'><strong>arisiytica,</strong></span> <span class='ocrx_word' id='word_1_141' title='bbox 806 1726 936 1766; x_wconf 79' lang='lat' dir='ltr'><strong>quam</strong></span> <span class='ocrx_word' id='word_1_142' title='bbox 979 1719 1142 1754; x_wconf 82' lang='lat' dir='ltr'><strong>utram·</strong></span> 
     </span>
     <span class='ocr_line' id='line_1_20' title="bbox 333 1770 1141 1824; baseline 0.001 -14"><span class='ocrx_word' id='word_1_143' title='bbox 333 1783 417 1822; x_wconf 83' lang='lat' dir='ltr'><strong>que</strong></span> <span class='ocrx_word' id='word_1_144' title='bbox 448 1770 735 1824; x_wconf 79' lang='lat' dir='ltr'><strong>philosophus</strong></span> <span class='ocrx_word' id='word_1_145' title='bbox 770 1772 811 1812; x_wconf 87' lang='lat' dir='ltr'><strong>in</strong></span> <span class='ocrx_word' id='word_1_146' title='bbox 844 1784 946 1813; x_wconf 92' lang='lat' dir='ltr'><strong>vero</strong></span> <span class='ocrx_word' id='word_1_147' title='bbox 966 1771 1141 1812; x_wconf 84' lang='lat' dir='ltr'><strong>investi-</strong></span> 
     </span>
     <span class='ocr_line' id='line_1_21' title="bbox 331 1827 1140 1882; baseline 0.001 -14"><span class='ocrx_word' id='word_1_148' title='bbox 331 1827 476 1880; x_wconf 75' lang='lat' dir='ltr'><strong>gando</strong></span> <span class='ocrx_word' id='word_1_149' title='bbox 508 1828 796 1882; x_wconf 81' lang='lat' dir='ltr'>copulandam</span> <span class='ocrx_word' id='word_1_150' title='bbox 825 1829 1005 1873; x_wconf 85' lang='lat' dir='ltr'><strong>censuit.</strong></span> <span class='ocrx_word' id='word_1_151' title='bbox 1053 1829 1140 1869; x_wconf 87' lang='lat' dir='ltr'><strong>Co-</strong></span> 
     </span>
     <span class='ocr_line' id='line_1_22' title="bbox 331 1885 1142 1939; baseline 0.002 -13"><span class='ocrx_word' id='word_1_152' title='bbox 331 1885 494 1939; x_wconf 89' lang='lat' dir='ltr'><strong>piosius</strong></span> <span class='ocrx_word' id='word_1_153' title='bbox 543 1885 653 1928; x_wconf 84' lang='lat' dir='ltr'><strong>bunc</strong></span> <span class='ocrx_word' id='word_1_154' title='bbox 699 1886 950 1928; x_wconf 76' lang='lat' dir='ltr'><strong>dialectices</strong></span> <span class='ocrx_word' id='word_1_155' title='bbox 1001 1889 1142 1928; x_wconf 80' lang='lat' dir='ltr'><strong>iocum</strong></span> 
     </span>
     <span class='ocr_line' id='line_1_23' title="bbox 330 1943 1140 1998; baseline 0.006 -14"><span class='ocrx_word' id='word_1_156' title='bbox 330 1944 532 1984; x_wconf 79' lang='lat' dir='ltr'><strong>tractavit</strong></span> <span class='ocrx_word' id='word_1_157' title='bbox 573 1945 613 1984; x_wconf 91' lang='lat' dir='ltr'><strong>in</strong></span> <span class='ocrx_word' id='word_1_158' title='bbox 656 1943 840 1986; x_wconf 73' lang='lat' dir='ltr'><strong>Philebo</strong></span> <span class='ocrx_word' id='word_1_159' title='bbox 891 1959 932 1998; x_wconf 87' lang='lat' dir='ltr'><strong>p.</strong></span> <span class='ocrx_word' id='word_1_160' title='bbox 958 1944 1040 1989; x_wconf 72' lang='lat'><strong>16.</strong></span> <span class='ocrx_word' id='word_1_161' title='bbox 1091 1944 1140 1989; x_wconf 87' lang='lat' dir='ltr'><strong>C.</strong></span> 
     </span>
     <span class='ocr_line' id='line_1_24' title="bbox 329 2001 1140 2054; baseline 0.002 -13"><span class='ocrx_word' id='word_1_162' title='bbox 329 2014 424 2054; x_wconf 83' lang='lat' dir='ltr'><strong>sqq.</strong></span> <span class='ocrx_word' id='word_1_163' title='bbox 477 2007 522 2042; x_wconf 92' lang='lat' dir='ltr'><strong>et</strong></span> <span class='ocrx_word' id='word_1_164' title='bbox 567 2002 788 2045; x_wconf 80' lang='lat' dir='ltr'><strong>Phaedro.</strong></span> <span class='ocrx_word' id='word_1_165' title='bbox 861 2002 994 2046; x_wconf 82' lang='lat' dir='ltr'><strong>Quod</strong></span> <span class='ocrx_word' id='word_1_166' title='bbox 1028 2001 1140 2043; x_wconf 74' lang='lat' dir='ltr'><strong>‘diii-</strong></span> 
     </span>
     <span class='ocr_line' id='line_1_25' title="bbox 327 2059 1139 2111; baseline 0.002 -12"><span class='ocrx_word' id='word_1_167' title='bbox 327 2063 483 2111; x_wconf 85' lang='lat' dir='ltr'>genter</span> <span class='ocrx_word' id='word_1_168' title='bbox 520 2059 968 2101; x_wconf 77' lang='lat' dir='ltr'><strong>animadvertendum.</strong></span> <span class='ocrx_word' id='word_1_169' title='bbox 1034 2059 1139 2101; x_wconf 85' lang='lat' dir='ltr'><strong>Ete-</strong></span> 
     </span>
     <span class='ocr_line' id='line_1_26' title="bbox 325 2116 1138 2171; baseline 0.001 -14"><span class='ocrx_word' id='word_1_170' title='bbox 325 2116 415 2157; x_wconf 89' lang='lat' dir='ltr'><strong>nim</strong></span> <span class='ocrx_word' id='word_1_171' title='bbox 448 2129 500 2158; x_wconf 84' lang='lat' dir='ltr'><strong>ex</strong></span> <span class='ocrx_word' id='word_1_172' title='bbox 539 2116 601 2158; x_wconf 88' lang='lat' dir='ltr'><strong>his</strong></span> <span class='ocrx_word' id='word_1_173' title='bbox 633 2130 809 2170; x_wconf 85' lang='lat' dir='ltr'><strong>quoque</strong></span> <span class='ocrx_word' id='word_1_174' title='bbox 847 2124 1056 2171; x_wconf 80' lang='lat' dir='ltr'><strong>apparet,</strong></span> <span class='ocrx_word' id='word_1_175' title='bbox 1101 2118 1138 2160; x_wconf 91' lang='lat' dir='ltr'><strong>si</strong></span> 
     </span>
     <span class='ocr_line' id='line_1_27' title="bbox 331 2172 1139 2228; baseline 0.004 -15"><span class='ocrx_word' id='word_1_176' title='bbox 331 2172 431 2224; x_wconf 85' lang='lat' dir='ltr'><strong>quid</strong></span> <span class='ocrx_word' id='word_1_177' title='bbox 464 2174 608 2226; x_wconf 86' lang='lat' dir='ltr'><strong>video,</strong></span> <span class='ocrx_word' id='word_1_178' title='bbox 636 2176 834 2216; x_wconf 79' lang='lat' dir='ltr'><strong>Politiam</strong></span> <span class='ocrx_word' id='word_1_179' title='bbox 867 2179 972 2228; x_wconf 87' lang='lat' dir='ltr'><strong>post</strong></span> <span class='ocrx_word' id='word_1_180' title='bbox 1004 2175 1139 2216; x_wconf 80' lang='lat' dir='ltr'><strong>Phae-</strong></span> 
     </span>
     <span class='ocr_line' id='line_1_28' title="bbox 333 2230 1139 2275; baseline 0.004 -5"><span class='ocrx_word' id='word_1_181' title='bbox 333 2230 459 2271; x_wconf 86' lang='lat' dir='ltr'><strong>drum</strong></span> <span class='ocrx_word' id='word_1_182' title='bbox 493 2236 537 2272; x_wconf 88' lang='lat' dir='ltr'><strong>et</strong></span> <span class='ocrx_word' id='word_1_183' title='bbox 572 2231 795 2274; x_wconf 77' lang='lat' dir='ltr'><strong>Philebum</strong></span> <span class='ocrx_word' id='word_1_184' title='bbox 829 2233 1000 2275; x_wconf 86' lang='lat' dir='ltr'><strong>demum</strong></span> <span class='ocrx_word' id='word_1_185' title='bbox 1032 2233 1139 2274; x_wconf 88' lang='lat' dir='ltr'><strong>scri-</strong></span> 
     </span>
     <span class='ocr_line' id='line_1_29' title="bbox 333 2290 1138 2341; baseline 0.002 -12"><span class='ocrx_word' id='word_1_186' title='bbox 333 2293 451 2341; x_wconf 77' lang='lat' dir='ltr'><strong>ptam</strong></span> <span class='ocrx_word' id='word_1_187' title='bbox 485 2294 531 2331; x_wconf 73' lang='lat' dir='ltr'><strong>et</strong></span> <span class='ocrx_word' id='word_1_188' title='bbox 561 2290 600 2331; x_wconf 86' lang='lat' dir='ltr'><strong>in</strong></span> <span class='ocrx_word' id='word_1_189' title='bbox 633 2291 773 2332; x_wconf 82' lang='lat' dir='ltr'><strong>iucem</strong></span> <span class='ocrx_word' id='word_1_190' title='bbox 801 2291 1004 2332; x_wconf 81' lang='lat' dir='ltr'><strong>emissam</strong></span> <span class='ocrx_word' id='word_1_191' title='bbox 1026 2300 1138 2332; x_wconf 84' lang='lat' dir='ltr'><strong>esse.</strong></span> 
     </span>
    </p>
   </div>
   <div class='ocr_carea' id='block_1_7' title="bbox 331 2401 1145 3494">
    <p class='ocr_par' dir='ltr' id='par_1_7' title="bbox 331 2401 1144 3325">
     <span class='ocr_line' id='line_1_30' title="bbox 393 2401 1139 2459; baseline 0.001 -16"><span class='ocrx_word' id='word_1_192' title='bbox 393 2401 442 2443; x_wconf 88' lang='lat' dir='ltr'><strong>C.</strong></span> <span class='ocrx_word' id='word_1_193' title='bbox 478 2401 568 2445; x_wconf 73' lang='grc' dir='ltr'><em>ὅτι</em></span> <span class='ocrx_word' id='word_1_194' title='bbox 595 2408 785 2459; x_wconf 76' lang='grc' dir='ltr'><em>μέντοι</em></span> <span class='ocrx_word' id='word_1_195' title='bbox 815 2403 1003 2458; x_wconf 81' lang='grc' dir='ltr'><em>βούλει</em></span> <span class='ocrx_word' id='word_1_196' title='bbox 1030 2406 1139 2446; x_wconf 77' lang='grc' dir='ltr'><em>διο·</em></span> 
     </span>
     <span class='ocr_line' id='line_1_31' title="bbox 334 2459 1140 2517; baseline 0.002 -17"><span class='ocrx_word' id='word_1_197' title='bbox 334 2459 536 2515; x_wconf 84' lang='grc' dir='ltr'><em>ρίζειν]</em></span> <span class='ocrx_word' id='word_1_198' title='bbox 574 2462 616 2505; x_wconf 91' lang='lat' dir='ltr'><strong>h.</strong></span> <span class='ocrx_word' id='word_1_199' title='bbox 651 2475 689 2504; x_wconf 89' lang='lat' dir='ltr'><strong>e.</strong></span> <span class='ocrx_word' id='word_1_200' title='bbox 731 2467 865 2504; x_wconf 78' lang='grc' dir='ltr'><em>τοῦτο</em></span> <span class='ocrx_word' id='word_1_201' title='bbox 895 2468 1036 2517; x_wconf 75' lang='grc' dir='ltr'><em>μέντοι</em></span> <span class='ocrx_word' id='word_1_202' title='bbox 1067 2464 1140 2503; x_wconf 80' lang='grc' dir='ltr'><strong>δο-</strong></span> 
     </span>
     <span class='ocr_line' id='line_1_32' title="bbox 333 2517 1139 2574; baseline 0.004 -17"><span class='ocrx_word' id='word_1_203' title='bbox 333 2518 398 2558; x_wconf 79' lang='grc' dir='ltr'><strong>κῶ</strong></span> <span class='ocrx_word' id='word_1_204' title='bbox 434 2517 705 2573; x_wconf 72' lang='grc' dir='ltr'><em>μανθάνειν,</em></span> <span class='ocrx_word' id='word_1_205' title='bbox 743 2519 817 2561; x_wconf 79' lang='grc' dir='ltr'><em>ὅτι</em></span> <span class='ocrx_word' id='word_1_206' title='bbox 857 2521 1012 2574; x_wconf 77' lang='grc' dir='ltr'><em>βούλει</em></span> <span class='ocrx_word' id='word_1_207' title='bbox 1049 2522 1139 2562; x_wconf 86' lang='grc' dir='ltr'><em>διο-</em></span> 
     </span>
     <span class='ocr_line' id='line_1_33' title="bbox 332 2575 1136 2629; baseline 0.006 -15"><span class='ocrx_word' id='word_1_208' title='bbox 332 2575 461 2629; x_wconf 75' lang='grc' dir='ltr'><em>ρίζειν</em></span> <span class='ocrx_word' id='word_1_209' title='bbox 492 2577 605 2626; x_wconf 55' lang='lat' dir='ltr'><strong>usk,</strong></span> <span class='ocrx_word' id='word_1_210' title='bbox 652 2576 748 2620; x_wconf 84' lang='lat' dir='ltr'><strong>hoc</strong></span> <span class='ocrx_word' id='word_1_211' title='bbox 778 2585 953 2620; x_wconf 79' lang='lat' dir='ltr'><strong>tamen</strong></span> <span class='ocrx_word' id='word_1_212' title='bbox 987 2580 1136 2621; x_wconf 85' lang='lat' dir='ltr'><strong>intei-</strong></span> 
     </span>
     <span class='ocr_line' id='line_1_34' title="bbox 334 2633 1140 2687; baseline 0.002 -12"><span class='ocrx_word' id='word_1_213' title='bbox 334 2635 512 2687; x_wconf 83' lang='lat' dir='ltr'><strong>ligere</strong></span> <span class='ocrx_word' id='word_1_214' title='bbox 543 2633 767 2684; x_wconf 85' lang='lat' dir='ltr'><strong>videor,</strong></span> <span class='ocrx_word' id='word_1_215' title='bbox 800 2638 954 2678; x_wconf 83' lang='lat' dir='ltr'><strong>veile</strong></span> <span class='ocrx_word' id='word_1_216' title='bbox 980 2636 1140 2678; x_wconf 90' lang='lat' dir='ltr'><strong>tedo-</strong></span> 
     </span>
     <span class='ocr_line' id='line_1_35' title="bbox 333 2692 1140 2736; baseline 0.002 -4"><span class='ocrx_word' id='word_1_217' title='bbox 333 2704 458 2733; x_wconf 86' lang='lat' dir='ltr'><strong>cere</strong></span> <span class='ocrx_word' id='word_1_218' title='bbox 528 2692 932 2736; x_wconf 80' lang='lat' dir='ltr'><strong>evidentiorem</strong></span> <span class='ocrx_word' id='word_1_219' title='bbox 1016 2707 1140 2736; x_wconf 90' lang='lat' dir='ltr'><strong>esse</strong></span> 
     </span>
     <span class='ocr_line' id='line_1_36' title="bbox 332 2749 1142 2804; baseline 0.004 -14"><span class='ocrx_word' id='word_1_220' title='bbox 332 2751 450 2791; x_wconf 89' lang='lat' dir='ltr'><strong>eius</strong></span> <span class='ocrx_word' id='word_1_221' title='bbox 490 2749 629 2802; x_wconf 84' lang='lat' dir='ltr'><strong>qnod</strong></span> <span class='ocrx_word' id='word_1_222' title='bbox 682 2756 771 2791; x_wconf 87' lang='lat' dir='ltr'><strong>est</strong></span> <span class='ocrx_word' id='word_1_223' title='bbox 810 2757 978 2804; x_wconf 81' lang='lat' dir='ltr'><strong>atque</strong></span> <span class='ocrx_word' id='word_1_224' title='bbox 1019 2754 1142 2793; x_wconf 80' lang='lat' dir='ltr'><strong>sola</strong></span> 
     </span>
     <span class='ocr_line' id='line_1_37' title="bbox 332 2809 1140 2861; baseline 0.004 -13"><span class='ocrx_word' id='word_1_225' title='bbox 332 2812 509 2849; x_wconf 91' lang='lat' dir='ltr'><strong>mente</strong></span> <span class='ocrx_word' id='word_1_226' title='bbox 548 2809 864 2861; x_wconf 86' lang='lat' dir='ltr'><strong>percipitur</strong></span> <span class='ocrx_word' id='word_1_227' title='bbox 895 2815 1140 2851; x_wconf 89' lang='lat' dir='ltr'><strong>contem-</strong></span> 
     </span>
     <span class='ocr_line' id='line_1_38' title="bbox 331 2865 1140 2919; baseline 0.002 -14"><span class='ocrx_word' id='word_1_228' title='bbox 331 2865 665 2918; x_wconf 81' lang='lat' dir='ltr'><strong>plationem,</strong></span> <span class='ocrx_word' id='word_1_229' title='bbox 697 2879 836 2919; x_wconf 82' lang='lat' dir='ltr'><strong>quae</strong></span> <span class='ocrx_word' id='word_1_230' title='bbox 861 2867 1140 2909; x_wconf 87' lang='lat' dir='ltr'><strong>disseren-</strong></span> 
     </span>
     <span class='ocr_line' id='line_1_39' title="bbox 333 2921 1141 2978; baseline 0.004 -15"><span class='ocrx_word' id='word_1_231' title='bbox 333 2921 387 2963; x_wconf 90' lang='lat' dir='ltr'><strong>di</strong></span> <span class='ocrx_word' id='word_1_232' title='bbox 420 2928 540 2964; x_wconf 80' lang='lat' dir='ltr'><strong>arte</strong></span> <span class='ocrx_word' id='word_1_233' title='bbox 572 2927 776 2973; x_wconf 85' lang='lat' dir='ltr'><strong>utatur,</strong></span> <span class='ocrx_word' id='word_1_234' title='bbox 818 2937 972 2976; x_wconf 64' lang='lat' dir='ltr'><strong>quiam</strong></span> <span class='ocrx_word' id='word_1_235' title='bbox 1003 2937 1141 2978; x_wconf 82' lang='lat' dir='ltr'><strong>quae</strong></span> 
     </span>
     <span class='ocr_line' id='line_1_40' title="bbox 331 2981 1140 3033; baseline 0.005 -13"><span class='ocrx_word' id='word_1_236' title='bbox 331 2981 553 3021; x_wconf 84' lang='lat' dir='ltr'><strong>artibus</strong></span> <span class='ocrx_word' id='word_1_237' title='bbox 585 2993 719 3033; x_wconf 79' lang='lat' dir='ltr'><strong>quae</strong></span> <span class='ocrx_word' id='word_1_238' title='bbox 757 2988 1044 3033; x_wconf 80' lang='lat' dir='ltr'><strong>vocantur‚</strong></span> <span class='ocrx_word' id='word_1_239' title='bbox 1091 2983 1140 3024; x_wconf 91' lang='lat' dir='ltr'><strong>in</strong></span> 
     </span>
     <span class='ocr_line' id='line_1_41' title="bbox 333 3037 1142 3092; baseline 0.004 -15"><span class='ocrx_word' id='word_1_240' title='bbox 333 3037 549 3089; x_wconf 85' lang='lat' dir='ltr'><strong>quibus·</strong></span> <span class='ocrx_word' id='word_1_241' title='bbox 603 3039 950 3092; x_wconf 75' lang='lat' dir='ltr'><strong>sumptiones</strong></span> <span class='ocrx_word' id='word_1_242' title='bbox 1025 3042 1142 3082; x_wconf 85' lang='lat' dir='ltr'><strong>sint</strong></span> 
     </span>
     <span class='ocr_line' id='line_1_42' title="bbox 334 3095 1138 3149; baseline 0.006 -15"><span class='ocrx_word' id='word_1_243' title='bbox 334 3095 614 3149; x_wconf 81' lang='lat' dir='ltr'><strong>principia</strong></span> <span class='ocrx_word' id='word_1_244' title='bbox 648 3102 733 3137; x_wconf 84' lang='lat' dir='ltr'><strong>etc.</strong></span> <span class='ocrx_word' id='word_1_245' title='bbox 767 3097 908 3140; x_wconf 77' lang='lat' dir='ltr'><strong>Verba</strong></span> <span class='ocrx_word' id='word_1_246' title='bbox 940 3098 1005 3139; x_wconf 91' lang='lat' dir='ltr'><strong>sic</strong></span> <span class='ocrx_word' id='word_1_247' title='bbox 1035 3110 1138 3139; x_wconf 88' lang='lat' dir='ltr'><strong>con·</strong></span> 
     </span>
     <span class='ocr_line' id='line_1_43' title="bbox 333 3150 1144 3203; baseline 0.004 -12"><span class='ocrx_word' id='word_1_248' title='bbox 333 3152 566 3194; x_wconf 79' lang='lat' dir='ltr'><strong>nectenda·</strong></span> <span class='ocrx_word' id='word_1_249' title='bbox 614 3150 664 3194; x_wconf 80' lang='grc' dir='ltr'><em>τό</em></span> <span class='ocrx_word' id='word_1_250' title='bbox 710 3157 793 3196; x_wconf 81' lang='grc' dir='ltr'><strong>τοῦ</strong></span> <span class='ocrx_word' id='word_1_251' title='bbox 839 3156 967 3203; x_wconf 78' lang='grc' dir='ltr'><em>ὄντος</em></span> <span class='ocrx_word' id='word_1_252' title='bbox 997 3170 1043 3196; x_wconf 86' lang='grc' dir='ltr'><strong>τε</strong></span> <span class='ocrx_word' id='word_1_253' title='bbox 1073 3153 1144 3195; x_wconf 82' lang='grc' dir='ltr'><em>καὶ</em></span> 
     </span>
     <span class='ocr_line' id='line_1_44' title="bbox 335 3209 1144 3266; baseline 0.007 -20"><span class='ocrx_word' id='word_1_254' title='bbox 335 3213 518 3260; x_wconf 78' lang='grc' dir='ltr'><em>νοητοῦ,</em></span> <span class='ocrx_word' id='word_1_255' title='bbox 534 3231 537 3233; x_wconf 97' lang='grc'>-</span> <span class='ocrx_word' id='word_1_256' title='bbox 575 3209 878 3266; x_wconf 77' lang='grc' dir='ltr'><em>θεωρούμενον</em></span> <span class='ocrx_word' id='word_1_257' title='bbox 934 3209 1020 3255; x_wconf 72' lang='lat' dir='ltr'><strong>und</strong></span> <span class='ocrx_word' id='word_1_258' title='bbox 1066 3216 1144 3265; x_wconf 77' lang='grc' dir='ltr'><strong>τῆς</strong></span> 
     </span>
     <span class='ocr_line' id='line_1_45' title="bbox 334 3266 1004 3325; baseline 0.011 -20"><span class='ocrx_word' id='word_1_259' title='bbox 334 3268 414 3306; x_wconf 83' lang='grc' dir='ltr'><strong>τοῦ</strong></span> <span class='ocrx_word' id='word_1_260' title='bbox 447 3266 723 3320; x_wconf 77' lang='grc' dir='ltr'><em>διαλέγεσθαι</em></span> <span class='ocrx_word' id='word_1_261' title='bbox 750 3267 1004 3325; x_wconf 69' lang='grc' dir='ltr'><em>ἐπιστήμης.</em></span> 
     </span>
    </p>

    <p class='ocr_par' dir='ltr' id='par_1_8' title="bbox 336 3322 1145 3494">
     <span class='ocr_line' id='line_1_46' title="bbox 394 3322 1144 3381; baseline 0.011 -20"><span class='ocrx_word' id='word_1_262' title='bbox 394 3322 481 3362; x_wconf 77' lang='grc' dir='ltr'><em>καὶ</em></span> <span class='ocrx_word' id='word_1_263' title='bbox 523 3324 747 3377; x_wconf 76' lang='grc' dir='ltr'><em>διανοίᾳ</em></span> <span class='ocrx_word' id='word_1_264' title='bbox 783 3329 874 3381; x_wconf 77' lang='grc' dir='ltr'><strong>μὲν</strong></span> <span class='ocrx_word' id='word_1_265' title='bbox 915 3323 1144 3380; x_wconf 56' lang='lat' dir='ltr'><strong>dmyuob</strong></span> 
     </span>
     <span class='ocr_line' id='line_1_47' title="bbox 338 3378 1144 3440; baseline 0.005 -22"><span class='ocrx_word' id='word_1_266' title='bbox 338 3378 397 3429; x_wconf 85' lang='grc' dir='ltr'><strong>ζο</strong></span> <span class='ocrx_word' id='word_1_267' title='bbox 413 3395 434 3418; x_wconf 81' lang='lat' dir='ltr'><em>v</em></span> <span class='ocrx_word' id='word_1_268' title='bbox 446 3396 466 3419; x_wconf 84' lang='grc' dir='ltr'><em>τ</em></span> <span class='ocrx_word' id='word_1_269' title='bbox 481 3395 509 3419; x_wconf 88' lang='grc' dir='ltr'><em>α</em></span> <span class='ocrx_word' id='word_1_270' title='bbox 524 3397 538 3419; x_wconf 91' lang='grc' dir='ltr'><strong>ι</strong></span> <span class='ocrx_word' id='word_1_271' title='bbox 561 3381 632 3435; x_wconf 84' lang='grc'><strong>-]</strong></span> <span class='ocrx_word' id='word_1_272' title='bbox 669 3383 978 3426; x_wconf 82' lang='lat' dir='ltr'><strong>Anacoiuthon</strong></span> <span class='ocrx_word' id='word_1_273' title='bbox 1001 3384 1144 3440; x_wconf 82' lang='lat' dir='ltr'><strong>pauiio</strong></span> 
     </span>
     <span class='ocr_line' id='line_1_48' title="bbox 336 3437 1145 3494; baseline 0.001 -15"><span class='ocrx_word' id='word_1_274' title='bbox 336 3437 571 3490; x_wconf 77' lang='lat' dir='ltr'><strong>audacius,</strong></span> <span class='ocrx_word' id='word_1_275' title='bbox 607 3439 963 3494; x_wconf 78' lang='lat' dir='ltr'><strong>quandoquidem</strong></span> <span class='ocrx_word' id='word_1_276' title='bbox 995 3439 1145 3484; x_wconf 83' lang='lat' dir='ltr'><strong>dehinc</strong></span> 
     </span>
    </p>
   </div>
   <div class='ocr_carea' id='block_1_8' title="bbox 1224 1654 2063 3495">
    <p class='ocr_par' dir='ltr' id='par_1_9' title="bbox 1224 1654 2063 3495">
     <span class='ocr_line' id='line_1_49' title="bbox 1229 1654 2035 1708; baseline 0.001 -13"><span class='ocrx_word' id='word_1_277' title='bbox 1229 1659 1409 1708; x_wconf 87' lang='lat' dir='ltr'><strong>repente</strong></span> <span class='ocrx_word' id='word_1_278' title='bbox 1419 1654 1603 1695; x_wconf 76' lang='lat' dir='ltr'><strong>infertur</strong></span> <span class='ocrx_word' id='word_1_279' title='bbox 1615 1654 1754 1695; x_wconf 78' lang='lat' dir='ltr'><strong>oratio</strong></span> <span class='ocrx_word' id='word_1_280' title='bbox 1768 1659 1882 1696; x_wconf 81' lang='lat' dir='ltr'><strong>recta</strong></span> <span class='ocrx_word' id='word_1_281' title='bbox 1889 1666 2035 1707; x_wconf 85' lang='lat' dir='ltr'><strong>‚quum</strong></span> 
     </span>
     <span class='ocr_line' id='line_1_50' title="bbox 1229 1709 2038 1766; baseline 0 -14"><span class='ocrx_word' id='word_1_282' title='bbox 1229 1713 1373 1753; x_wconf 89' lang='lat' dir='ltr'><strong>verbis</strong></span> <span class='ocrx_word' id='word_1_283' title='bbox 1425 1725 1478 1753; x_wconf 83' lang='lat' dir='ltr'><strong>ex</strong></span> <span class='ocrx_word' id='word_1_284' title='bbox 1519 1709 1670 1765; x_wconf 78' lang='grc' dir='ltr'><em>βούλει</em></span> <span class='ocrx_word' id='word_1_285' title='bbox 1712 1710 1915 1766; x_wconf 72' lang='grc' dir='ltr'><em>διορίζειν</em></span> <span class='ocrx_word' id='word_1_286' title='bbox 1966 1725 2038 1753; x_wconf 89' lang='lat' dir='ltr'><strong>su-</strong></span> 
     </span>
     <span class='ocr_line' id='line_1_51' title="bbox 1229 1767 2039 1837; baseline -0.001 -26"><span class='ocrx_word' id='word_1_287' title='bbox 1229 1770 1398 1823; x_wconf 78' lang='lat' dir='ltr'><strong>spensis</strong></span> <span class='ocrx_word' id='word_1_288' title='bbox 1423 1770 1567 1837; x_wconf 84' lang='lat' dir='ltr'><strong>pergi</strong></span> <span class='ocrx_word' id='word_1_289' title='bbox 1572 1767 1793 1811; x_wconf 85' lang='lat' dir='ltr'><strong>debuerit.</strong></span> <span class='ocrx_word' id='word_1_290' title='bbox 1815 1785 1884 1809; x_wconf 83' lang='grc' dir='ltr'><strong>και</strong></span> <span class='ocrx_word' id='word_1_291' title='bbox 1905 1768 2039 1824; x_wconf 79' lang='grc' dir='ltr'><em>ἆιαγ-</em></span> 
     </span>
     <span class='ocr_line' id='line_1_52' title="bbox 1227 1825 2035 1894; baseline 0.001 -27"><span class='ocrx_word' id='word_1_292' title='bbox 1227 1825 1444 1877; x_wconf 77' lang='grc' dir='ltr'><em>κιίζεσθαι</em></span> <span class='ocrx_word' id='word_1_293' title='bbox 1489 1841 1595 1872; x_wconf 76' lang='grc' dir='ltr'><em>τους</em></span> <span class='ocrx_word' id='word_1_294' title='bbox 1636 1826 1884 1894; x_wconf 78' lang='grc' dir='ltr'><em>θεωμένους</em></span> <span class='ocrx_word' id='word_1_295' title='bbox 1923 1825 2035 1868; x_wconf 74' lang='grc' dir='ltr'><em>αι’τιὶ</em></span> 
     </span>
     <span class='ocr_line' id='line_1_53' title="bbox 1229 1880 2040 1938; baseline 0 -12"><span class='ocrx_word' id='word_1_296' title='bbox 1229 1885 1400 1937; x_wconf 80' lang='grc' dir='ltr'><em>διανοίᾳ</em></span> <span class='ocrx_word' id='word_1_297' title='bbox 1438 1887 1512 1938; x_wconf 68' lang='grc' dir='ltr'><strong>μὲν</strong></span> <span class='ocrx_word' id='word_1_298' title='bbox 1551 1880 1656 1924; x_wconf 74' lang='grc' dir='ltr'><strong>ἀλλὰ</strong></span> <span class='ocrx_word' id='word_1_299' title='bbox 1697 1881 1754 1937; x_wconf 76' lang='grc' dir='ltr'><strong>μὴ</strong></span> <span class='ocrx_word' id='word_1_300' title='bbox 1802 1883 2040 1935; x_wconf 67' lang='grc' dir='ltr'><em>αἰσθήσεσι</em></span> 
     </span>
     <span class='ocr_line' id='line_1_54' title="bbox 1233 1939 2036 1997; baseline 0.001 -14"><span class='ocrx_word' id='word_1_301' title='bbox 1233 1942 1310 1997; x_wconf 79' lang='grc' dir='ltr'><strong>(αὐ</strong></span> <span class='ocrx_word' id='word_1_302' title='bbox 1322 1941 1390 1995; x_wconf 81' lang='grc' dir='ltr'><strong>τὰ)</strong></span> <span class='ocrx_word' id='word_1_303' title='bbox 1414 1945 1634 1992; x_wconf 79' lang='grc' dir='ltr'><em>θεᾶσθαι,</em></span> <span class='ocrx_word' id='word_1_304' title='bbox 1657 1940 1727 1982; x_wconf 85' lang='grc' dir='ltr'><strong>δια</strong></span> <span class='ocrx_word' id='word_1_305' title='bbox 1751 1942 1796 1982; x_wconf 73' lang='grc' dir='ltr'><strong>δὲ</strong></span> <span class='ocrx_word' id='word_1_306' title='bbox 1815 1957 1867 1982; x_wconf 82' lang='grc' dir='ltr'><strong>το</strong></span> <span class='ocrx_word' id='word_1_307' title='bbox 1888 1939 1947 1997; x_wconf 61' lang='grc' dir='ltr'><strong>μὴ</strong></span> <span class='ocrx_word' id='word_1_308' title='bbox 1975 1941 2036 1984; x_wconf 71' lang='grc' dir='ltr'><strong>ἐπ’</strong></span> 
     </span>
     <span class='ocr_line' id='line_1_55' title="bbox 1227 1997 2039 2054; baseline -0.001 -13"><span class='ocrx_word' id='word_1_309' title='bbox 1227 1997 1368 2054; x_wconf 71' lang='grc' dir='ltr'><em>ἀρχὴν</em></span> <span class='ocrx_word' id='word_1_310' title='bbox 1391 1997 1663 2046; x_wconf 76' lang='grc' dir='ltr'><em>ἀνελθόντας</em></span> <span class='ocrx_word' id='word_1_311' title='bbox 1687 2004 1858 2040; x_wconf 79' lang='grc' dir='ltr'><em>σκοπεῖν</em></span> <span class='ocrx_word' id='word_1_312' title='bbox 1880 2022 1936 2030; x_wconf 96' lang='lat'>—</span> <span class='ocrx_word' id='word_1_313' title='bbox 1969 2001 2039 2042; x_wconf 83' lang='grc' dir='ltr'><strong>δο-</strong></span> 
     </span>
     <span class='ocr_line' id='line_1_56' title="bbox 1228 2055 2040 2112; baseline 0 -13"><span class='ocrx_word' id='word_1_314' title='bbox 1228 2063 1314 2099; x_wconf 81' lang='grc' dir='ltr'><em>κεῖν</em></span> <span class='ocrx_word' id='word_1_315' title='bbox 1352 2055 1433 2098; x_wconf 80' lang='grc' dir='ltr'><strong>ουίι</strong></span> <span class='ocrx_word' id='word_1_316' title='bbox 1461 2057 1596 2108; x_wconf 67' lang='grc' dir='ltr'><em>ἴσχειν</em></span> <span class='ocrx_word' id='word_1_317' title='bbox 1635 2061 1741 2098; x_wconf 80' lang='grc' dir='ltr'><em>νοῦν</em></span> <span class='ocrx_word' id='word_1_318' title='bbox 1780 2057 1878 2112; x_wconf 79' lang='grc' dir='ltr'><em>περὶ</em></span> <span class='ocrx_word' id='word_1_319' title='bbox 1923 2056 2040 2099; x_wconf 67' lang='grc' dir='ltr'><em>αὐτοί</em></span> 
     </span>
     <span class='ocr_line' id='line_1_57' title="bbox 1227 2115 2063 2168; baseline 0.001 -12"><span class='ocrx_word' id='word_1_320' title='bbox 1227 2116 1314 2157; x_wconf 82' lang='grc' dir='ltr'><strong>κτλ.</strong></span> <span class='ocrx_word' id='word_1_321' title='bbox 1375 2118 1429 2156; x_wconf 78' lang='lat' dir='ltr'><strong>At</strong></span> <span class='ocrx_word' id='word_1_322' title='bbox 1462 2126 1567 2156; x_wconf 89' lang='lat' dir='ltr'><strong>usus</strong></span> <span class='ocrx_word' id='word_1_323' title='bbox 1601 2121 1668 2156; x_wconf 87' lang='lat' dir='ltr'><strong>est</strong></span> <span class='ocrx_word' id='word_1_324' title='bbox 1699 2115 1888 2168; x_wconf 78' lang='lat' dir='ltr'><strong>scriptor</strong></span> <span class='ocrx_word' id='word_1_325' title='bbox 1919 2123 2063 2157; x_wconf 48' lang='lat' dir='ltr'><strong>rectas</strong></span> 
     </span>
     <span class='ocr_line' id='line_1_58' title="bbox 1227 2173 2034 2227; baseline 0.001 -13"><span class='ocrx_word' id='word_1_326' title='bbox 1227 2173 1441 2224; x_wconf 77' lang='lat' dir='ltr'><strong>oratione,</strong></span> <span class='ocrx_word' id='word_1_327' title='bbox 1473 2184 1526 2213; x_wconf 87' lang='lat' dir='ltr'><strong>ne</strong></span> <span class='ocrx_word' id='word_1_328' title='bbox 1547 2177 1726 2226; x_wconf 82' lang='lat' dir='ltr'><strong>propter</strong></span> <span class='ocrx_word' id='word_1_329' title='bbox 1749 2174 2034 2227; x_wconf 75' lang='lat' dir='ltr'><strong>compiurinm</strong></span> 
     </span>
     <span class='ocr_line' id='line_1_59' title="bbox 1228 2231 2039 2273; baseline 0 -1"><span class='ocrx_word' id='word_1_330' title='bbox 1228 2231 1526 2273; x_wconf 86' lang='lat' dir='ltr'><strong>infinitivorum</strong></span> <span class='ocrx_word' id='word_1_331' title='bbox 1562 2243 1817 2272; x_wconf 84' lang='lat' dir='ltr'><strong>concursum</strong></span> <span class='ocrx_word' id='word_1_332' title='bbox 1852 2232 2039 2272; x_wconf 87' lang='lat' dir='ltr'><strong>oriretur</strong></span> 
     </span>
     <span class='ocr_line' id='line_1_60' title="bbox 1227 2288 2036 2341; baseline 0 -11"><span class='ocrx_word' id='word_1_333' title='bbox 1227 2289 1489 2338; x_wconf 80' lang='lat' dir='ltr'><strong>obscuritas,</strong></span> <span class='ocrx_word' id='word_1_334' title='bbox 1512 2289 1740 2341; x_wconf 86' lang='lat' dir='ltr'><strong>potuitque</strong></span> <span class='ocrx_word' id='word_1_335' title='bbox 1764 2288 1842 2330; x_wconf 79' lang='lat' dir='ltr'><strong>hac</strong></span> <span class='ocrx_word' id='word_1_336' title='bbox 1863 2288 2036 2330; x_wconf 85' lang='lat' dir='ltr'><strong>dicendi</strong></span> 
     </span>
     <span class='ocr_line' id='line_1_61' title="bbox 1227 2345 2038 2399; baseline 0.001 -12"><span class='ocrx_word' id='word_1_337' title='bbox 1227 2347 1363 2388; x_wconf 84' lang='lat' dir='ltr'><strong>forma</strong></span> <span class='ocrx_word' id='word_1_338' title='bbox 1405 2345 1506 2386; x_wconf 86' lang='lat' dir='ltr'><strong>ideo</strong></span> <span class='ocrx_word' id='word_1_339' title='bbox 1558 2345 1638 2394; x_wconf 91' lang='lat' dir='ltr'><strong>uti,</strong></span> <span class='ocrx_word' id='word_1_340' title='bbox 1684 2346 1784 2399; x_wconf 77' lang='lat' dir='ltr'><strong>quis</strong></span> <span class='ocrx_word' id='word_1_341' title='bbox 1837 2345 1942 2388; x_wconf 82' lang='lat' dir='ltr'><strong>haec</strong></span> <span class='ocrx_word' id='word_1_342' title='bbox 1982 2359 2038 2388; x_wconf 78' lang='lat' dir='ltr'><strong>ex</strong></span> 
     </span>
     <span class='ocr_line' id='line_1_62' title="bbox 1228 2403 2037 2447; baseline 0.001 -2"><span class='ocrx_word' id='word_1_343' title='bbox 1228 2408 1371 2446; x_wconf 88' lang='lat' dir='ltr'><strong>mente</strong></span> <span class='ocrx_word' id='word_1_344' title='bbox 1381 2403 1619 2445; x_wconf 80' lang='lat' dir='ltr'><strong>Glauconis</strong></span> <span class='ocrx_word' id='word_1_345' title='bbox 1634 2403 2037 2447; x_wconf 82' lang='lat' dir='ltr'><strong>referuntur.Prae·</strong></span> 
     </span>
     <span class='ocr_line' id='line_1_63' title="bbox 1227 2459 2034 2516; baseline -0.001 -12"><span class='ocrx_word' id='word_1_346' title='bbox 1227 2468 1347 2504; x_wconf 84' lang='lat' dir='ltr'><strong>terea</strong></span> <span class='ocrx_word' id='word_1_347' title='bbox 1383 2459 1498 2501; x_wconf 78' lang='grc' dir='ltr'><em>αὐτά</em></span> <span class='ocrx_word' id='word_1_348' title='bbox 1534 2475 1611 2515; x_wconf 91' lang='lat' dir='ltr'><strong>per</strong></span> <span class='ocrx_word' id='word_1_349' title='bbox 1643 2463 1812 2515; x_wconf 83' lang='lat' dir='ltr'><strong>synesin</strong></span> <span class='ocrx_word' id='word_1_350' title='bbox 1845 2462 2034 2516; x_wconf 89' lang='lat' dir='ltr'><strong>positum</strong></span> 
     </span>
     <span class='ocr_line' id='line_1_64' title="bbox 1229 2517 2032 2573; baseline -0.002 -12"><span class='ocrx_word' id='word_1_351' title='bbox 1229 2520 1416 2561; x_wconf 82' lang='lat' dir='ltr'><strong>refertur</strong></span> <span class='ocrx_word' id='word_1_352' title='bbox 1445 2518 1498 2558; x_wconf 79' lang='lat' dir='ltr'><strong>sd</strong></span> <span class='ocrx_word' id='word_1_353' title='bbox 1538 2525 1838 2573; x_wconf 73' lang='lat' dir='ltr'><strong>antegressum</strong></span> <span class='ocrx_word' id='word_1_354' title='bbox 1871 2517 1921 2560; x_wconf 77' lang='grc' dir='ltr'><strong>τὸ</strong></span> <span class='ocrx_word' id='word_1_355' title='bbox 1947 2517 2032 2559; x_wconf 78' lang='grc' dir='ltr'><strong>ὑπὸ</strong></span> 
     </span>
     <span class='ocr_line' id='line_1_65' title="bbox 1226 2575 2036 2631; baseline -0.004 -13"><span class='ocrx_word' id='word_1_356' title='bbox 1226 2582 1312 2618; x_wconf 84' lang='grc' dir='ltr'><strong>τῶν</strong></span> <span class='ocrx_word' id='word_1_357' title='bbox 1340 2580 1496 2626; x_wconf 74' lang='grc' dir='ltr'><em>τεχνῶν</em></span> <span class='ocrx_word' id='word_1_358' title='bbox 1517 2575 1839 2631; x_wconf 70' lang='grc' dir='ltr'><em>θεωρούμενον,</em></span> <span class='ocrx_word' id='word_1_359' title='bbox 1869 2582 1916 2618; x_wconf 81' lang='lat' dir='ltr'><strong>ut</strong></span> <span class='ocrx_word' id='word_1_360' title='bbox 1947 2589 2036 2618; x_wconf 82' lang='lat' dir='ltr'><strong>res</strong></span> 
     </span>
     <span class='ocr_line' id='line_1_66' title="bbox 1227 2633 2036 2687; baseline -0.002 -11"><span class='ocrx_word' id='word_1_361' title='bbox 1227 2633 1738 2677; x_wconf 79' lang='lat' dir='ltr'><strong>matbematicorum</strong></span> <span class='ocrx_word' id='word_1_362' title='bbox 1784 2633 2036 2687; x_wconf 79' lang='lat' dir='ltr'><strong>discipli·</strong></span> 
     </span>
     <span class='ocr_line' id='line_1_67' title="bbox 1226 2692 2033 2744; baseline -0.002 -10"><span class='ocrx_word' id='word_1_363' title='bbox 1226 2694 1317 2734; x_wconf 85' lang='lat' dir='ltr'><strong>nis</strong></span> <span class='ocrx_word' id='word_1_364' title='bbox 1372 2692 1669 2734; x_wconf 82' lang='lat' dir='ltr'><strong>subiectae</strong></span> <span class='ocrx_word' id='word_1_365' title='bbox 1725 2692 2033 2744; x_wconf 80' lang='lat' dir='ltr'><strong>intelligantur.</strong></span> 
     </span>
     <span class='ocr_line' id='line_1_68' title="bbox 1225 2748 2039 2803; baseline -0.001 -12"><span class='ocrx_word' id='word_1_366' title='bbox 1225 2751 1383 2802; x_wconf 77' lang='lat' dir='ltr'><strong>Itaque</strong></span> <span class='ocrx_word' id='word_1_367' title='bbox 1415 2748 1495 2791; x_wconf 85' lang='lat' dir='ltr'><strong>hoc</strong></span> <span class='ocrx_word' id='word_1_368' title='bbox 1517 2750 1644 2792; x_wconf 90' lang='lat' dir='ltr'><strong>dicit:</strong></span> <span class='ocrx_word' id='word_1_369' title='bbox 1677 2756 1731 2792; x_wconf 90' lang='lat' dir='ltr'><strong>et</strong></span> <span class='ocrx_word' id='word_1_370' title='bbox 1762 2754 2039 2803; x_wconf 84' lang='lat' dir='ltr'><strong>coguntur</strong></span> 
     </span>
     <span class='ocr_line' id='line_1_69' title="bbox 1226 2808 2037 2861; baseline -0.002 -13"><span class='ocrx_word' id='word_1_371' title='bbox 1226 2809 1318 2861; x_wconf 85' lang='lat' dir='ltr'><strong>qui</strong></span> <span class='ocrx_word' id='word_1_372' title='bbox 1353 2808 1460 2849; x_wconf 82' lang='lat' dir='ltr'><strong>ista</strong></span> <span class='ocrx_word' id='word_1_373' title='bbox 1481 2809 1933 2861; x_wconf 76' lang='lat' dir='ltr'><strong>contemplantur</strong></span> <span class='ocrx_word' id='word_1_374' title='bbox 1959 2820 2037 2847; x_wconf 83' lang='lat' dir='ltr'><strong>se-</strong></span> 
     </span>
     <span class='ocr_line' id='line_1_70' title="bbox 1225 2865 2032 2909; baseline -0.002 -2"><span class='ocrx_word' id='word_1_375' title='bbox 1225 2865 1453 2907; x_wconf 87' lang='lat' dir='ltr'><strong>cundum</strong></span> <span class='ocrx_word' id='word_1_376' title='bbox 1500 2873 1649 2909; x_wconf 82' lang='lat' dir='ltr'><strong>tuam</strong></span> <span class='ocrx_word' id='word_1_377' title='bbox 1692 2865 2032 2906; x_wconf 84' lang='lat' dir='ltr'><strong>sententiam</strong></span> 
     </span>
     <span class='ocr_line' id='line_1_71' title="bbox 1226 2921 2035 2975; baseline -0.001 -11"><span class='ocrx_word' id='word_1_378' title='bbox 1226 2935 1328 2964; x_wconf 93' lang='lat' dir='ltr'><strong>non</strong></span> <span class='ocrx_word' id='word_1_379' title='bbox 1369 2922 1588 2975; x_wconf 86' lang='lat' dir='ltr'><strong>quidem</strong></span> <span class='ocrx_word' id='word_1_380' title='bbox 1634 2921 1900 2963; x_wconf 79' lang='lat' dir='ltr'><strong>sensibus</strong></span> <span class='ocrx_word' id='word_1_381' title='bbox 1941 2922 2035 2963; x_wconf 89' lang='lat' dir='ltr'><strong>sed</strong></span> 
     </span>
     <span class='ocr_line' id='line_1_72' title="bbox 1226 2979 2038 3034; baseline 0 -14"><span class='ocrx_word' id='word_1_382' title='bbox 1226 2979 1397 3030; x_wconf 78' lang='grc' dir='ltr'><em>διανοίᾳ</em></span> <span class='ocrx_word' id='word_1_383' title='bbox 1436 2981 1517 3022; x_wconf 89' lang='lat' dir='ltr'><strong>uti</strong></span> <span class='ocrx_word' id='word_1_384' title='bbox 1555 2979 1628 3034; x_wconf 89' lang='lat' dir='ltr'><strong>(id</strong></span> <span class='ocrx_word' id='word_1_385' title='bbox 1669 2979 1785 3032; x_wconf 89' lang='lat' dir='ltr'><strong>quod</strong></span> <span class='ocrx_word' id='word_1_386' title='bbox 1828 2979 2038 3022; x_wconf 85' lang='lat' dir='ltr'><strong>Socrates</strong></span> 
     </span>
     <span class='ocr_line' id='line_1_73' title="bbox 1227 3036 2036 3092; baseline -0.007 -14"><span class='ocrx_word' id='word_1_387' title='bbox 1227 3052 1267 3091; x_wconf 93' lang='lat' dir='ltr'><strong>p.</strong></span> <span class='ocrx_word' id='word_1_388' title='bbox 1297 3037 1395 3081; x_wconf 83' lang='lat'>510.</span> <span class='ocrx_word' id='word_1_389' title='bbox 1417 3038 1472 3079; x_wconf 84' lang='lat' dir='ltr'><strong>E.</strong></span> <span class='ocrx_word' id='word_1_390' title='bbox 1505 3036 1806 3092; x_wconf 74' lang='lat' dir='ltr'><strong>significavit);</strong></span> <span class='ocrx_word' id='word_1_391' title='bbox 1838 3049 2036 3079; x_wconf 82' lang='lat' dir='ltr'><strong>vernn-</strong></span> 
     </span>
     <span class='ocr_line' id='line_1_74' title="bbox 1226 3095 2036 3146; baseline -0.001 -9"><span class='ocrx_word' id='word_1_392' title='bbox 1226 3101 1403 3137; x_wconf 81' lang='lat' dir='ltr'><strong>tamen</strong></span> <span class='ocrx_word' id='word_1_393' title='bbox 1435 3095 1696 3136; x_wconf 86' lang='lat' dir='ltr'><strong>videntur</strong></span> <span class='ocrx_word' id='word_1_394' title='bbox 1741 3095 1871 3146; x_wconf 76' lang='lat' dir='ltr'><strong>tibi,</strong></span> <span class='ocrx_word' id='word_1_395' title='bbox 1909 3107 2036 3146; x_wconf 87' lang='lat' dir='ltr'><strong>quo-</strong></span> 
     </span>
     <span class='ocr_line' id='line_1_75' title="bbox 1230 3152 2034 3206; baseline 0 -12"><span class='ocrx_word' id='word_1_396' title='bbox 1230 3154 1364 3194; x_wconf 83' lang='lat' dir='ltr'><strong>niam</strong></span> <span class='ocrx_word' id='word_1_397' title='bbox 1425 3165 1531 3193; x_wconf 92' lang='lat' dir='ltr'><strong>non</strong></span> <span class='ocrx_word' id='word_1_398' title='bbox 1593 3152 1657 3193; x_wconf 79' lang='lat' dir='ltr'><strong>ad</strong></span> <span class='ocrx_word' id='word_1_399' title='bbox 1704 3152 2034 3206; x_wconf 86' lang='lat' dir='ltr'><strong>principium</strong></span> 
     </span>
     <span class='ocr_line' id='line_1_76' title="bbox 1224 3208 2036 3263; baseline 0 -12"><span class='ocrx_word' id='word_1_400' title='bbox 1224 3208 1605 3252; x_wconf 42' lang='lat' dir='ltr'><strong>*ascendentes</strong></span> <span class='ocrx_word' id='word_1_401' title='bbox 1653 3209 1747 3251; x_wconf 87' lang='lat' dir='ltr'><strong>sed</strong></span> <span class='ocrx_word' id='word_1_402' title='bbox 1789 3222 1857 3252; x_wconf 82' lang='lat' dir='ltr'><strong>ex</strong></span> <span class='ocrx_word' id='word_1_403' title='bbox 1913 3222 2036 3263; x_wconf 89' lang='lat' dir='ltr'><strong>sup—</strong></span> 
     </span>
     <span class='ocr_line' id='line_1_77' title="bbox 1231 3267 2036 3322; baseline 0 -14"><span class='ocrx_word' id='word_1_404' title='bbox 1231 3267 1612 3322; x_wconf 88' lang='lat' dir='ltr'><strong>positionibus</strong></span> <span class='ocrx_word' id='word_1_405' title='bbox 1673 3281 1733 3309; x_wconf 81' lang='lat' dir='ltr'><strong>ea</strong></span> <span class='ocrx_word' id='word_1_406' title='bbox 1790 3267 2036 3308; x_wconf 86' lang='lat' dir='ltr'><strong>conside-</strong></span> 
     </span>
     <span class='ocr_line' id='line_1_78' title="bbox 1230 3326 2033 3377; baseline -0.001 -11"><span class='ocrx_word' id='word_1_407' title='bbox 1230 3329 1380 3376; x_wconf 78' lang='lat' dir='ltr'><strong>rant,</strong></span> <span class='ocrx_word' id='word_1_408' title='bbox 1403 3326 1752 3367; x_wconf 81' lang='lat' dir='ltr'><strong>intellectum</strong></span> <span class='ocrx_word' id='word_1_409' title='bbox 1775 3326 1912 3377; x_wconf 77' lang='grc' dir='ltr'><em>(νοῦν)</em></span> <span class='ocrx_word' id='word_1_410' title='bbox 1933 3327 2033 3366; x_wconf 86' lang='lat' dir='ltr'><strong>cir-</strong></span> 
     </span>
     <span class='ocr_line' id='line_1_79' title="bbox 1231 3381 2035 3432; baseline -0.001 -9"><span class='ocrx_word' id='word_1_411' title='bbox 1231 3395 1289 3423; x_wconf 87' lang='lat' dir='ltr'><strong>ca</strong></span> <span class='ocrx_word' id='word_1_412' title='bbox 1349 3381 1484 3424; x_wconf 78' lang='lat' dir='ltr'><strong>haec</strong></span> <span class='ocrx_word' id='word_1_413' title='bbox 1537 3384 1763 3425; x_wconf 59' lang='lat' dir='ltr'><strong>minime*</strong></span> <span class='ocrx_word' id='word_1_414' title='bbox 1809 3382 2035 3432; x_wconf 81' lang='lat' dir='ltr'><strong>habere,</strong></span> 
     </span>
     <span class='ocr_line' id='line_1_80' title="bbox 1231 3440 2038 3495; baseline -0.002 -14"><span class='ocrx_word' id='word_1_415' title='bbox 1231 3440 1369 3482; x_wconf 88' lang='lat' dir='ltr'><strong>licet</strong></span> <span class='ocrx_word' id='word_1_416' title='bbox 1425 3453 1538 3482; x_wconf 90' lang='lat' dir='ltr'><strong>cum</strong></span> <span class='ocrx_word' id='word_1_417' title='bbox 1592 3440 1870 3495; x_wconf 88' lang='lat' dir='ltr'><strong>principio</strong></span> <span class='ocrx_word' id='word_1_418' title='bbox 1923 3442 2038 3480; x_wconf 82' lang='lat' dir='ltr'><strong>sint</strong></span> 
     </span>
    </p>
   </div>
  </div>
 </body>
</html>
