2124 3744
0 3141 30 3546 1

712 137 926 195 LIBRI
979 136 1233 195 SEXTI.
1769 136 1834 186 13

126 282 283 350 Quae
324 299 491 351 quum
529 285 602 335 ita
639 282 768 349 sint,
807 279 1119 351 philosophi
1159 280 1293 333 tales
1332 286 1490 332 erunt
1542 277 1825 333 civitatum

126 361 397 421 rectores,
450 355 504 407 in
542 352 742 423 quibus
778 351 914 404 nihil
951 349 1022 404 ad
1061 350 1275 404 laudem
1315 349 1685 413 desider-etun
1749 349 1830 402 ni-

126 425 200 478 hil
261 426 600 495 reperiatur,
671 423 821 494 quod
871 422 995 492 quis
1050 423 1228 494 possit
1289 419 1703 493 reprehendere.
1765 450 1829 459 —

124 496 323 566 Neque
371 506 456 551 est
504 516 601 551 cur
648 513 909 567 negemus
955 493 1074 547 fieri
1125 512 1324 564 posse,
1376 503 1437 547 ut
1485 511 1677 565 regum
1731 490 1831 545 filii

125 586 365 638 unquam
415 566 731 639 philosophi
779 564 1034 620 evadant.
1109 565 1254 619 Nam
1295 565 1426 619 licet
1462 562 1520 617 id
1556 563 1829 618 rarissime

125 639 367 693 futurum
415 657 540 694 esse
588 639 748 693 facile
785 637 1112 710 largiamur,
1171 646 1354 690 tamen
1396 634 1645 690 accidere
1682 642 1829 689 certe

124 709 421 781 aliquando
468 718 678 781 potest3
734 718 787 763 et
841 710 928 763 vel
977 727 1150 778 unuS,
1191 709 1236 763 si
1276 706 1500 778 quando
1540 707 1828 775 exstiterit,

123 781 180 836 id
216 781 437 836 efficere
470 781 692 853 poterit,
732 790 795 835 ut
832 781 1127 848 civitatem,
1166 780 1381 851 qualem
1418 797 1520 832 nos
1560 785 1829 849 optamus,

123 854 180 908 in
217 853 235 907 i
306 871 394 907 am
431 852 711 907 hominum
749 853 916 906 vitam
940 851 1274 907 introducat.
1351 849 1630 919 Quocirca
1670 849 1830 902 etiam

124 924 218 978 illu
307 943 454 978 nunc
502 923 934 978 demonstratum
973 932 1085 993 est,
1149 922 1299 994 quod
1336 930 1501 976 antea
1538 920 1832 976 dubitaba-

124 1005 244 1064 tur,
293 1014 412 1050 esse
459 1014 627 1068 posse
676 995 869 1066 utique
918 997 974 1050 in
1036 996 1156 1067 ipsa
1202 995 1482 1049 hominum
1546 993 1662 1046 vita
1714 1011 1831 1046 eam

124 1086 289 1138 quam
340 1066 731 1139 descripsimus
791 1087 903 1121 rem
946 1067 1213 1134 ublicam,
1264 1065 1524 1134 sublatiS,
1591 1083 1731 1134 quae
1782 1065 1831 1117 ei

124 1140 367 1208 obstant,
406 1137 823 1211 impedimentis.
950 1181 962 1193 .
1002 1141 1124 1193 501.
1163 1138 1230 1192 E.
1273 1169 1339 1177 -
1380 1138 1500 1191 502.
1540 1134 1603 1190 C.

263 1281 566 1353 Postquam
617 1283 862 1353 quales
914 1300 1038 1336 esse
1077 1280 1315 1336 debeant
1351 1280 1591 1334 civitatis
1630 1279 1831 1352 princi-

123 1371 222 1425 pes
271 1354 582 1427 expositum
620 1363 736 1424 est,
789 1354 1049 1410 Socrates
1102 1352 1173 1407 ad
1212 1372 1277 1406 ea
1314 1353 1638 1421 revertitur,
1691 1370 1831 1422 quae

122 1424 192 1480 de
241 1444 428 1480 eorum
476 1425 830 1481 institutione
880 1445 947 1480 ac
996 1424 1292 1498 disciplina
1337 1424 1395 1478 in
1455 1423 1835 1497 superioribus

122 1497 262 1553 libro
298 1498 462 1553 tertio
501 1497 773 1553 disserere
810 1498 1143 1568 instituerat,
1185 1504 1352 1567 atque
1391 1495 1589 1550 docere
1628 1495 1829 1568 pergit,

123 1588 259 1640 quo
310 1567 508 1623 modo
558 1579 627 1624 et
679 1589 964 1641 quarum
1012 1589 1239 1629 rerum
1290 1566 1532 1622 studio
1571 1587 1645 1622 ac
1685 1577 1831 1622 tra-

123 1641 449 1697 ctatione
489 1642 678 1696 cives
714 1641 1019 1709 evadant
1050 1641 1119 1711 ii,
1178 1640 1272 1711 qui
1315 1640 1648 1712 reipublicae
1686 1639 1831 1695 salu-

120 1722 229 1768 tem
278 1722 551 1785 perpetuo
607 1732 934 1768 conservare
971 1713 1145 1767 velint
1182 1730 1246 1766 ac
1283 1712 1515 1784 possint.
1594 1712 1682 1766 De
1722 1730 1831 1782 quo

120 1784 245 1839 loco
281 1784 363 1839 sic
397 1785 513 1839 fere
550 1784 790 1845 disserit.
864 1785 1143 1855 DiximuS,
1182 1784 1380 1854 inquit,
1413 1791 1659 1838 rectores
1698 1783 1830 1838 civi-

120 1855 249 1911 tatis
298 1853 499 1911 debere
547 1874 759 1912 summo
816 1857 1022 1929 patriae
1073 1875 1255 1912 amore
1304 1875 1422 1911 esse
1473 1855 1746 1924 imbut08,
1800 1874 1831 1909 a

157 1946 231 1984 uo
278 1926 446 2002 nullis
499 1947 740 1999 unquam
786 1928 1038 1984 fortunae
1091 1926 1568 1982 vicissitudinibus
1615 1926 1831 1999 possint

120 1947 351 2072 depelli,
412 2019 709 2072 eorumque
762 2000 1232 2056 constantissimos
1287 1999 1513 2054 summis
1575 1998 1831 2054 laudibus

121 2089 187 2126 ac
231 2071 488 2143 praemiis
536 2091 656 2128 esse
695 2072 1035 2129 afficiendos.
1112 2073 1277 2127 Nunc
1315 2072 1487 2144 igitur
1525 2071 1686 2125 etiam
1725 2070 1830 2125 hoc

119 2141 460 2214 adiiciamus,
498 2143 758 2201 custodes
794 2144 1131 2221 reipublicae
1169 2143 1547 2199 exactissimos
1584 2142 1830 2215 philoso-

120 2213 261 2287 phos
309 2233 430 2272 esse
474 2225 770 2289 oportere.¹
820 2215 1152 2287 Quanquam
1190 2216 1352 2290 pauci
1391 2222 1584 2284 erunt,
1662 2216 1719 2269 ui
1758 2215 1829 2270 si-

121 2285 232 2344 mul
266 2294 323 2342 et
358 2287 647 2344 custodum
684 2289 911 2345 virtutes
949 2288 1225 2359 habeant,
1265 2287 1455 2359 quales
1495 2286 1613 2342 desi
1655 2288 1830 2342 eravi-

122 2377 277 2428 mus,
329 2368 387 2415 et
431 2358 745 2433 philosophi
796 2360 982 2416 indole
1032 2360 1143 2417 sint
1192 2359 1447 2433 praediti.
1541 2359 1686 2414 Nam
1737 2360 1828 2431 qui

119 2431 411 2485 memoriae
450 2432 712 2501 bonitate,
751 2431 959 2505 ingenii
996 2432 1293 2502 docilitate,
1333 2432 1498 2486 animi
1524 2432 1827 2501 alacritate,

120 2501 354 2574 aliisque
402 2501 719 2559 huiusmodi
755 2504 1051 2561 virtutibus
1088 2504 1391 2574 excellunt,
1444 2503 1504 2558 hi
1541 2523 1665 2558 raro
1705 2522 1826 2558 cum

121 2572 412 2647 magnifico
444 2574 749 2647 audacique
785 2576 966 2632 animo
1003 2576 1353 2632 coniunctam
1382 2575 1590 2631 habent
1626 2575 1827 2629 iustam

122 2646 485 2703 constantiam
522 2666 589 2703 ac
625 2647 961 2719 firmitatem,
1001 2667 1111 2720 qua
1145 2646 1413 2715 fortitudo
1454 2647 1718 2702 efficitur:
1752 2655 1830 2700 et

121 2715 364 2775 vicissim
401 2718 495 2790 qui
534 2739 730 2792 graves
779 2728 910 2775 sunt
958 2728 1014 2775 et
1050 2727 1390 2789 constantes,
1429 2737 1828 2791 saepenumero

119 2788 457 2846 remissiores
493 2799 625 2847 sunt
660 2801 717 2847 et
771 2790 1144 2862 languidiores
1182 2790 1254 2846 ad
1292 2789 1573 2846 doctrinae
1613 2798 1667 2845 et
1705 2810 1827 2847 eru-

119 2858 345 2921 ditionis
398 2861 659 2919 studium.
745 2861 1222 2933 Quemadmodum
1275 2863 1456 2936 ,igitur
1502 2881 1668 2936 supra
1717 2870 1828 2918 sta-

122 2931 325 2995 tuimus
375 2934 634 2991 custodes
683 2945 903 2991 nostros
958 2936 1013 2991 in
1074 2934 1391 3005 laboribus,
1453 2934 1713 3006 periculis
1773 2943 1830 2988 et

92 3002 497 3087 ‚voluptatibus
534 3008 770 3092 spectari
846 3016 1127 3083 oportere3
1178 3006 1256 3061 ita
1302 3025 1446 3062 nunc
1482 3004 1703 3065 eosdem
1744 3005 1826 3060 iu—

120 3073 367 3132 dicamus
419 3078 621 3137 erudiri
673 3077 874 3135 debere
923 3081 977 3135 in
1017 3078 1202 3136 multis
1243 3077 1518 3134 literarum
1558 3078 1826 3152 partibuS,

120 3165 232 3274 :nilo
268 3157 479 3206 mature
514 3151 873 3224 intelligatur,
913 3172 1040 3207 num
1073 3150 1238 3207 animi
1277 3170 1464 3206 eorum
1504 3149 1828 3223 disciplinae

122 3218 134 3231 ’
184 3217 301 3303 119,
347 3238 490 3292 qnae
538 3221 609 3279 ad
664 3223 939 3294 iustitiae,
988 3222 1415 3295 temperantiae,
1469 3222 1825 3291 fortitudini8‚

120 3291 423 3364 sapientiae
458 3295 830 3367 cognitionem
869 3298 1132 3364 refertur,
1190 3294 1299 3351 vim
1338 3301 1396 3353 at
1437 3314 1504 3350 ue
1545 3308 1825 3368 praestan-

122 3362 249 3419 tiam
299 3382 497 3435 capere
545 3376 765 3437 queant.
853 3369 1005 3423 Ham·
1061 3367 1202 3422 enim
1253 3365 1429 3440 discip
1453 3366 1543 3421 ina
1592 3367 1660 3420 iis
1716 3386 1825 3420 non
