2124 3744
303 217 406 266 444
911 214 1402 269 PLATONIS

200 355 246 408 C
304 360 389 429 ριξ
433 358 503 413 δι’
570 359 690 413 ἴσου
751 369 923 430 τρεῖς,
980 367 1038 414 ὲν
1097 358 1295 430 θρόνῳ
1355 360 1621 426 ἑκάστην,
1685 365 2010 432 θυγατέρας

297 445 398 509 τῆς
462 441 761 510 Ἀνάγκης,
833 447 1088 514 Μοίρας,
1163 436 1648 516 λευχειμονούσας,
1719 451 2005 516 στέμματα

294 531 382 580 ἐπὶ
433 529 545 581 τῶν
600 530 857 602 κεφαλῶν
915 529 1179 598 ἐχούσας,
1241 529 1487 601 Λάχεσίν
1531 551 1589 584 τε
1634 533 1724 584 καὶ
1772 527 2003 584 Κλωθώ

294 614 386 665 καὶ
430 608 746 684 ”Ατ-ροπον,
807 611 1002 681 ὑμνεῖν
1060 612 1198 684 πρὸς
1241 612 1346 679 τὴν
1395 618 1507 668 τῶν
1553 613 1849 683 Σειρήνων
1905 612 2007 685 ἁρ-

293 699 526 766 μονίαν,
583 696 831 766 Λάχεσιν
885 703 988 767 μὲν
1044 696 1113 751 τα
1176 699 1480 767 γεγονότα,
1542 696 1768 751 Κλωθώ
1831 701 1888 753 δὲ
1934 695 2003 751 τὰ

295 775 466 850 ὄντα,
498 777 786 852 ’Ἄτροπον
833 784 888 834 δὲ
935 779 1004 835 τὰ
1050 786 1342 852 μέλλοντα.
1403 786 1496 837 καὶ
1543 781 1648 848 τὴν
1700 786 1801 851 μὲν
1847 784 2005 837 Κλω-

297 861 389 917 θώ
446 867 511 941 τῇ
571 866 721 935 δεξιᾷ
773 872 910 939 χειρὶ
975 873 1370 940 ἐφαπτομένην
1414 874 1862 940 συνεπιστρέᾳειν
1904 871 2006 921 τοῦ

295 948 609 1019 ἀτράκτου·
641 952 744 1015 τὴν
787 954 882 1014 ἔξω
931 952 1270 1024 περιφοράν,
1325 955 1725 1007 διαλείπουσαν
1773 950 2002 1022 χρόνον,

295 1032 400 1099 τὴν
463 1037 518 1087 δὲ
549 1031 838 1104 ’Ἄτροπον
893 1038 958 1111 τῇ
1026 1036 1294 1107 ἀριστερᾷ
1349 1035 1450 1100 τας
1500 1034 1664 1100 >ἐντὸς
1708 1028 1780 1089 αὖ
1827 1035 2004 1099 ὠςαύ-

196 1145 248 1196 D
301 1136 436 1181 τως·
499 1116 604 1182 τὴν
667 1122 722 1172 δὲ
767 1117 1015 1190 Λάχεσιν
1059 1128 1116 1175 ἐν
1159 1129 1308 1191 μέρει
1353 1126 1615 1190 ἑκατέρας
1660 1126 1892 1191 ἑκατέρα
1936 1121 2002 1195 τῇ

189 1228 192 1232 ·
297 1205 436 1272 χειρὶ
486 1200 867 1275 ἐφάπτεσθαι.
971 1201 1111 1280 Cap.
1179 1203 1308 1260 XV.
1395 1208 1572 1278 Σφᾶς
1630 1198 1758 1268 οὖν,
1817 1202 2003 1270 ἐπειδὴ

298 1287 628 1360 ἀφικέσθαι,
674 1286 853 1352 εὐθὺς
897 1291 1010 1343 δεῖν
1054 1296 1193 1343 ἱέναι
1237 1287 1376 1359 πρὸς
1421 1289 1523 1355 τὴν
1557 1290 1822 1360 Λάχεσιν.
1868 1311 2005 1358 προ-

299 1372 484 1445 φήτην
531 1363 633 1426 οὖν
687 1394 812 1427 τινα
874 1376 1021 1446 σφᾶς
1066 1378 1288 1444 πρῶτον
1331 1379 1431 1442 μὲν
1477 1381 1536 1428 ὲν
1579 1373 1731 1440 τάξει
1779 1376 2003 1438 διαστῆ-

300 1475 421 1521 σαι,
481 1459 670 1515 ἔπειτα
716 1455 965 1527 λαβόντα
1011 1465 1067 1512 ὲκ
1112 1461 1225 1512 τῶν
1267 1461 1366 1524 τῆς
1409 1462 1702 1530 Λαχέσεως
1749 1457 2005 1528 γονάτων

418 1651 467 1691 C.
531 1650 739 1692 Κλωθώ
785 1651 841 1692 δὲ
877 1650 933 1692 τὰ
969 1650 1028 1693 ὄι
1040 1653 1122 1708 τα]
1159 1653 1330 1694 Monac.
1366 1650 1414 1692 τὰ
1445 1651 1639 1706 παρόντα
1665 1668 1716 1695 ac
1747 1652 1901 1695 deinde
1934 1666 2003 1705 γε·

302 1706 562 1807 ἔονόταδρτο
581 1710 795 1761 μέλλοντα.
835 1712 1034 1752 Proxima
1062 1713 1129 1752 καὶ
1164 1710 1240 1766 τὴν
1258 1726 1299 1762 μ.
1332 1709 1506 1752 Κλωθώ
1530 1713 1680 1754 scribit
1712 1711 1794 1752 sic·
1830 1708 2005 1752 Κλωθὼ

329 1781 349 1807 ε
380 1782 525 1880 tUCap.
530 1783 659 1867 7[XV.
723 1826 772 1868 E.
835 1822 1084 1869 ὁπόστος
1126 1825 1391 1882 εἰλήχειν]
1437 1827 1493 1867 V.
1526 1827 1686 1880 εἱληφε.
1749 1826 1912 1868 Conna
1942 1827 2000 1866 εἴ-

305 1965 452 2018 posuit
508 1965 847 2010 Censorinus
914 1970 985 2010 De
1043 1970 1114 2010 die

305 2024 436 2064 natali
469 2037 565 2077 cap.
598 2025 716 2067 ΧΙΙΙ.
753 2040 794 2079 p.
822 2028 880 2071 57
911 2041 1006 2080 sqq.
1043 2028 1112 2068 ed.

306 2081 595 2135 Havercamp.
674 2085 931 2138 Quanquam
973 2085 1114 2127 iudice

306 2138 552 2192 Pythagora
587 2141 835 2183 dulcissima
875 2145 942 2184 ilia
976 2147 1111 2184 melo-

306 2197 397 2245 dia,
446 2211 573 2249 quam
620 2204 736 2240 astra
786 2203 1042 2251 concinunt,
1089 2215 1112 2241 a

306 2255 563 2296 mortalibus
611 2269 696 2297 non
737 2261 973 2312 percipitur
1013 2271 1103 2311 pro—

1199 1969 1319 2021 σας]
1366 1969 1557 2020 Parcae,
1596 1967 1850 2020 aequalibus
1892 1969 2004 2008 inter

1198 2041 1246 2069 se
1278 2028 1431 2079 spatiis
1461 2026 1690 2077 distantes,
1725 2025 2002 2078 sphaerarum

1200 2084 1444 2126 harmoniae
1476 2085 1534 2125 ita
1565 2087 1791 2133 accinunt‚
1829 2090 1878 2123 ut
1919 2096 2004 2124 una

1200 2143 1470 2195 praesentia,
1540 2144 1682 2182 alteru
1751 2142 2003 2194 praeterita,

1198 2200 1324 2241 tertia
1386 2201 1531 2242 futura
1601 2205 1799 2252 tempora
1860 2204 2003 2240 canat.

1201 2258 1430 2311 Magnifica
1473 2257 1672 2311 profecto
1713 2255 1818 2298 baec
1859 2257 2004 2310 imago

306 2318 404 2366 pter
436 2315 558 2353 vocis
590 2317 951 2367 magnitudinem,
982 2330 1113 2369 quam

308 2383 468 2423 capere
499 2372 665 2413 aurium
701 2379 942 2415 nostrarum
978 2388 1112 2428 angu-

308 2429 420 2470 stiae
459 2442 544 2470 uon
586 2437 781 2483 possunt.
847 2434 909 2473 De
950 2432 1106 2473 Sireni-

308 2487 388 2528 bus
420 2487 560 2539 globis
590 2491 854 2531 coelestibus
885 2504 910 2530 a
932 2490 1116 2531 Platone

308 2545 524 2597 impositis
557 2545 751 2597 disputat
787 2549 889 2588 Pro
906 2549 1026 2588 clus
1057 2548 1110 2588 ad

304 2603 527 2653 cratyium
562 2617 601 2655 p.
626 2604 698 2647 93.
732 2605 800 2646 ed.
834 2606 1035 2646 Boisson.
1070 2611 1114 2646 et

305 2661 347 2701 in
387 2660 652 2714 Fragmento
699 2662 1012 2704 Commentarii
1053 2662 1115 2703 εἰς

305 2715 384 2758 τὸν
423 2717 471 2758 ἐν
510 2719 698 2774 πολιτείᾳ
733 2721 884 2771 μῦθον
922 2723 976 2762 ab
1009 2723 1114 2762 An-

305 2777 435 2829 gelo
459 2776 600 2818 Maio
632 2779 671 2818 iu
693 2779 965 2820 Auctoribus
990 2780 1111 2819 Clas-

308 2835 408 2874 sicis
449 2847 501 2876 ex
553 2835 679 2876 codd.
718 2837 942 2878 Vaticanis
992 2838 1111 2877 editt.

306 2892 480 2933 Romae
511 2892 640 2936 1828.
680 2894 770 2935 Voi.
802 2895 838 2934 I.
874 2895 1117 2947 publicato,

311 2948 433 3001 quod
494 2950 746 2992 osannus
806 2953 923 3007 typis
983 2953 1116 3004 repeti

310 3007 438 3048 iussit
478 3008 518 3048 in
552 3008 975 3051 Zimmermanni
1007 3011 1114 3051 Dia-

311 3065 401 3104 rio:
451 3065 708 3107 zeitschrift
749 3067 779 3107 f.
831 3067 1117 3109 Alterthums-

315 3122 426 3162 wiss.
478 3124 578 3165 Vol.
631 3124 705 3165 lX.
753 3138 852 3166 ann.
904 3125 1032 3168 1842.
1075 3141 1114 3179 p.

313 3179 400 3221 602
432 3193 526 3232 sqq.
566 3182 831 3224 Tractarunt
859 3184 1005 3226 locum
1038 3185 1116 3224 eti-

314 3249 382 3276 am
450 3239 722 3281 Piutarcb.
782 3241 986 3293 Sympos.
1038 3241 1117 3286 IX.

319 3293 388 3337 14.
435 3309 474 3347 ρ.
515 3296 612 3341 745.
654 3299 712 3339 D.
755 3305 801 3339 et
845 3298 1118 3341 Heraclid.

324 3354 479 3393 Pout.
516 3355 578 3394 De
611 3356 756 3408 Aleg.
782 3358 961 3398 Homer.
986 3370 1027 3410 p
1048 3357 1119 3400 44.

320 3409 389 3451 ed.
425 3409 593 3451 Seiiow.

379 3466 428 3507 C.
479 3468 705 3521 Μοίρας,
739 3470 1024 3521 λευιχειμοι
1037 3470 1120 3512 ου’-

1201 2322 1291 2364 est,
1348 2317 1470 2357 cuius
1523 2315 1832 2356 subiimitatem
1877 2328 2004 2356 nemo

1201 2386 1285 2414 uon
1316 2374 1488 2416 sentiat.
1530 2374 1735 2414 Ceterum
1758 2375 1863 2413 baec
1893 2385 2005 2425 quo-

1200 2445 1284 2484 que
1327 2432 1520 2485 respexit
1568 2431 1901 2471 Plutarchus
1941 2431 2005 2471 De

1201 2490 1296 2530 Fat.
1330 2505 1369 2543 p.
1402 2489 1502 2533 568.
1537 2489 1586 2529 Ι).
1613 2487 1661 2528 Ε.
1697 2489 1901 2541 Sympos.
1928 2488 2004 2529 lx.

1198 2562 1241 2600 p.
1276 2548 1374 2592 745.
1412 2547 1486 2597 1⁴1,
1527 2553 1572 2587 ut
1603 2547 1685 2588 iam
1724 2552 1832 2586 Ast.
1870 2559 2005 2587 anno-

1198 2607 1317 2646 tavit.
1404 2605 1624 2646 Addimus
1695 2603 1728 2644 P
1750 2618 1769 2645 r
1794 2618 1820 2644 o
1843 2607 1894 2645 cl
1917 2617 1940 2643 u
1964 2617 2003 2645 m

1199 2662 1351 2712 ΤΙιεοΙ.
1390 2662 1502 2704 Plat.
1539 2663 1617 2703 VI.
1650 2661 1719 2704 13.
1743 2662 1812 2704 23.
1836 2676 1876 2714 ρ.
1903 2662 2002 2705 407.

1201 2727 1310 2762 extr.
1344 2735 1406 2773 sq.
1443 2735 1482 2772 p.
1515 2720 1616 2763 409.
1662 2721 1890 2761 ¹aristot.
1934 2720 2006 2760 De

1202 2779 1363 2819 mundo
1404 2779 1583 2822 V11.7.
1630 2778 1783 2818 Stob.
1825 2779 1918 2818 Eoi.
1963 2777 2001 2817 I.

1207 2837 1278 2879 23.
1311 2836 1437 2888 Lyd.
1482 2837 1544 2877 De
1580 2837 1760 2877 mensib.
1793 2849 1833 2888 p.
1866 2835 1964 2878 107.

1255 2895 1370 2963 Cap.
1421 2896 1522 2934 XV.
1594 2894 1642 2934 D.
1715 2890 2007 2944 προφήτην

1204 2945 1304 2992 οὖν
1339 2966 1455 2992 τινα
1487 2951 1629 3003 σφᾶς
1660 2975 1714 2982 -
1746 2951 1844 3002 πρ.]
1880 2951 2004 2991 Pro-

1203 3012 1323 3050 clus
1356 3012 1394 3049 iu
1430 3010 1636 3050 Aicibiad.
1667 3009 1704 3048 Ι.
1738 3022 1779 3060 p.
1802 3007 1900 3050 143.
1935 3005 2019 3048 ed?

1203 3068 1436 3108 Creuzera
1469 3067 1554 3108 Καὶ
1585 3062 1665 3120 γὰρ
1698 3065 1745 3105 οἱ
1770 3066 1871 3106 θεοὶ
1905 3064 2007 3105 τοὺς

1204 3126 1336 3179 βίους
1377 3129 1465 3164 ταῖς·
1507 3127 1661 3194 ψυχαῖς
1714 3126 2004 3176 προτείνουσι,

1206 3185 1274 3224 καὶ
1328 3182 1547 3233 ἑλομέναις
1589 3176 1903 3234 ἆποπληρούσι
1960 3179 2008 3221 τὰ

1206 3240 1423 3310 πρέποντα
1462 3244 1550 3279 τοῖς
1588 3240 1729 3291 βιοιε·
1783 3241 1851 3281 καὶ
1891 3237 2006 3280 οὕτω

1207 3298 1282 3350 μὲν
1323 3295 1376 3351 δὴ
1418 3296 1467 3338 τὸ
1504 3293 1790 3347 αυτεξούσιοι
1825 3297 1871 3338 ἐν
1900 3298 2006 3365 μέσῃ

1209 3358 1259 3409 τῇ
1291 3358 1477 3410 προιᾙοιᾳ
1493 3369 1724 3408 περιεχεται
1757 3357 1824 3396 καὶ
1858 3352 2006 3396 κινού-

1207 3428 1337 3465 μενον
1369 3414 1436 3454 καὶ
1453 3399 1722 3466 ὁριζόμενωι
1751 3413 1922 3455 ἐκεῖθεν
1941 3414 2009 3453 καὶ

1211 3473 1267 3512 τῶ
1300 3471 1412 3524 μέσῳ
1437 3470 1745 3524 στρεφόμενοι.
1780 3473 1847 3512 καὶ
1880 3472 2010 3512 ταῦτα
