2124 3744
320 198 421 247 206
968 195 1452 250 PLATONIS

317 342 433 407 εἴδη
477 342 734 409 τοσαῦτα,
773 339 993 409 ἀνάγκη
1040 340 1260 412 τρόπων
1307 342 1474 406 εἶναι,
1530 341 1742 414 ὅσαπερ
1789 348 1879 399 καὶ
1923 367 2024 400 πο-

319 426 565 491 λιτειῶν;
611 422 643 491 ἢ
689 423 792 479 οἴει
833 431 890 479 ἐκ
935 425 1101 495 δρυός
1130 431 1319 481 ποθεν
1364 423 1398 493 ἢ
1430 433 1487 480 ἐκ
1531 433 1735 497 πέτρας
1775 427 1880 492 τὰς
1923 452 2023 484 πο-

319 513 523 572 λιτείας
584 513 906 577 γίγνεσθαι,
965 509 1088 564 ἀλλ’
1154 510 1275 581 οὐχὶ
1339 517 1396 565 ἐκ
1441 513 1551 565 τῶν
1594 511 1764 578 ἠθῶν
1808 517 1920 567 τῶν
1965 520 2024 567 ἐν

319 604 442 657 ταῖς
497 591 747 656 πολεων,
803 590 839 645 ἃ
896 590 969 646 ἂν
1031 592 1207 664 ὥςπερ
1251 592 1509 670 ῥέψαντα
1564 589 1742 651 τᾶλλα
1800 595 2025 671 ἐφελκύ-

321 697 522 746 σηται.;
615 675 886 748 Οὐδαμῶς
931 677 1110 746 ἔγωγ’,
1169 683 1302 753 ἔφη,
1359 678 1613 736 ἄλλοθεν
1658 679 1691 747 ἢ
1739 684 2023 739 ἐντεῦθεν.

327 762 547 818 Οὐκοῦν
589 767 634 815 εὶ
679 758 748 816 τοὶ
794 764 905 815 τῶν
951 762 1162 816 πόλεων
1222 770 1406 827 πέντε,
1462 769 1553 818 καὶ
1603 770 1662 819 αἱ
1717 768 1826 819 τῶν
1881 769 2026 820 ἰδιω-

322 850 434 901 τῶν
481 849 814 901 κατασκευαὶ
858 848 958 911 τῆς
1001 849 1186 922 ψυχῆς
1230 853 1387 902 πέντε
1429 845 1504 902 ἂν
1552 849 1674 904 εἷεν.
1769 854 1834 903 Τι’
1878 850 2023 920 μήτις

329 929 443 987 Τὸν
499 933 600 1002 μὲν
657 928 723 997 δὴ
779 932 846 1008 τῇ
895 928 1297 1002 ἀριστοκρατίᾳ
1352 929 1553 1002 ὅμοιον
1611 932 2024 1005 διεληλύθαμεν

439 1125 544 1179 Cap.
595 1126 645 1168 11.
709 1126 758 1168 Ι).
835 1124 1042 1179 ἀνάγκη
1082 1124 1294 1179 τρόπων
1336 1125 1512 1182 εἶναι]
1554 1127 1629 1169 Sic
1669 1130 1766 1169 Par.
1807 1131 1857 1170 A.
1901 1127 2025 1168 vind.

325 1187 425 1226 Vat.
466 1197 523 1224 m.
563 1182 683 1223 Flor.
729 1197 767 1225 a.
810 1196 847 1224 c.
881 1197 921 1224 x.
954 1201 994 1223 α.
1025 1200 1064 1237 y.
1133 1185 1384 1237 Legebatur
1418 1191 1520 1227 ante
1565 1185 1813 1226 Bekkerum
1859 1183 2024 1239 ἀνάγκη

322 1239 491 1296 τρόπον
521 1239 616 1299 τινα
647 1241 777 1283 εἶναι.
1082 1283 1096 1297 ,

439 1300 490 1342 E.
553 1302 604 1337 οἱ
642 1298 705 1336 ἄν
743 1295 915 1353 ὥςπερ
946 1299 1222 1354 ῥέψαντα]
1258 1299 1494 1351 vulgatum
1529 1297 1768 1350 ῥεύσαντα,
1798 1299 1914 1352 quod
1947 1301 2024 1341 ab·

322 1359 473 1399 horret
507 1357 560 1397 ab
595 1356 848 1408 Atticismo‚
889 1370 942 1398 ex
982 1358 1082 1397 Bas.
1121 1357 1162 1399 2.
1197 1363 1241 1398 et
1271 1357 1372 1398 Par.
1405 1357 1561 1400 ADK.
1597 1357 1690 1399 Vat.
1728 1357 1780 1398 Θ.
1826 1358 1934 1399 Ven.
1968 1357 2023 1399 ll.

383 1497 408 1551 ἢ
441 1500 552 1538 οἴει
586 1497 636 1537 ἔκ
671 1495 839 1553 δρυός
868 1497 1132 1551 ποθεν-]

324 1556 619 1597 scholiastes:
667 1555 716 1594 τὸ
769 1556 813 1594 ἐν
868 1560 920 1608 τῇ
978 1554 1015 1595 τ’
1055 1559 1134 1607 τῆς

319 1614 569 1658 Ὀδυσσείας
616 1615 678 1666 (V.
728 1613 826 1656 163.
879 1615 976 1654 coll.
1031 1613 1132 1655 He-

324 1672 465 1714 siod.
523 1670 690 1722 Theog.
754 1684 793 1711 v.
856 1671 927 1715 35.
989 1672 1132 1724 ibique

322 1729 509 1783 Wolf.)
536 1727 711 1782 ‘Opq'qqu
746 1727 835 1770 ὑπὸ
872 1727 1134 1782 Πηνελόπης

323 1788 462 1844 ῥηθὲν
509 1785 704 1827 Ὀδυσσεῖ
753 1785 1132 1842 ἆναγνωριζομένῳ

325 1845 438 1898 αὐτῇ
468 1846 670 1886 ἐνταῦθα
702 1844 774 1884 ἐπὶ
801 1849 882 1884 τῶν
907 1845 1131 1885 πολιτειῶν

323 1903 607 1958 παρῳδεῖται.
637 1902 726 1942 ἔστι
756 1902 799 1943 δὲ
830 1899 914 1943 τό·
959 1901 1010 1943 οὗ
1043 1900 1129 1957 γὰρ

323 1960 410 2002 ἀπὸ
446 1959 584 2015 δρυόθ
607 1961 700 2000 ἰσσι
718 1958 998 2015 παλαιφάτου
1030 1958 1128 2000 οὐδ’

324 2018 410 2060 α’πό
445 2021 617 2071 πέτρης.
650 2018 858 2059 Socrates
891 2017 973 2059 hoc
1001 2017 1129 2059 dicit:

324 2089 384 2119 an
417 2081 474 2117 tu
505 2082 671 2129 putas
710 2075 983 2117 civitates
1025 2074 1130 2116 ori-

324 2135 369 2176 ri
419 2147 479 2175 ex
529 2133 659 2175 dura
702 2132 840 2175 ilice
892 2139 948 2174 et
994 2145 1128 2174 saxo

325 2192 534 2244 aliquo,
585 2202 688 2232 non
745 2203 806 2231 ex
855 2189 1129 2232 hominum

325 2248 608 2293 moribus?
667 2248 844 2289 Etenim
883 2261 907 2290 e
939 2246 1055 2289 saxia
1087 2255 1131 2288 et

324 2307 568 2361 quercubus
607 2306 692 2348 nati
731 2306 971 2359 antiquitus
1011 2305 1131 2347 dice-

325 2366 508 2417 bantur,
558 2363 789 2417 proverbio
833 2364 887 2406 ab
932 2364 1130 2405 Homero

326 2424 487 2479 Odyss.
548 2424 674 2464 XIX.
733 2420 827 2465 163.
893 2421 1028 2474 petito
1087 2426 1132 2463 et

326 2480 548 2536 paullatim
580 2481 622 2522 in
647 2480 845 2521 latiorem
869 2491 993 2521 usum
1023 2477 1130 2520 edu-

326 2545 423 2591 cto,
460 2539 532 2592 qui
566 2543 766 2580 carerent
804 2536 1000 2578 humanis
1032 2549 1131 2578 sen-

328 2598 447 2638 sibus
488 2601 620 2649 atque
674 2595 892 2647 moribus,
941 2600 990 2636 ut
1035 2600 1131 2636 tan·

326 2668 454 2708 quam
486 2667 542 2695 ex
573 2654 697 2696 bruta
737 2654 948 2706 inertique
982 2658 1135 2694 natura

329 2713 414 2755 orti
470 2711 735 2754 viderentur.
811 2710 938 2752 Unde
997 2710 1133 2752 dictio

329 2769 542 2823 imprimis
579 2769 636 2811 ad
677 2782 757 2810 eos
795 2773 864 2810 est
907 2769 1133 2820 translata,

327 2829 399 2882 qui
451 2832 599 2868 essent
646 2828 699 2869 ad
747 2839 904 2868 sensus
951 2826 1132 2879 doloris,

327 2885 673 2936 misericordiae,
706 2884 903 2939 pietatis,
935 2890 979 2925 et
1009 2897 1131 2925 amo-

327 2944 386 2985 ris
426 2943 689 2985 obtusiores.
743 2956 781 2985 v,
823 2941 964 2984 Plat.
1004 2944 1131 2994 Apo-

328 3004 412 3054 log.
447 3001 571 3043 Socr.
603 3014 644 3054 p.
675 2999 746 3043 34.
773 3000 838 3047 D„
869 3000 939 3041 ubi
971 2999 1131 3040 Socra-

328 3063 397 3100 tes
438 3058 520 3100 hoc
561 3057 689 3106 dicit:
750 3056 866 3111 Ego
911 3070 1131 3111 quoque

328 3115 555 3157 humano
595 3129 707 3157 sum
747 3120 873 3156 ortu
913 3128 1012 3156 nec
1042 3116 1130 3156 du-

328 3186 386 3214 ra
419 3174 658 3215 silice*et
701 3173 833 3214 ilice
864 3178 1044 3222 natus,
1075 3177 1130 3212 ut

330 3231 496 3272 etiam
543 3230 806 3272 humanos
850 3242 1046 3272 sensus
1079 3235 1131 3271 et

330 3286 580 3330 affectus
671 3289 907 3341 pietatis
999 3301 1130 3341 erga

331 3357 428 3387 eos
486 3345 535 3386 in
598 3350 826 3397 pectore
878 3358 992 3388 meo
1044 3358 1131 3398 ge-

330 3416 470 3453 ram,
528 3403 852 3454 quibuscum
905 3402 1129 3456 generis

330 3459 666 3515 cognatione
706 3461 1129 3501 coniunctus

1221 1509 1354 1538 sum.
1418 1496 1803 1539 Nihilominus
1838 1504 2025 1540 autem

1219 1555 1348 1596 inde
1408 1568 1506 1596 non
1575 1560 1820 1608 repetam
1873 1568 2024 1609 argu-

1219 1619 1429 1662 menta,
1470 1612 1666 1666 quibus
1710 1627 1807 1654 vos
1840 1613 1902 1654 ad
1936 1616 2024 1655 mi-

1220 1671 1590 1712 sericordiam
1623 1684 1748 1724 erga
1781 1684 1859 1713 me
1889 1685 2025 1714 com·

1220 1728 1559 1771 moveamini.
1651 1727 1820 1770 Eodem
1889 1731 2023 1772 modo

1219 1787 1497 1840 proverbium
1536 1784 1592 1827 ad
1633 1785 1921 1840 designando·
1949 1786 2024 1829 hu-

1218 1857 1370 1886 manos
1429 1844 1612 1886 affectus
1664 1856 1718 1885 ex
1767 1845 2026 1897 cognatione

1217 1901 1430 1943 oriundos
1460 1900 1650 1943 adhibuit
1687 1901 2024 1943 Plutarchus

1216 1960 1283 2001 De
1324 1960 1505 2003 consol.
1547 1958 1600 1999 ad
1642 1971 1765 2003 uxor.
1809 1959 1862 2002 T.
1897 1961 1949 2002 Η.
1983 1974 2024 2012 p.

1215 2016 1314 2060 608.
1355 2018 1404 2059 C.
1445 2017 1505 2058 D:
1559 2019 1705 2056 καίτοι
1744 2015 1843 2057 οὐδὲ
1884 2016 2025 2066 αὗτός

1215 2073 1299 2115 α’πό
1334 2072 1468 2128 δρυὸς
1491 2068 1593 2114 οὐδ’
1622 2071 1710 2114 nimi
1745 2076 1904 2127 πέτρης
1933 2076 2024 2128 ἔγε-

1214 2131 1374 2186 νόμην·
1422 2131 1563 2171 οἶσθα
1610 2132 1653 2173 δὲ
1690 2130 1763 2171 καὶ
1797 2130 1909 2184 αὐτῆ
1946 2147 2023 2174 το-

1216 2187 1385 2231 σούτων
1431 2203 1510 2243 μοι
1560 2192 1711 2230 τέκνων
1770 2187 2024 2244 ἀνατροφῆς

1214 2250 1495 2297 κοινωνοῦσα.
1567 2246 1658 2288 Nec
1706 2248 1844 2288 multo
1896 2248 2024 2289 aliter

1216 2306 1407 2360 Sopater
1448 2317 1515 2356 ap.
1557 2304 1708 2351 Stob.
1750 2317 1792 2356 p.
1835 2305 1935 2348 314.
1981 2306 2023 2348 1.

1218 2363 1412 2405 Hierocl.
1467 2361 1572 2403 ibid.
1622 2375 1663 2416 p.
1715 2361 1816 2406 478.
1866 2364 2023 2418 Virgil.

1217 2423 1331 2464 Aen.
1380 2421 1461 2463 VI.
1510 2420 1611 2464 470.
1690 2419 1800 2462 Nec
1851 2422 2024 2475 magis

1216 2480 1454 2533 incepto
1505 2480 1712 2520 vultum
1762 2490 2024 2521 sermone

1216 2542 1484 2591 movetur,
1517 2548 1677 2589 quam
1711 2535 1755 2577 si
1788 2535 1923 2579 dura
1955 2538 2024 2578 si-

1215 2596 1306 2636 lex
1338 2600 1562 2636 autetet
1585 2594 1867 2647 Marpesia
1899 2607 2022 2636 cau-

1219 2657 1315 2696 tes.
1358 2652 1519 2694 Tibull.
1563 2653 1594 2695 1.
1637 2651 1688 2704 1,
1721 2650 1792 2694 64.
1827 2677 1881 2683 —
1925 2665 2022 2693 nec

1217 2710 1268 2750 in
1306 2715 1499 2752 tenero
1539 2714 1652 2751 stat
1700 2709 1799 2750 tibi
1850 2708 2022 2751 corde

1219 2768 1384 2812 silex:
1431 2768 1552 2808 cuius
1591 2766 1709 2808 modi
1746 2767 1827 2808 alia
1870 2779 2022 2808 exem-

1218 2827 1288 2878 pla
1333 2826 1512 2878 collegit
1550 2824 1770 2866 Santen.
1802 2822 1870 2864 ‘ad
1908 2825 2020 2866 Pro—

1219 2888 1328 2935 pert.
1360 2884 1436 2926 IV,
1470 2883 1548 2933 11,
1581 2883 1624 2926 4.
1687 2882 1807 2922 Alius
1849 2883 2020 2934 generis

1218 2946 1286 2981 est
1314 2940 1419 2983 illud
1455 2941 1592 2982 Plat.
1622 2938 1808 2980 Phaedr.
1843 2952 1883 2991 p.
1918 2940 2019 2983 275.

1219 2999 1276 3039 B:
1319 2997 1451 3051 δρυὸς
1499 2997 1570 3037 καὶ
1629 2999 1784 3050 πέτρης
1827 2995 2020 3048 ἀκούειν,

1215 3057 1302 3097 vel
1343 3058 1543 3108 brutae
1593 3061 1645 3096 et
1693 3054 1895 3094 inertis
1935 3068 2019 3096 na-

1217 3119 1378 3155 turae
1410 3125 1574 3153 voces
1613 3111 1831 3161 audire3
1871 3125 2021 3164 quam-

1215 3183 1344 3224 quam
1377 3183 1434 3212 ex
1468 3170 1618 3211 eadem
1652 3169 1742 3210 fere
1778 3169 1899 3210 fluxit
1930 3171 2019 3211 ori-

1214 3228 1340 3281 gine,
1411 3231 1733 3280 cognatumque
1793 3233 1861 3267 est
1920 3240 2019 3269 cum

1216 3285 1350 3327 Ho'm.
1398 3285 1521 3326 Iliad.
1565 3284 1711 3326 XXII.
1769 3283 1866 3328 126.
1924 3283 2015 3325 α’πὸ

1213 3340 1348 3397 δρυὸς
1404 3341 1476 3381 καὶ
1532 3344 1685 3396 πέτρης
1742 3340 2018 3396 ὄαρίζεσθαι.

1215 3401 1350 3442 Usum
1402 3400 1602 3452 loquendi
1659 3412 1832 3442 omnem
1884 3398 2017 3441 docte

1214 3470 1352 3511 nuper
1405 3464 1697 3511 persequutus
1742 3463 1811 3500 est
1851 3457 2016 3509 Greg.
