2124 3744
311 192 414 243 426
969 185 1442 240 PLATONIS

311 363 364 394 τι
407 338 708 405 τελευτήσει
769 341 931 405 ζῶντι
985 334 1018 404 ἢ
1064 341 1154 392 καὶ
1201 335 1585 391 ἀποθανόντι.
1653 339 1717 393 οὐ
1777 338 1885 408 γὰρ
1938 341 2005 407 δὴ

309 423 421 480 ὑπό
466 446 525 493 γε
585 427 740 478 θεῶν
787 443 921 478 ποτε
977 419 1294 490 ἀμελεῖται,
1353 418 1414 484 ὃς
1457 418 1531 475 ἀν
1575 427 2007 494 προθυμεῖσθαι

312 513 481 586 ἐθέλῃ
529 513 740 571 δικαιος
784 510 1080 575 γίγνεσθαι
1134 510 1226 559 καὶ
1287 505 1622 573 ἐπιτηδεύων
1663 505 1872 578 ἀρετὴν
1933 516 2009 573 εις

311 591 448 650 ὅσον
492 591 737 651 δυνατὸν
777 589 1075 663 ἀνθρώπῳ
1134 588 1482 660 ὁμοιοῦσθαι
1526 593 1666 660 θεῷ
1718 590 1898 656 Εἰκός
1940 593 2008 661 7³,

310 682 432 752 ἔφη,
479 677 581 732 τὸν
624 680 888 731 τοιοῦτον
942 674 1020 746 μὴ
1077 674 1415 744 ἀμελεῖσθαι
1470 673 1579 730 ὑπὸ
1641 678 1743 731 τοῦ
1787 675 2005 746 ὁμοίου.

316 763 533 818 Οὐκοῦν
577 765 699 832 περὶ
743 763 844 815 τοῦ
892 758 1088 814 ἀδίκου
1115 759 1389 813 τάναντία
1412 758 1637 815 τούτων
1663 764 1741 814 δεῖ
1771 764 2008 817 διανοεῖ·

312 851 493 913 σθαις
548 844 799 920 Σφόδρα
845 868 920 914 γε.
1005 841 1087 898 Τὰ
1134 847 1234 913 μὲν
1281 841 1348 909 δὴ
1395 842 1549 914 παρὰ
1593 848 1750 899 θεῶν
1795 845 1998 900 τοιαῦτ’

310 929 385 987 ἂν
431 932 517 998 εἴη
558 928 851 999 νικητήρια
890 931 966 998 τῷ
1012 932 1223 995 δικαίῳ.
1276 925 1437 982 Κατὰ
1484 931 1621 997 γοῦν
1650 925 1787 999 ἐμὴν
1825 928 2006 996 δόξαν,

313 1024 435 1090 ἔφη.
488 1020 555 1070 Τί
598 1010 669 1079 δέ,
715 1006 785 1080 ἦν
830 1012 872 1068 δ’
910 1011 1031 1084 ἐγώ,
1075 1011 1198 1081 παρ’
1233 1011 1593 1083 ἀνθρώπωνς
1637 1006 1720 1085 ἆρ’
1767 1013 1868 1085 οὐχ
1903 1007 2006 1069 ὧδε

309 1106 430 1172 ἔχει,
475 1107 521 1156 εὶ
563 1102 644 1155 δεῖ
686 1097 750 1153 τὸ
799 1094 865 1152 ὃν
914 1102 1172 1162 τιθέναις
1216 1095 1316 1168 οὐχ
1363 1102 1556 1167 οἱ-μὲν
1601 1101 1771 1153 δεινοί
1811 1120 1871 1153 τε
1913 1102 2007 1153 καὶ

309 1179 498 1240 ἄδικοί
552 1186 755 1253 δρῶσιν
817 1180 954 1283 ὅπερ
1013 1187 1067 1237 οἱ
1117 1184 1354 1252 δρομῆς,
1409 1180 1530 1237 ὅσοι
1575 1180 1650 1237 ἂν
1695 1175 2005 1242 mimam-⁸6

312 1268 428 1326 ἀπὸ
477 1272 588 1324 τῶν
628 1289 793 1329 κατω,
841 1265 982 1322 απὸ
976 1269 1061 1321 δὲ
1104 1269 1218 1321 τῶν
1260 1264 1375 1320 ἅνω
1404 1264 1516 1335 μής
1529 1264 1625 1322 τὸ
1653 1270 1761 1337 μὲν
1782 1264 2007 1338 πρῶτον

311 1351 476 1421 ὀξέως
513 1352 859 1419 ἀποπηδῶσι,
904 1353 1257 1414 τελευτῶντες
1279 1353 1334 1404 δὲ
1368 1355 1768 1418 καταγέλαστοι
1786 1356 2007 1420 γίγνον-

309 1454 417 1502 ται,
461 1455 534 1492 τα
579 1430 696 1491 ὦτα
741 1440 828 1490 ἐπι
875 1439 985 1490 τῶν
1031 1431 1205 1504 ὤμων
1236 1439 1455 1504 ἔχοντες
1495 1438 1587 1489 καὶ
1617 1434 2008 1511 αστεφανωτοι

309 1520 732 1594 ἀποτρέχοντες.
804 1525 857 1575 οἱ
901 1523 957 1576 δὲ
1003 1522 1077 1596 τῇ
1121 1517 1373 1591 ἀληθείᾳ
1430 1523 1681 1591 δρομικοὶ
1737 1527 1812 1586 ἐὶς
1854 1524 2008 1586 τέλος

428 1717 480 1760 P.
514 1718 614 1762 613.
646 1718 699 1758 B.
733 1689 937 1758 τοιαῦτ’
973 1710 1031 1755 ἂν
1062 1713 1168 1768 εἴη]
1196 1710 1346 1765 'vulno
1380 1709 1544 1754 τοιαῦτ’
1575 1709 1659 1754 ἅττ’
1681 1713 1734 1757 ἂν
1751 1717 1831 1769 εἴη.
1863 1716 2006 1758 Recte

315 1771 398 1819 ἄττ’
434 1790 519 1818 om.
555 1777 655 1817 Par.
692 1775 784 1816 ΑΚ.
819 1775 920 1815 Vnt.
959 1770 1007 1815 Θ.
1029 1774 1131 1815 Ven.
1154 1771 1202 1817 Ξ.
1220 1772 1352 1814 Vind.
1377 1773 1469 1812 Vnt.
1504 1776 1560 1812 m'.
1581 1786 1614 1813 r.
1638 1773 1929 1816 Flor.a.c,a.
1963 1789 2002 1828 y.

430 1833 554 1888 ὅπερ
590 1832 649 1874 οἰ
675 1831 900 1887 δρομῆς]
935 1832 1007 1871 Sic
1037 1830 1141 1872 Par.
1179 1836 1227 1871 Α.
1261 1832 1407 1877 vnloo
1441 1828 1625 1883 δρομεῖς.

429 1894 483 1935 Ο.
521 1889 654 1947 πρὸς
694 1892 847 1933 τέλος
883 1886 1106 1945 ἑκάστης
1145 1891 1254 1942 πμ]
1315 1889 1389 1928 Sic
1423 1888 1526 1929 Par.
1562 1892 1610 1929 Α.
1658 1890 1784 1932 Vind.
1818 1891 1912 1932 Vnt.
1946 1904 2003 1934 m.

312 1951 433 1992 Flor.
465 1966 504 1992 a.
538 1966 582 1994 c.
609 1965 648 1991 α.
683 1964 722 2003 γ.
760 1952 871 1992 Ante
902 1949 1152 1992 Bekkerum
1187 1953 1280 1989 erat
1315 1941 1427 2000 πρὸς
1457 1942 1508 1995 τὸ
1538 1945 1669 1988 τέλος.

314 2124 340 2165 6
358 2123 521 2167 ἄδικος.
545 2123 669 2166 Conf.
692 2121 830 2175 Legg.
852 2122 926 2164 IV.
950 2135 990 2173 p.
1011 2119 1109 2164 716.

310 2185 436 2227 D.—
455 2177 564 2222 κατ’
588 2177 760 2233 ἀρχάς.
778 2178 1109 2230 Libr.l.cap.23.

369 2242 420 2282 P.
452 2240 557 2284 613.
597 2235 661 2280 οὐ
693 2235 787 2291 γὰρ
823 2234 885 2290 δὴ
919 2233 1022 2277 ὑπό
1055 2250 1114 2290 γε

310 2300 460 2340 θεῶν
482 2313 615 2338 ποτε
638 2294 774 2347 ἀμελ.
787 2295 1113 2348 ]Egregiase‚n-

314 2358 468 2398 tentia!
506 2359 686 2409 Apolog.
714 2354 837 2393 30οΓ
871 2366 911 2404 Ρ.
943 2352 1013 2395 41.
1060 2351 1110 2392 C.

314 2416 389 2456 καὶ
417 2415 462 2456 ἕν
499 2430 548 2455 τι
558 2414 686 2454 τοῦτο
719 2410 989 2451 διανοεῖσθαι
1016 2404 1112 2462 ἅλη-

309 2472 405 2523 θές,
438 2471 502 2515 ὅτι
533 2487 616 2513 ουκ
656 2472 771 2512 ἔστιν
801 2463 924 2522 αἰδρὶ
955 2463 1114 2522 ἀγαθῷ

310 2529 448 2579 κακὸν
478 2527 608 2572 οὐδὲν
637 2527 738 2569 οὔτε
765 2527 891 2580 ζῶντι
923 2523 1024 2567 οὔτε
1048 2540 1113 2567 τε·

310 2589 578 2642 λευτήσαντι,
621 2583 727 2628 οὐδὲ
765 2583 971 2635 ἅμελειται
1024 2580 1111 2625 ὑπὸ

271 2649 275 2652 ’
309 2648 432 2689 θεῶν
462 2643 512 2687 τοὶ
546 2643 703 2687 τούτου
745 2641 977 2696 πράγματα.
1040 2642 1112 2682 Si-

311 2706 426 2747 milia
462 2708 668 2755 leountur
701 2703 837 2754 [ψει.
866 2701 919 2742 Χ.
947 2715 990 2754 p
1009 2699 1105 2745 905·

310 2765 410 2805 coll.
441 2763 543 2807 899.
572 2763 628 2809 ⁷D.
662 2786 718 2791 —
747 2758 846 2803 904.
883 2759 932 2799 Ι).

369 2817 702 2872 ὁμοιοῦσθαι
729 2818 866 2872 θεῷ]
904 2816 1015 2859 Nam
1061 2829 1114 2856 eo

310 2878 593 2932 philosophus
633 2878 726 2917 viro
765 2877 946 2928 sapienti
983 2881 1113 2927 atque

311 2937 492 2989 hon-esto
542 2935 786 2977 enitendum
827 2937 1002 2983 censet,
1050 2936 1111 2982 ut,

310 3002 531 3046 quantum.
563 3007 640 3045 per
683 2991 914 3033 humanam
966 2989 1112 3030 condi-

312 3053 474 3103 tionem
514 3052 602 3092 fieri
640 3051 804 3103 possit,
846 3048 929 3089 deo
960 3047 1112 3088 similis

313 3110 483 3150 evadat.
525 3108 651 3149 Conf.
696 3108 789 3148 libr.
827 3106 899 3147 VI.
939 3119 978 3158 p.
1009 3104 1109 3148 500.

313 3166 362 3206 C.
399 3168 448 3208 Ι).
482 3165 663 3208 Theaet.
695 3179 738 3217 p.
767 3165 864 3210 176.
902 3163 950 3204 Β.
970 3186 1026 3193 -
1055 3163 1108 3203 Ε.

316 3223 451 3277 Legg.
494 3225 563 3266 1V.
606 3238 646 3276 p.
689 3223 785 3267 716.
829 3221 881 3263 Β.
916 3220 965 3261 C.
1011 3221 1109 3260 coll.

315 3280 586 3322 Plutarch.
621 3281 675 3322 de
707 3279 752 3322 S.
790 3279 841 3321 N.
884 3279 931 3319 V.
966 3290 1006 3329 p.
1040 3277 1110 3321 15.

317 3344 362 3379 et
391 3339 460 3383 27.
495 3338 566 3381 ed.
602 3338 821 3393 Wyttenb.
851 3334 1111 3378 Themist.

316 3397 390 3438 Or.
406 3396 457 3437 ΙΙ.
475 3395 599 3449 p.32.
622 3397 654 3436 A
669 3394 841 3437 ristid.
862 3394 984 3435 Orat.
1000 3391 1112 3435 Plat.

316 3453 369 3494 T.
415 3453 466 3495 ll.
513 3467 552 3506 p.
594 3453 691 3497 154.
745 3452 812 3493 ed.
855 3452 976 3493 Iebb.
1035 3453 1111 3492 ΑΙ-

1199 2118 1314 2158 bini
1347 2118 1517 2171 lsagog.
1544 2131 1580 2158 ‹¹-
1613 2117 1684 2162 27.
1728 2132 1768 2170 p
1797 2120 1916 2163 115..
1936 2120 2004 2165 ed

1201 2175 1341 2216 Fiseh.
1357 2176 1501 2217 Stob.
1520 2175 1696 2228 Eclogg.
1707 2176 1843 2218 [ethic.
1858 2193 1899 2231 p.
1904 2178 2003 2234 163.

1257 2234 1307 2274 Β.
1343 2248 1436 2286 ουχ
1466 2233 1519 2273 οἱ
1543 2232 1637 2284 μὲν
1669 2229 1845 2275 δεινοί
1866 2237 2000 2288 tem]

1200 2290 1393 2332 iniustos
1441 2293 1606 2333 similes
1657 2293 1715 2336 arit
1765 2308 1863 2334 esse
1906 2308 2002 2335 cur-

1200 2350 1395 2397 soribus,
1442 2349 1513 2402 qui
1548 2350 1682 2401 primo
1716 2363 1872 2404 magno
1903 2365 2001 2393 cum

1199 2407 1362 2459 impetu
1413 2409 1659 2461 prosiliant,
1719 2409 1758 2449 in
1808 2416 2003 2451 extremo

1199 2471 1341 2506 autem
1375 2479 1500 2506 cursu
1534 2479 1631 2506 sese
1664 2465 1767 2506 dent
1798 2469 1998 2519 turpiter,

1199 2511 1374 2562 anriluis
1431 2522 1486 2564 ad
1548 2522 1750 2565 humeros
1810 2524 2004 2566 demissis

1198 2579 1287 2620 sine
1318 2594 1478 2622 corona
1519 2596 1570 2623 ex
1603 2582 1749 2634 populi
1790 2583 1914 2624 turba
1956 2597 2005 2625 se

1199 2651 1261 2691 pr«
1267 2639 1504 2691 ripientes.
1522 2663 1570 2669 —-
1604 2654 1707 2680 απο
1726 2654 1824 2680 των
1844 2655 2004 2689 κατω

1199 2696 1298 2737 inde
1328 2711 1351 2738 a
1384 2697 1642 2738 carceribus.
1675 2722 1730 2729 --
1773 2693 1874 2739 ἀπὸ
1906 2713 2005 2739 των

1199 2751 1324 2802 ἅνω,
1356 2755 1452 2795 inde.
1482 2769 1503 2795 a
1539 2761 1650 2796 meta
1684 2770 1721 2797 s.
1751 2759 1884 2798 calce.
1918 2756 2004 2797 Ce-

1201 2822 1339 2853 terum
1371 2826 1470 2857 *cnm
1514 2817 1610 2854 toto
1643 2813 1724 2854 hoc
1755 2815 1851 2856 loco
1884 2827 2001 2855 com·

1200 2884 1325 2922 pares
1356 2872 1426 2911 illa
1457 2867 1608 2915 Pauli
1635 2872 1830 2924 Apostoli
1861 2870 2000 2922 Epist.

1198 2930 1235 2969 Ι.
1267 2924 1548 2969 adeorinth.
1584 2927 1660 2978 lx,
1692 2928 1760 2971 24.
1791 2929 1926 2979 Epist.
1950 2930 2000 2970 11.

1199 3002 1236 3028 c.
1276 2987 1355 3035 lv,
1387 2987 1430 3030 9.
1445 2986 1499 3027 ad
1521 2986 1754 3028 Philemon.
1780 3000 1816 3027 c.
1837 2986 1909 3037 lll,
1930 2987 2001 3030 14.

1255 3044 1305 3084 C.
1346 3041 1401 3084 τὰ
1432 3038 1534 3085 ὦτα
1565 3041 1779 3084 ἐπὶτῶν
1812 3040 1998 3098 ὤμων]

1197 3101 1347 3143 Phot.
1382 3101 1663 3149 Lexic.·572,
1696 3102 1766 3145 14.

1255 3157 1393 3213 πρὸς
1424 3158 1569 3206 τέλος
1599 3157 1823 3213 ἑκάστης
1843 3173 1922 3212 πρ.
1946 3184 2000 3188 —

1199 3217 1507 3271 φέρονταυ]
1549 3215 1671 3257 Haec
1703 3217 2000 3272 praecedenti-

1197 3277 1280 3326 bus
1314 3288 1390 3328 per
1406 3274 1665 3327 epexegesin
1693 3276 1866 3319 adiecta
1886 3281 2000 3326 sunt,

1200 3333 1453 3384 hocvsensn:
1474 3331 1658 3372 Nonne
1681 3334 1810 3375 idem
1836 3333 1997 3375 etiam

1199 3391 1366 3432 iustis
1389 3389 1522 3430 viris
1547 3390 2000 3443 plerumquecon-

1199 3447 1398 3502 tingit?
1428 3456 1618 3489 'nonne
1670 3451 1805 3491 enim
1851 3449 1906 3489 hi
1949 3448 1997 3489 in
