2124 3744
338 186 439 238 502

335 327 686 381 Asyndeton,
734 327 806 368 ubi
850 329 1134 382 interrogatio

390 384 564 427 additur
584 385 883 440 explicationis
903 399 1032 427 causa
1063 387 1136 426 lV.

333 522 387 532 —--
419 502 490 542 ubi
530 500 749 543 sententia
789 513 867 552 per
896 504 975 555 μέν
1009 523 1056 531 --
1093 500 1143 541 δέ

393 559 636 600 annectitur
668 559 724 602 V.
756 557 856 602 470.
895 559 942 602 Β.

334 640 388 644 ——
419 617 461 657 in
494 617 809 658 contrariorum
849 616 1140 658 enumeratio·

392 686 445 716 ne
478 675 540 714 lll.
577 674 679 718 399.
713 674 762 718 C.

334 755 389 761 --
420 734 461 772 in
494 732 739 773 sententiae
768 732 1048 784 appositione
1077 731 1140 771 lll.

389 790 490 834 416.
528 790 576 830 Β.

332 871 382 878 -
418 849 489 888 ubi
522 846 791 900 comparatio
815 859 892 899 per
921 842 1055 896 ω’ςτιερ
1090 845 1142 884 il-

387 905 600 946 lustrandi
651 905 792 958 gratia
838 903 1142 956 praecedenti-

326 1002 331 1007 .
389 965 472 1004 bus
504 963 750 1006 annectitur
777 963 838 1002 lll.
859 960 960 1004 413.
997 961 1047 1000 Ι).
1068 961 1143 1010 lv,

388 1020 487 1066 432.
522 1022 594 1062 Vl.
626 1020 727 1064 497.
752 1020 801 1061 Β.
834 1020 942 1060 Vlll.
967 1019 1066 1062 557.
1092 1018 1143 1058 C.

331 1101 386 1109 -—
419 1081 460 1120 in
492 1080 723 1120 sententia
741 1091 840 1119 cum
875 1079 913 1118 vi
946 1077 1143 1129 superio-

389 1137 507 1178 ribus
530 1137 756 1178 adiectal.
779 1135 879 1179 340.
899 1135 948 1177 B.
966 1133 1067 1178 351.
1085 1135 1143 1174 A.

335 1219 388 1226 -
420 1195 494 1236 ubi
526 1194 736 1236 iudicium
770 1195 824 1235 de
845 1193 1145 1246 praecedenti-

391 1254 470 1294 bns
509 1253 712 1293 adiicitur
745 1253 791 1298 ll.
825 1251 925 1296 368.
959 1251 1017 1293 D.

332 1333 388 1342 -—-
430 1311 472 1352 in
518 1311 731 1353 sententia
772 1323 848 1364 per
885 1313 962 1363 μέν
1004 1332 1062 1340 -—
1105 1308 1151 1349 δέ

390 1368 694 1422 superioribus
743 1371 909 1411 annexa
954 1367 1002 1409 V.
1045 1365 1144 1410 470.

335 1507 388 1514 —
419 1483 459 1524 in
500 1495 641 1524 novae
679 1482 957 1535 quaestionis
989 1481 1145 1537 princi-

390 1542 462 1594 pio
492 1541 557 1582 111.
590 1539 694 1584 4¹2.
729 1540 779 1582 C.

331 1621 387 1628 -—
418 1599 462 1640 in
491 1601 656 1653 χαρίεις
689 1596 741 1639 ἂν
771 1599 836 1650 εἴη
864 1597 924 1639 Χ.
951 1597 1050 1641 602-
1084 1598 1142 1638 A

331 1679 387 1686 -
414 1657 454 1697 in
484 1655 574 1711 ω’ρτι
606 1670 662 1696 αν
695 1657 779 1710 εἴη
792 1656 845 1699 V.
879 1655 982 1703 463.
1015 1657 1074 1696 A.

330 1738 388 1744 —-
419 1720 522 1755 ante
542 1714 598 1754 ,οἱ
631 1713 752 1754 ἄλλοι
782 1713 836 1756 Χ.
870 1714 1043 1759 598.Β
1049 1746 1057 1754 .

331 1773 606 1814 Atalanta
640 1774 695 1813 Χ.
730 1773 829 1816 620.
865 1774 918 1814 Β.

335 1829 694 1874 Athletarum
742 1832 891 1884 sagina
937 1831 1000 1871 Ill.
1039 1827 1141 1872 404.

333 1948 525 1987 Attica
557 1946 803 1988 bellaria
833 1948 891 1988 ΙΗ.
925 1945 1025 1990 404.
1062 1946 1112 1986 Ι).

333 2003 653 2056 Attractio‚
694 2005 788 2045 eius
831 2018 968 2057 genus
1002 2004 1143 2058 quod-

391 2062 508 2112 dam,
542 2062 644 2103 Vlli.
678 2062 779 2107 556.
816 2063 866 2103 E.

334 2145 388 2150 —-
433 2119 737 2162 adverbiorum
790 2121 878 2163 Vll.
938 2121 1038 2165 529.
1091 2123 1142 2161 A.

391 2178 492 2219 Vl'll.
525 2178 625 2222 568.
663 2180 711 2219 D.

334 2260 389 2266 —-
424 2248 518 2276 voc.
552 2231 645 2284 οἷος
676 2236 744 2278 ΙΧ.
779 2237 879 2281 590.
913 2238 962 2280 C.

336 2317 390 2323 —
423 2294 462 2334 in
496 2294 683 2335 formula
715 2295 826 2335 καθ’
860 2296 1034 2338 ἕκαστον
1065 2294 1143 2340 αύ-

391 2354 480 2392 usn
514 2353 588 2392 lV.
620 2352 720 2396 436.
756 2358 804 2392 A.

334 2434 387 2440 —-
439 2410 611 2450 inversa
660 2412 731 2452 Vl.
780 2408 880 2456 510.
936 2413 984 2454 Ε.
1055 2415 1140 2456 Vll.

392 2467 492 2511 520.
531 2468 580 2508 Ι).

337 2550 386 2557 -
431 2526 645 2577 nominis,
697 2527 813 2579 quod
862 2528 1043 2581 proprie
1089 2528 1143 2570 ad

392 2584 649 2625 infinitivum
704 2585 964 2639 pendentem
1008 2589 1142 2640 perti·

395 2646 470 2683 net
502 2643 560 2683 lli.
593 2642 692 2686 407.
727 2644 776 2684 C.
810 2645 882 2685 lV.
914 2644 1016 2688 443.
1052 2646 1100 2686 C.

335 2723 392 2729 —
424 2701 694 2753 pronominis
712 2703 879 2743 relativi
903 2705 943 2744 ll.
967 2703 1066 2747 375.
1085 2704 1142 2744 D.

313 2781 393 2793 ⁴-
423 2759 593 2799 relativi
628 2759 682 2805 ad
715 2771 873 2801 nomen
914 2774 1145 2815 compara-

395 2815 526 2856 tionis
578 2829 712 2858 causa
763 2818 959 2861 additum
1018 2821 1144 2862 relati

393 2874 479 2914 Vll.
513 2873 612 2917 519.
650 2877 700 2916 A.

337 2954 393 2961 —
426 2932 592 2973 relativi
632 2933 857 2987 participio
892 2947 1142 2991 accommo-

396 2988 488 3029 dati
522 2991 578 3030 V.
610 2989 711 3034 466.
745 2991 802 3032 A.

338 3070 394 3076 -
426 3049 644 3102 participii
681 3049 723 3090 in
766 3049 1040 3104 appositione
1080 3050 1142 3091 Vl.

395 3103 496 3148 498.
530 3107 587 3148 A.

341 3181 390 3189 —
427 3164 639 3218 participii
686 3163 936 3216 praedicato
971 3178 1147 3207 accom-

400 3219 563 3262 modati
596 3224 622 3264 l.
654 3222 752 3268 354.
787 3223 837 3263 C.

343 3297 393 3305 -—
425 3279 664 3330 praedicati
695 3282 737 3322 in
768 3280 1047 3334 appositione
1078 3282 1147 3323 vel

398 3337 729 3389 comparatione
764 3338 827 3379 Vl.
860 3337 959 3385 485.
993 3336 1051 3382 D

344 3415 397 3420 —-
428 3394 616 3436 nominis
659 3394 699 3436 in
733 3398 1056 3454 comparatione
1090 3396 1144 3439 Χ.

399 3451 499 3494 616.
533 3451 582 3492 C.

985 183 1405 239 1NDEX

1234 329 1526 371 Attractio
1557 328 1600 369 in
1643 330 1871 373 verborum
1913 345 2034 374 com-

1290 388 1473 441 plurium
1494 397 1707 428 concursu
1737 389 1810 430 lv.
1846 389 1946 433 443.
1984 391 2034 431 Β.

1232 468 1287 476 --
1319 446 1549 486 universae
1567 447 1809 487 sententiae
1829 461 1909 501 per
1938 461 2036 490 ver-

1289 504 1344 544 ba
1376 503 1602 544 interiecta
1642 503 1691 544 V.
1721 503 1822 548 467.
1855 507 1913 557 A.

1232 585 1286 593 --
1319 561 1559 613 quaedam,
1601 562 1672 601 ubi
1718 562 1938 603 adduntur
1970 566 2037 603 in-

1288 619 1437 659 finitivi
1490 621 1746 672 epexegesis
1795 623 1936 674 gratia
1978 623 2033 662 ΙΙΙ.

1287 676 1389 719 407.
1423 675 1472 716 C.

1231 736 1273 775 A
1288 748 1313 775 ιι
1329 748 1356 784 g
1369 747 1408 774 m
1426 737 1549 775 entu
1562 747 1601 775 m
1660 735 2035 788 plusquamperfe-

1291 792 1348 833 cti
1388 792 1508 844 apud
1545 791 1771 832 Platonem
1812 805 1896 833 uon
1936 806 2036 834 raro

1291 851 1498 890 omissum
1534 851 1575 891 ll.
1609 849 1709 893 374.
1748 850 1796 890 Β.
1831 855 1913 901 al„

1232 931 1287 938 ——-
1319 908 1438 947 verbi
1471 906 1650 956 εἰκάζειν
1680 908 1733 948 V.
1765 905 1864 951 473.
1901 910 1950 949 C.

1233 966 1573 1018 Autolycus,
1638 962 1764 1018 Ulyxi
1820 979 1950 1018 avus,
2010 968 2034 1007 l.

1291 1022 1392 1067 334.
1428 1024 1484 1063 A.
1534 1075 1535 1078 Ἴ

1604 1149 1670 1202 B.

1236 1251 1530 1292 Beatorum
1563 1251 1717 1304 gaudia
1750 1251 1813 1291 II.
1853 1250 1952 1295 363.
1987 1252 2038 1292 A.

1291 1321 1384 1360 sqq.

1237 1367 1270 1407 Β
1284 1367 1330 1407 el
1347 1368 1354 1406 Ι
1372 1378 1396 1405 u
1412 1378 1450 1406 m
1473 1365 1583 1407 inter
1599 1366 1718 1419 ipsos
1730 1366 1927 1406 Graecos
1942 1378 2039 1407 mu-

1291 1430 1410 1464 tuum
1427 1435 1509 1463 non
1528 1424 1800 1465 tolerandum
1814 1423 2037 1467 v.471.ss.

1235 1480 1508 1522 Bendidia
1542 1482 1577 1522 Ι.
1607 1481 1710 1525 327.
1750 1485 1799 1523 Α.
1846 1481 1945 1524 354.
1980 1484 2038 1525 A.

1295 1539 1499 1592 Prolegg.
1534 1550 1576 1592 p.
1611 1539 1812 1582 CXXlll.
1846 1551 1942 1592 sqq.

1224 1596 1386 1638 *Bona
1431 1596 1614 1650 triplicis
1644 1598 1817 1647 generis
1848 1603 1948 1639 sunt
1977 1597 2038 1638 ΙΙ.

1291 1655 1390 1699 357.
1428 1656 1477 1696 Ι).
1512 1654 1593 1696 ΙΧ.
1628 1655 1728 1699 582.
1762 1657 1819 1697 A.
1854 1653 1946 1708 sqq.

1234 1735 1287 1744 —-
1323 1718 1505 1756 externa
1539 1713 1612 1756 v1.
1645 1713 1747 1758 491.
1782 1717 1832 1755 A.
1866 1727 1960 1768 sqq.

1237 1801 1436 1842 Bonum
1478 1812 1740 1850 summum
1781 1799 1852 1841 alii
1886 1799 1928 1840 in
1965 1812 2038 1841 vo-

1292 1860 1486 1911 luptate,
1528 1858 1599 1899 alii
1639 1859 1683 1900 in
1721 1858 1936 1911 sapientia
1974 1858 2042 1898 in-

1292 1930 1392 1957 esse
1412 1918 1644 1971 voluerunt
1666 1917 1740 1958 VI.
1761 1915 1871 1970 505.
1891 1914 1923 1955 Β
1945 1928 2038 1967 sqq.

1236 1998 1289 2005 —
1323 1975 1417 2015 eius
1447 1975 1616 2027 species
1650 1987 1684 2015 s,
1718 1973 1816 2015 idea
1833 1972 2042 2014 informa-

1294 2038 1363 2072 tur
1386 2033 1462 2074 Vl.
1485 2031 1582 2075 505.
1606 2045 1700 2084 sqq.
1727 2055 1782 2061 -
1814 2031 1926 2072 vitae
1958 2031 2043 2070 hu·-

1292 2102 1445 2131 manae
1484 2089 1788 2142 gubernatrix,
1837 2089 2040 2143 Prolegg.

1292 2147 1455 2188 XXlV.
1489 2160 1553 2200 sq.

1182 2230 1185 2239 ·
1235 2229 1290 2235 ——
1321 2204 1523 2244 ὁπὲκειιά
1563 2207 1643 2256 τῆς
1687 2203 1840 2254 οὐσίας
1880 2204 1932 2246 ὅν
1966 2205 2037 2249 Vl.

1292 2263 1377 2307 509
1410 2276 1503 2316 sqq.

1239 2321 1417 2362 Bonus
1449 2323 1531 2362 vir
1571 2319 1614 2361 in
1646 2319 1725 2362 hac
1758 2321 1872 2363 etin
1904 2323 2040 2364 altera

1294 2380 1382 2420 vita
1415 2379 1571 2420 beatus
1602 2378 1657 2420 X.
1691 2379 1775 2424 613
1807 2393 1902 2433 sqq.

1236 2465 1734 2518 Breviloquentia,
1774 2467 1816 2508 in
1859 2479 2038 2521 respon-

1294 2525 1433 2575 sione,
1470 2523 1516 2564 V.
1550 2523 1649 2567 456.
1684 2524 1738 2565 E.

1235 2607 1287 2616 ..
1320 2583 1361 2623 in
1394 2585 1528 2622 τοῦτο
1559 2582 1703 2634 ἔλεγον
1726 2580 1813 2630 ὅτι,
1846 2582 1950 2624 hoe
1976 2582 2041 2624 'il-

1295 2639 1378 2681 lud
1420 2645 1544 2680 erat
1582 2639 1726 2691 quod
1774 2641 2037 2692 dicebam,

1291 2699 1353 2739 II.
1385 2697 1485 2740 377.
1524 2701 1572 2737 A.

1180 2741 1184 2779 ¹
1236 2781 1292 2788 —
1324 2757 1364 2796 in
1392 2757 1435 2794 δι
1439 2753 1490 2794 δυ’
1467 2769 1590 2794 ονασι
1628 2767 1706 2806 pro
1739 2754 1948 2795 δίδοσθαι
1975 2756 2038 2797 λέ·

1287 2827 1436 2869 γουσιν
1470 2813 1522 2854 ΙΙ.
1554 2812 1653 2856 363.
1694 2813 1740 2854 Β.

1233 2897 1287 2902 —-
1317 2873 1356 2911 in
1396 2884 1466 2911 τοι
1452 2872 1600 2916 ιοῦτος
1638 2885 1678 2910 οι
1665 2864 1785 2925 ἶςπερ
1824 2870 1961 2911 ἔοικεν
2002 2873 2035 2912 Ι.

1290 2929 1390 2973 349.
1427 2928 1476 2968 Ι).

1234 3013 1290 3019 -
1329 2987 1371 3027 iu
1413 2986 1604 3040 θορυβεῖ
1586 3000 1626 3030 ιν
1663 2981 1719 3032 ὥς
1764 2997 1814 3025 ου
1805 2984 1887 3026 ’ade
1872 3000 1910 3032 ις
1948 2986 2035 3025 ἔπι-

1292 3047 1458 3098 θυμεῖ,
1501 3043 1528 3083 i.
1564 3056 1603 3084 e.
1636 3045 1842 3097 θοριβοῦ
1847 3059 1924 3083 ντα
1956 3043 2039 3084 διι-

1294 3118 1345 3154 σχ
1350 3116 1375 3142 υ
1379 3100 1590 3156 ρίζεσθαι
1615 3099 1671 3145 ὡς
1700 3098 1846 3147 ουδεὶς
1875 3099 2038 3142 ἐπιθυ-

1290 3163 1388 3215 μεῖ,
1422 3157 1493 3199 lV.
1525 3154 1624 3200 438.
1655 3157 1706 3197 Β.

1236 3239 1289 3247 -—
1321 3217 1392 3257 ubi
1433 3214 1606 3256 verb'um
1649 3215 1754 3256 item
1793 3228 2038 3270 praegnan-

1294 3280 1381 3316 tem
1416 3286 1451 3313 s
1443 3274 1527 3326 'gn.
1559 3271 1689 3314 habet
1719 3272 1773 3314 X.
1808 3273 1908 3317 608.

1178 3332 1183 3364 l
1237 3356 1291 3362 —-
1334 3332 1456 3383 ψέγει
1494 3342 1573 3384 pro
1613 3333 1751 3385 ψέγων
1791 3331 1900 3386 λέγει
1955 3331 2033 3373 ΙΧ.

1292 3389 1390 3434 589.
1424 3387 1474 3428 C.

1242 3472 1281 3478 -—
1325 3446 1395 3488 ubi
1443 3458 1521 3498 pro
1569 3445 1773 3489 attributo
1824 3447 1919 3499 ipsa
1968 3460 2037 3488 res
