2072 3730
221 189 322 238 44&
839 181 1311 235 PLATONIS

221 336 343 400 ἔφη,
390 325 496 382 ποῖ’
550 325 639 380 ἄν,
710 327 914 383 Αὐτῶν
957 335 1072 398 μέν,
1116 330 1292 402 εἷπον,
1338 350 1437 383 τον
1482 329 1717 384 λιπόντα
1762 331 1918 396 τοὶξιν

222 412 255 479 ἢ
303 411 448 467 ὅπλα
494 410 864 482 ἀποβαλόντα
927 412 959 479 ἥ
1015 435 1065 467 τι
1113 417 1221 467 τῶν
1279 411 1549 468 τοιούτων
1600 413 1917 482 ποιήσαντα

223 495 315 552 δια
359 495 536 562 κάκην
581 489 695 568 ἆρα
742 496 808 550 οὐ
855 496 1197 568 δημιουργόν
1258 519 1382 552 τινα
1443 502 1524 552 δεῖ
1567 499 1919 554 καθιστάναι

224 581 255 648 ἢ
304 600 573 650 γεωργον,
619 580 788 635 Πανυ
829 585 930 651 μὲν
975 575 1091 637 οὖν.
1171 580 1291 637 Τὸν
1336 586 1391 637 δὲ
1439 585 1619 649 ζῶντα
1664 590 1738 647 εἰς
1783 582 1915 648 τοὺς

226 669 522 735 πολεμίους
567 662 780 719 ἁλόντα
837 658 931 736 ἆρ’
1001 665 1067 722 οὐ
1125 664 1338 737 δωρεὰν
1395 668 1611 721 διδόναι
1655 680 1773 731 τοῖς
1819 672 1922 722 θέ-

146 744 193 795 Β
237 755 392 805 λουσι
442 752 703 820 χρῆσθαι
748 753 814 827 τῇ
863 750 1012 822 ἄγρᾳ
1058 747 1086 805 ὅ
1135 772 1188 804 τι
1231 747 1304 805 ἄν
1341 751 1682 821 βουλωνταις
1743 754 1924 823 Κομι-

226 838 290 911 δῇ
342 855 418 900 γε.
515 833 628 888 Τὸν
673 837 729 888 δὲ
775 831 1188 907 ἀριστεύσαντα
1240 857 1297 890 τε
1341 839 1436 891 καὶ
1479 835 1923 907 εὐδοκιμήσαντα

228 919 295 975 οὐ
342 921 566 988 πρῶτον
622 922 723 987 μὲν
785 918 873 974 ἐπὶ
927 924 1217 991 στρατείας
1272 918 1381 975 ὑπὸ
1439 924 1551 976 τῶν
1596 941 1924 992 συστρατευ·

227 1011 434 1075 ομένων
476 1008 773 1074 μειρακίων
832 1026 889 1059 τε
935 1007 1028 1059 καὶ
1083 1009 1296 1060 παίδων
1353 1005 1411 1060 ὲν
1454 1012 1600 1077 μέρει
1644 1005 1753 1062 ὑπὸ
1800 1007 1926 1062 ἑκά·

226 1108 360 1143 στου
407 1091 558 1143 δοκεῖ
601 1107 691 1143 σοι
726 1091 929 1160 χρῆναι
958 1093 1438 1165 στεφανωθῆναι,
1479 1087 1514 1156 ἢ
1557 1086 1656 1158 οὕς
1681 1087 1923 1162 ’Έμοιγε.

233 1173 306 1227 Τί
353 1176 436 1241 δέ,
485 1173 848 1242 δεξιωθῆναι·7
909 1176 1025 1229 Καὶ
1071 1177 1261 1229 τοῦτο.
1343 1173 1511 1228 Ἀλλὰ
1557 1174 1711 1240 τόδ’,
1757 1176 1927 1244 οἶμαι,

225 1249 296 1324 ἦν
339 1255 379 1311 δ’
428 1255 554 1327 ἐγώ,
598 1256 776 1312 οὐκέτι
820 1278 910 1313 σοι
953 1261 1121 1314 δοκεῖ.
1185 1255 1269 1320 Τὸ
1317 1269 1510 1327 ποῖον,
1576 1258 1652 1314 Τὸ
1699 1263 1930 1335 φιλῆσαί

230 1364 285 1396 τε
330 1345 424 1395 καὶ
466 1345 786 1414 φιληθῆναι
825 1339 934 1396 ὑπὸ
978 1343 1232 1397 ἕκαστον.
1291 1343 1555 1412 Πάντων,
1602 1348 1724 1419 &cy-n,
1768 1340 1927 1414 μαλι-

228 1445 355 1480 στα·
401 1428 494 1479 καὶ
537 1430 884 1497 προςτίθημί
927 1449 987 1495 γε
1031 1429 1108 1496 τῷ
1153 1425 1342 1496 νόμῳ,
1404 1433 1502 1491 ἕως
1544 1424 1618 1482 ἂν
1665 1428 1763 1483 ὲπι
1798 1431 1929 1507 ταύ-

229 1533 326 1577 της
368 1501 465 1564 ὦσι
511 1514 611 1577 τῆς
652 1516 969 1581 στρατείας,
1033 1515 1126 1566 καὶ
1170 1515 1362 1582 μηδενὶ
1423 1510 1620 1578 εξεῐναι
1674 1534 1931 1585 απαρνη-

233 1598 419 1660 θῆναι
465 1592 531 1648 ὃν
573 1592 647 1649 ἂν
699 1596 973 1665 βούληται
1015 1599 1224 1670 φιλεῖν,
1259 1600 1364 1650 ι’να
1409 1601 1517 1660 καί,
1563 1594 1662 1651 ὲαν
1705 1602 1788 1662 τίς
1830 1619 1931 1655 του

227 1680 362 1757 τύχῃ
421 1678 558 1781 ἐρῶν
613 1676 644 1746 ἡ
695 1678 934 1755 ἅρῥενος
989 1677 1024 1747 ἢ
1082 1684 1344 1747 θηλείας,
1408 1679 1847 1754 προθυμότερος
1897 1675 1930 1761 ᾗ

229 1763 369 1862 πρὸς
414 1762 476 1819 τὸ
526 1763 811 1835 ταριστεῖα
855 1771 1057 1839 φέρειν.
1107 1767 1326 1830 Καλῶς,
1373 1757 1444 1832 ἦν
1472 1765 1512 1820 δ’
1544 1764 1666 1836 eyw'.
1712 1765 1799 1822 ὅτι
1831 1771 1932 1840 μὲν

229 1849 337 1922 γὰρ
380 1848 592 1919 ἀγαθῷ
637 1846 760 1904 ὄντι
794 1851 967 1922 γάμοι
1008 1872 1063 1905 τε
1107 1855 1324 1926 ἕτοιμοι
1369 1853 1588 1915 πλείους
1628 1849 1802 1918 ἣτοῖς
1834 1850 1932 1907 ἄλ-

232 1990 291 2031 A.
323 1989 427 2030 Vat.
460 2001 515 2031 m.
548 1988 666 2028 Flor.
699 2001 740 2028 a.
773 2002 808 2031 c.
840 1987 938 2029 ποῖ’
970 1987 1047 2040 ἇνς
1089 1988 1204 2041 quod
1239 1989 1482 2041 recepimus
1513 2002 1611 2030 cnm
1647 1990 1829 2034 Bekker.
1862 2005 1930 2032 as·

234 2045 517 2087 sentientibus
549 2045 677 2086 Turr.
709 2044 842 2090 Schn.
871 2047 1024 2088 Herm.
1085 2048 1225 2099 Vulgo
1259 2051 1352 2087 erat
1386 2050 1540 2090 ποῖον.’

350 2103 422 2143 Τὸ
460 2103 693 2156 φιλῆσαί
726 2119 783 2144 τε
813 2104 904 2143 καὶ
935 2103 1007 2159 φ.]
1069 2105 1187 2146 Mon.
1220 2106 1410 2158 φιλῆσαί
1440 2119 1486 2144 τε
1518 2106 1693 2147 omittit.

351 2160 400 2202 C.
459 2160 548 2202 καὶ
590 2161 788 2214 μηδενὶ
823 2162 1057 2216 ἐξεῖναι]
1123 2164 1220 2213 καί,
1259 2162 1377 2216 quod
1411 2164 1542 2215 vulgo
1578 2165 1752 2215 aberat,
1784 2166 1933 2219 optimi

1133 2277 1302 2319 beat?

1193 2337 1241 2379 B.
1286 2333 1481 2375 οὐκέτι
1512 2349 1597 2375 σοι
1629 2336 1810 2388 δοκεῖ]
1845 2349 1933 2377 non

297 2277 345 2316 P.
366 2276 468 2324 468.
489 2272 810 2327 ποιήσαντα
841 2277 926 2318 διὰ
962 2278 1045 2319 κά-

238 2336 360 2387 κην]
416 2335 516 2375 Hac
547 2335 743 2376 vocabuli
774 2337 916 2377 forma
948 2339 1044 2379 Pia-

238 2400 386 2434 tonem
429 2405 743 2444 saepenumero
788 2407 914 2436 usum
950 2408 1046 2435 esse

239 2451 385 2491 «locuit
416 2449 623 2491 Ruhnk.
667 2450 722 2492 ad
754 2452 871 2494 Tim.
900 2453 1046 2495 Gloss.

241 2523 281 2563 p.
314 2510 412 2553 152.

298 2569 376 2614 εἰς
398 2565 529 2612 τούς
561 2567 831 2620 πολεμίου
851 2565 1045 2613 coil-‹iv-

235 2626 332 2679 τα]
367 2624 503 2666 Verbi
536 2625 800 2667 constructio
841 2639 866 2667 e
904 2627 1045 2668 brevi·

237 2683 483 2735 loquentiae
555 2684 703 2724 studio
780 2684 1043 2737 explicanda.

236 2741 345 2783 Nam
379 2738 537 2781 ἁλῶναι
581 2742 637 2789 εἰς
682 2739 789 2789 τοὺς
814 2742 1046 2796 πολεμίους

237 2799 352 2840 idem
389 2803 456 2839 est
485 2798 600 2850 qnod
632 2797 805 2849 ἁλῶναι,
842 2798 946 2846 ὥςτε
971 2815 1046 2841 πε-

239 2861 325 2897 σεῖν
343 2858 401 2904 εἰς
415 2853 522 2901 τοὺς
541 2856 787 2910 πολεμίους.
806 2857 848 2899 Χ
861 2871 919 2899 en
932 2857 1046 2911 oph.

240 2915 416 2956 Hellen.
447 2914 485 2956 I.
507 2915 549 2964 1,
571 2913 640 2957 23.
672 2914 914 2969 γράμματα
942 2932 1048 2969 πεμ-

239 2976 411 3024 φθέντα
427 2970 617 3012 ἑάλωσαν
635 2974 694 3020 εἰς
713 2969 924 3026 Ἀθήνας.
940 2975 984 3015 A
997 2987 1048 3014 e-

242 3043 354 3083 sop.
388 3029 494 3074 Fab,
528 3029 608 3071 XL
615 3031 695 3072 VI·
741 3032 800 3077 εἰς
828 3030 909 3072 τὸν
938 3029 1047 3086 βρό-

238 3102 319 3138 χον
349 3086 469 3130 ἑαλω.
513 3087 616 3129 ibid.
662 3089 767 3130 LV·
814 3089 870 3138 εἷς
908 3089 1049 3143 πάγην

241 3142 394 3190 ἁλούς.
428 3144 651 3187 Sententia
673 3146 780 3189 haec
800 3154 888 3192 est.
918 3147 1046 3188 Eum

244 3214 399 3253 vero,
434 3203 525 3255 qui
556 3205 719 3244 vivus
763 3204 826 3246 ad
859 3204 1048 3246 hostes

245 3265 450 3312 captus
490 3266 598 3312 est,
639 3276 821 3305 nonne
865 3262 1048 3315 gratis

245 3316 681 3360 decettradere
671 3322 763 3369 iis,
783 3322 869 3373 qni
901 3333 1046 3374 prae—

246 3373 308 3415 da
352 3375 457 3416 ista
493 3374 575 3416 uti
617 3378 682 3417 ad
713 3379 921 3431 aliquid
962 3392 1046 3419 ve—

247 3432 368 3484 lint,
427 3433 490 3473 ad
547 3436 914 3488 quodcunque
975 3438 1045 3477 111-

1131 2395 1232 2436 iam
1274 2407 1308 2436 s.
1349 2406 1451 2434 non
1500 2392 1626 2435 item
1660 2394 1760 2434 tibi
1792 2394 1933 2436 vide-

1132 2458 1238 2494 tur.
1302 2451 1405 2493 Mox
1448 2449 1503 2491 ad
1549 2451 1598 2492 τὸ
1659 2453 1839 2505 φιλῆσαι
1881 2466 1934 2494 ex

1131 2509 1216 2552 ὑπὸ
1252 2507 1434 2551 ἑκά-στου
1478 2509 1802 2563 inteliigendum
1844 2510 1936 2551 ἕκα·

1131 2584 1249 2610 στον.
1283 2581 1321 2609 v.
1352 2567 1407 2608 ad
1438 2567 1534 2610 libr.
1566 2567 1626 2608 II.
1668 2581 1709 2620 p.
1740 2567 1839 2611 358.
1879 2569 1935 2609 Ε.

1132 2627 1306 2669 Menex.
1338 2639 1378 2679 p.
1410 2624 1509 2669 243.
1540 2625 1597 2668 D.
1640 2625 1845 2667 Ceterum
1879 2627 1934 2668 ri-

1132 2684 1206 2726 det
1247 2683 1353 2725 haec
1392 2684 1580 2724 Platonis
1622 2683 1797 2725 decreta
1837 2683 1937 2725 Lu-

1132 2744 1179 2784 ci
1194 2756 1215 2783 a
1234 2754 1272 2782 n.
1312 2742 1444 2784 Vitat.
1471 2742 1602 2782 Auct.
1634 2741 1668 2793 §.
1688 2741 1758 2785 17.
1778 2755 1818 2795 p.
1835 2741 1933 2786 556,

1131 2800 1186 2842 Τ.
1214 2799 1252 2840 Ι.
1289 2799 1356 2842 ed.
1388 2798 1562 2840 Reitz.

1189 2855 1702 2909 Ο.πρὸςτᾶριστεῖα
1729 2857 1934 2910 φέρειν]

1136 2921 1194 2957 ut
1226 2939 1279 2946 --
1316 2913 1570 2968 cupidior
1607 2915 1678 2954 sit
1710 2916 1936 2967 praemii

1138 2973 1422 3015 victoriae
1458 2972 1798 3024 reportandi.
1844 2974 1936 3013 Φέ-

1136 3046 1253 3087 ρειν
1294 3036 1339 3072 et
1385 3032 1664 3083 φέρεσθαι
1721 3030 1776 3071 de
1824 3032 1937 3072 acci-

1135 3088 1296 3143 piendo
1331 3088 1524 3140 praemio
1548 3089 1796 3139 promiscue
1812 3101 1938 3130 usur-

1136 3147 1225 3201 pari
1260 3144 1742 3198 monuitReisigius
1775 3146 1829 3188 ad
1849 3149 1938 3188 Oe-

1136 3204 1224 3257 dip.
1266 3202 1362 3245 Coi.
1410 3215 1447 3242 V.
1488 3203 1527 3246 6.
1591 3203 1794 3245 Ceterum
1835 3203 1939 3246 haec

1135 3261 1328 3313 respexit
1357 3261 1589 3301 Aristot.
1627 3263 1714 3314 Poj.
1746 3262 1807 3302 ΙΙ.
1840 3262 1880 3305 2.

1203 3319 1308 3371 Cap.
1346 3319 1448 3358 XV.
1509 3319 1597 3358 καὶ
1632 3318 1756 3360 καθ’
1788 3317 1939 3374 ‘'Optn-

1143 3378 1256 3430 ρον]
1281 3377 1392 3417 Ηο111
1414 3376 1475 3416 ΙΙ.
1495 3376 1594 3428 VII,
1616 3378 1724 3422 321:
1747 3375 1942 3418 νώτοισιν

1143 3433 1186 3474 δ’
1232 3434 1404 3476 Αἴαντα
1455 3436 1706 3486 διηνεκέεσσι
1752 3437 1944 3490 γέραιρεν
