2098 3658
330 171 430 220 1615
980 160 1464 218 PLATONIS

234 310 279 364 C
328 309 785 386 παραλαμβάνων
842 306 1012 373 ἄλλος
1063 307 1237 365 ἄλλον
1292 309 1367 366 ἐπ’
1416 307 1639 375 ἔάλλου,
1687 305 1786 362 τὸν
1831 305 1883 361 ὁ’
1933 306 2006 361 ἐπ’

324 397 499 453 ἄλλου
539 400 722 468 χρείᾳ,
768 397 989 449 πολλῶν
1032 392 1305 466 δεόμενοι,
1351 391 1591 458 πολλοὺς
1642 399 1716 456 εἰς
1758 397 1891 461 μίαν
1936 392 2016 447 οἵ·

327 503 484 549 κησιν
538 481 860 551 ἀγείραντες
908 478 1208 543 κοινωνούς
1271 500 1328 534 τε
1373 482 1464 533 καὶ
1507 475 1795 549 βοηθούς,
1841 474 2015 552 ταύτῃ

330 569 393 644 τῆ
453 567 703 634 ξυνοικία
756 566 1016 633 ἐθέμεθα
1073 561 1232 618 πόλιν
1292 561 1493 632 ὄνομα.
1563 555 1596 629 ἦ
1656 560 1792 634 γάρς
1850 559 2016 614 Πάνυ

328 655 430 721 μὲν
477 641 595 704 οὖν.
661 649 1013 704 Μεταδίδωσι
1060 646 1127 714 δὴ
1170 645 1340 711 ἄλλος
1383 645 1567 716 ἄλλῳ,
1611 647 1675 701 εἴ
1703 667 1756 700 τι
1798 647 2019 714 μεταδί-

327 738 510 799 δωσιν,
552 729 587 800 ἢ
619 729 1048 803 μεταλαμβάνει,
1075 730 1326 802 οἰόμενος
1369 731 1522 801 αὐτῷ
1571 727 1805 802 ἄμεινον
1850 727 2019 794 εἶναι;

329 817 502 874 Πάνυ
556 839 632 885 γε.
673 813 800 872 Ἴθι
838 814 924 884 δή,
965 808 1033 882 ἦν
1094 815 1144 871 δ’
1207 815 1341 885 ἐγώ,
1398 819 1476 887 τῷ
1525 815 1671 885 λόγῳ
1726 814 1780 880 ἐξ
1845 812 2020 883 ἀρχῆς

331 905 577 974 ποιῶμεν
621 899 803 956 πόλιν.
856 898 1069 966 ποιήσει
1112 903 1167 954 δὲ
1213 899 1418 967 αὐτήν,
1463 898 1536 964 ὡς
1578 904 1767 963 ἔοικεν,
1813 895 1847 964 ὴ
1891 895 2022 967 ἡμε-

331 993 462 1059 τέρα
520 991 697 1057 χρεία.
785 989 920 1049 Πῶς
963 983 1016 1039 δ’
1078 980 1180 1049 οὕς
1226 983 1388 1039 Ἀλλὰ
1432 983 1544 1054 μὴν
1589 981 1780 1056 πρώτη
1826 1004 1885 1052 γε
1929 984 2023 1036 καὶ

237 1082 293 1135 D
330 1075 557 1144 μεγίστη
617 1072 729 1124 τῶν
778 1071 975 1141 χρειῶν
1033 1066 1068 1135 ἡ
1128 1071 1227 1133 τῆς
1282 1072 1500 1144 τροφῆς
1556 1063 1877 1138 παρασκευὴ
1923 1068 2022 1120 τοῦ

331 1155 473 1212 εἷναί
513 1177 571 1211 τε
615 1157 708 1209 καὶ
752 1156 851 1221 ζῆν
896 1158 1071 1208 ἕνεκα.
1137 1151 1484 1208 Παντάπασί
1531 1175 1608 1223 γε.
1674 1155 1910 1221 Δευτέρα
1955 1147 2022 1215 δὴ

335 1239 620 1307 οἰκήσεως,
664 1243 839 1314 τρίτη
867 1236 914 1292 δ’
968 1238 1219 1301 ἐσθῆτος
1262 1241 1354 1291 καὶ
1399 1240 1511 1291 τῶν
1553 1233 1843 1292 τοιούτων.
1868 1231 2025 1288 ’Ἐστι

334 1328 534 1380 ταῦτα.
625 1325 766 1393 Φέρε
819 1320 919 1389 δή,
974 1342 1043 1387 ην
1087 1319 1135 1373 δ’
1188 1320 1321 1388 ἐγώ,
1364 1324 1480 1385 πῶς
1523 1319 1557 1387 ἡ
1606 1317 1767 1384 πόλις
1810 1317 2024 1390 ἀρκέσει

334 1411 423 1463 ἐπὶ
469 1406 745 1473 τοσαύτην
792 1423 1180 1476 παρασκευηνς
1224 1401 1366 1462 ἄλλο
1412 1427 1466 1460 τι
1507 1401 1743 1476 γεωργὸς
1788 1406 1889 1474 μὲν
1934 1402 2024 1466 εἷς,

336 1491 366 1547 ὁ
412 1495 468 1547 δὲ
516 1492 845 1562 οἰκοδόμος,
888 1486 1059 1552 ἄλλος
1114 1491 1169 1543 δέ
1213 1511 1297 1554 τις
1337 1488 1632 1565 ὑφάντηςς
1688 1485 1722 1555 ἢ
1766 1490 1856 1543 καὶ
1900 1505 2030 1542 σκυ-

337 1576 584 1648 τοτόμον
627 1573 831 1630 αὐτόσε
876 1570 1275 1644 προςθήσομεν
1318 1571 1352 1642 ἦ
1399 1572 1490 1630 τιν’
1536 1570 1710 1628 ἄλλον
1753 1574 1863 1627 τῶν
1902 1574 2030 1642 περὶ

337 1659 402 1717 τὸ
458 1664 614 1729 σῶμα
676 1658 1068 1730 θεραπευτήνς
1134 1659 1304 1713 Πάνυ
1359 1681 1434 1727 γε.
1513 1659 1615 1724 Ε’ίη
1671 1656 1718 1712 δ’
1772 1653 1846 1712 ὀὶν
1891 1653 1922 1723 ἦ
1969 1677 2029 1726 γε

452 1823 507 1865 Ε.
569 1821 659 1862 ἕνα
690 1820 924 1860 ἕκαστον
955 1820 1020 1874 τ.]
1055 1818 1130 1859 ἕνα
1161 1820 1292 1872 vulgo
1321 1820 1528 1859 omissum
1556 1818 1685 1857 codd.
1701 1823 1908 1862 unanima
1938 1822 2029 1861 fere

339 1881 633 1922 consensione
661 1879 850 1919 firmant.

454 1938 562 1990 Cap.
593 1938 674 1979 Xl.
736 1937 793 1977 D.
856 1937 1000 1988 τρίτη
1043 1930 1086 1974 δ’
1134 1931 1407 1988 ἐσθῆτος]
1448 1927 1492 1971 δ’
1523 1932 1721 1975 additum
1760 1947 1814 1975 ex
1847 1935 1954 1975 Par.
1986 1938 2030 1976 A

340 1997 398 2037 D.
415 1996 471 2040 K.
513 1996 627 2036 Ven.
661 1993 713 2036 Π.
745 1994 870 2037 Mon.
902 1995 1021 2045 Ang.
1054 1993 1176 2035 Fior
1210 2006 1253 2032 x.
1285 1992 1328 2045 β.
1390 1992 1509 2032 Ante
1539 1991 1727 2037 Bekker.
1759 1994 2033 2035 scribebatur

341 2056 470 2107 τρίτη
500 2053 705 2106 ἐσθῆτος.
739 2051 840 2092 Par.
872 2053 928 2094 A.
959 2057 1070 2091 teste
1101 2051 1278 2092 Duebn.
1310 2051 1437 2115 τρίτη
1457 2047 1516 2088 δὲ
1545 2047 1645 2090 ἐσθ.

456 2112 632 2166 ἐαυτῷ
661 2107 832 2161 μόνον
863 2107 1151 2163 τέταρτον]
1206 2110 1348 2161 ῐιιῐὲο
1381 2104 1514 2162 μόνῳ.
1550 2108 1640 2148 Sed
1670 2105 1809 2158 μόνον
1838 2107 1942 2149 Par.
1977 2111 2032 2152 A.

340 2171 582 2211 secundum
610 2168 782 2210 Duebn.
815 2173 859 2209 et
891 2166 1054 2208 Ven'*
1014 2182 1047 2211 Δ,
1082 2165 1135 2209 Π.
1166 2167 1320 2208 Ambr.
1360 2166 1453 2209 Vat.
1485 2180 1541 2207 m.
1572 2166 1680 2207 Flor
1709 2180 1750 2208 a.
1783 2181 1818 2207 c.
1850 2180 1895 2208 x,
1934 2181 1973 2210 α.
1995 2182 2032 2222 γ.

343 2229 464 2282 quod
491 2228 777 2269 restituimus.

458 2283 655 2326 τούτου
687 2284 782 2324 τοῦ
814 2283 1020 2336 σιτίου]
1057 2285 1177 2323 σίτου
1202 2285 1299 2323 Par.
1323 2285 1370 2324 A.
1393 2295 1500 2336 apr.
1518 2297 1573 2327 m
1593 2283 1832 2324 secundum
1865 2283 2033 2326 Duebn.

342 2350 385 2386 et
418 2345 563 2386 Ambr.
597 2343 715 2383 Flor.
749 2356 788 2381 α.
779 2372 808 2392 .,
842 2343 961 2394 quod
994 2343 1160 2395 recepit
1190 2341 1341 2381 Herm.

461 2401 655 2445 113701.
721 2396 863 2440 οὕτω
913 2396 1074 2453 ρᾷοτ]
1136 2399 1185 2439 V.
1232 2395 1431 2468 ρᾳὶδιον,.ι
1458 2398 1576 2450 quod
1625 2397 1791 2439 frustra
1840 2398 2037 2439 defendit

343 2460 600 2502 Schneider.
655 2458 889 2499 Verissime
926 2458 1050 2501 Mon.
1092 2464 1136 2498 et
1172 2456 1294 2501 Flor.
1325 2456 1370 2509 β.
1407 2450 1537 2510 ρᾷον,
1569 2457 1688 2509 quod
1718 2458 1850 2496 etiam
1879 2457 2036 2498 Astius

346 2525 390 2559 et
426 2517 664 2559 Heindorf.
707 2518 764 2557 ad
808 2516 1031 2558 Phaedon.
1061 2530 1103 2569 p.
1136 2515 1206 2558 66.
1247 2515 1545 2556 revocandum
1585 2521 1870 2557 censuerunt:
1917 2528 2035 2556 rece-

345 2583 506 2630 perunt
544 2577 649 2616 item
689 2574 880 2615 Bekker.
924 2581 967 2614 et
1004 2574 1133 2615 Turr.
1177 2574 1370 2614 editione
1415 2573 1735 2624 recentissima3
1776 2573 1893 2614 conf.
1934 2587 2036 2614 ann.

357 2717 514 2768 ἄλλον,
557 2715 632 2759 τὸν
670 2714 717 2757 δὲ
756 2711 819 2756 ἐπ’
858 2714 988 2757 ἄλλου
1026 2717 1155 2770 χρείᾳ.

353 2791 394 2818 v.
429 2779 488 2819 ad
516 2779 748 2833 Protagor.
779 2789 823 2828 p.
855 2774 955 2818 330.
988 2776 1046 2815 A.

406 2834 456 2875 C.
519 2826 670 2876 Οὕτω
703 2828 761 2884 δὴ
795 2829 1150 2885 παραλαμβά

351 2906 455 2932 νων
485 2917 540 2922 —-
570 2888 889 2947 ἀγείραντες
931 2915 986 2919 ——
1025 2886 1153 2930 ταύ-

351 2965 407 3001 τῃ
441 2951 501 3003 τῇ
527 2950 587 3004 ξ.]
618 2951 733 2991 Sunt
746 2949 1010 2990 nominativi
1027 2950 1155 2989 abso-

349 3008 450 3051 luti
491 3023 533 3050 v.
570 3007 914 3050 Valckenar.
954 3007 1011 3047 ad
1048 3006 1158 3047 Eur.

350 3065 584 3107 Phoeniss.
625 3080 664 3108 v,
697 3065 796 3112 292,
855 3064 1158 3117 Elmslei.

352 3123 410 3163 ad
450 3123 660 3175 Sophocl.
701 3121 810 3164 Oed.
854 3123 959 3175 Tyr.
1002 3136 1046 3162 v.
1087 3121 1158 3165 60

358 3180 556 3220 Matth.
588 3179 667 3221 Gr.
700 3180 751 3231 §.
766 3180 866 3224 562

416 3237 473 3280 D.
493 3238 608 3277 πῶς
630 3233 826 3290 ἡπόλις
854 3233 1158 3290 ἆρκέσει-]

358 3293 525 3336 Sensus
564 3295 636 3336 hic
676 3302 766 3338 est:
802 3296 1022 3347 quomodo
1054 3294 1159 3335 civi-

358 3359 424 3394 tas
469 3353 657 3394 sufficiet
697 3357 740 3392 et
787 3353 948 3393 idonea
982 3354 1066 3393 erit
1103 3352 1157 3392 ad

356 3416 501 3453 tantas
543 3424 611 3452 res
652 3411 1002 3462 comparandas?
1049 3412 1089 3452 h.
1124 3422 1159 3449 e.

1238 2728 1325 2768 qua
1355 2716 1527 2756 ratione
1558 2715 1632 2755 isti
1663 2715 1823 2766 degent
1852 2719 1896 2754 et
1926 2715 2033 2767 quid

1241 2779 1386 2825 agent,
1417 2778 1466 2812 ut
1485 2773 1785 2813 communibus
1808 2773 2038 2813 desideriis

1241 2831 1452 2872 satisfiat?
1515 2829 1745 2871 Sententia
1793 2831 2040 2870 declaratur
2091 2829 2093 2836 ⁴

1241 2890 1345 2930 inde
1375 2901 1402 2929 a
1432 2889 1602 2931 verbis:
1654 2885 1710 2928 Τί
1743 2885 1795 2940 δὴ
1828 2881 1932 2938 οὖνς
1965 2887 2040 2927 ε’να
2090 2877 2098 2943 J

1243 2947 1423 2987 ἕκαστον
1453 2960 1492 2986 κ.
1519 2961 1552 2985 τ.
1584 2946 1618 2986 λ.
1651 2967 1703 2974 -
1741 2941 1767 2998 ἦ
1797 2959 1854 2998 γε
1885 2940 2039 2999 ἆναγ-
2090 2950 2092 2974 ἰ

1243 3000 1507 3056 καιοτάτη
1546 3000 1734 3050 πόλις,
1774 3004 1954 3057 civitas,
1994 3005 2041 3044 in
2089 2993 2091 3043 J

1245 3075 1333 3114 qua
1376 3062 1557 3102 nonnisi
1607 3073 1658 3101 ea
1717 3067 2041 3114 comparantur,

1248 3132 1360 3172 quae
1399 3120 1456 3158 ad
1491 3121 1628 3160 vitam
1662 3120 1852 3159 maxime
1892 3133 2041 3160 neces·
2088 3137 2090 3168 ξ

1246 3178 1362 3218 saria
1399 3181 1513 3217 sunt.
1564 3199 1619 3204 ——
1660 3175 1863 3217 Ceterum
1912 3178 2042 3218 etiam
2086 3174 2089 3217 ἒ

1245 3247 1322 3285 ea,
1374 3246 1486 3286 quae
1544 3234 1703 3275 dehinc
1749 3240 2043 3288 exponuntur.
2086 3249 2088 3286 s

1246 3292 1605 3334 Aristoteles
1662 3293 1795 3333 Polit.
1849 3293 1942 3343 IV,
2000 3292 2041 3335 3.
2086 3287 2087 3296 ¹

1247 3351 1382 3402 (vulg.
1415 3349 1480 3397 4.)
1511 3363 1554 3401 p.
1573 3349 1674 3394 146.
1703 3353 1770 3393 ed.
1789 3349 2043 3391 Schneider.

1245 3408 1394 3448 multis
1426 3409 1592 3462 Vverbis
1647 3410 1862 3460 exagitat:
1921 3409 2044 3448 cuius
2084 3408 2085 3445 ἶ
