2098 3658
310 183 405 236 172
955 177 1434 231 PLATONIS

302 332 357 383 δὲ
403 325 500 394 ‘5¹13
544 331 600 380 ἐν
643 322 784 402 αὐτῆ
832 325 895 400 τῆ
934 322 1091 378 πόλει
1119 345 1261 426 πωςτ
1275 324 1535 392 ἀλληλοις
1578 325 1986 396 μεταδώσουσιν

300 405 376 465 ὧν
423 408 495 464 ἂν
541 414 760 464 ἕκαστοι
804 407 1171 480 ὲργάζωνταις
1222 401 1299 464 ὧν
1335 406 1402 477 δὴ
1447 415 1605 464 ἕνεκα
1659 414 1749 465 καὶ
1791 433 1986 466 κοινω·

300 499 427 548 νίαν
474 493 840 565 ποιησάμενοι
882 490 1042 547 πόλιν
1098 491 1386 562 ᾠκίσαμεν.
1474 496 1656 560 Δῆλον
1699 495 1794 563 δή,
1845 517 1880 563 η
1925 493 1975 548 δ’

301 576 387 642 ὅς,
433 575 522 632 ὅτι
582 580 892 639 πωλοῦντες
944 579 1039 631 καὶ
1086 575 1407 649 ὠνούμενοι.
1487 576 1695 650 Ἀγορὰ
1744 577 1809 647 δὴ
1851 578 1985 650 ἡμῖν

301 667 390 716 καὶ
450 659 690 732 νόμισμα
749 659 1025 732 ξύμβολον
1069 664 1167 728 τῆς
1208 661 1460 731 ἀλλαγῆς
1497 667 1656 717 ἕνεκα
1697 661 1985 732 γενήσεται

299 753 354 800 ὲκ
401 745 623 801 τούτου.
708 745 878 801 Πάνυ
921 749 1023 816 μὲν
1065 738 1185 801 οὖν.
1257 743 1359 801 ’Ἀν
1403 738 1507 800 οὗν
1549 752 1782 817 κομίσας
1825 745 1854 803 ὁ
1898 768 1985 817 γε-

211 832 257 887 C
300 830 479 902 ωργὸς
520 836 596 895 εἰς
637 826 741 898 τὴν
784 828 1001 902 ἀγοράν
1056 851 1108 884 τι
1153 823 1229 885 ὧν
1268 842 1416 887 ποιεῖ
1459 827 1494 896 ἦ
1537 852 1620 895 τις
1661 830 1832 895 ἄλλος
1873 835 1985 886 τῶν

297 918 646 988 δημιουργῶν
699 911 776 986 μὴ
833 921 908 978 εἰς
951 911 1048 970 τὸν
1091 912 1268 970 αὐτὸν
1306 913 1515 986 χρόνον
1557 913 1662 992 ἥκῃ
1706 926 1824 980 τοῖς
1866 919 1984 971 δεο-

296 1006 484 1070 μένοις
524 997 595 1054 τὰ
636 997 757 1072 παρ’
795 998 973 1054 αὐτοῦ
1014 996 1394 1066 ἀλλάξασθαι,
1419 997 1652 1070 ἀργήσει
1680 1004 1782 1067 τῆς
1807 998 1982 1056 αὑτοῦ

295 1088 656 1156 δημιουργίας
712 1082 1040 1154 καθήμενος
1091 1089 1151 1138 ἐν
1204 1082 1422 1155 ἀγορᾷς
1483 1081 1784 1154 Οὐδαμῶς,
1842 1076 1878 1153 ἦ
1926 1085 1975 1140 δ’

297 1167 376 1233 ὅς,
400 1167 513 1223 ἀλλ’
553 1171 689 1224 εἰσὶν
719 1170 771 1224 οἳ
813 1171 982 1223 τοῦτο
1028 1164 1266 1238 ὁρῶντες
1307 1166 1541 1232 ἑαυτοὺς
1584 1173 1670 1222 ἐπὶ
1715 1167 1822 1236 τὴν
1864 1172 1984 1223 δια-

296 1257 490 1308 κονίαν
542 1252 804 1308 τάττουσι
861 1251 1102 1317 ταύτην,
1147 1259 1205 1306 ὲν
1246 1255 1348 1322 μὲν
1391 1264 1515 1315 ταῖς
1558 1252 1756 1325 ὀρθῶς
1801 1260 1986 1309 οἰκου-

293 1344 483 1408 μέναις
523 1337 712 1393 πόλεσι
758 1335 951 1408 σχεδόν
995 1358 1042 1389 τι
1091 1340 1144 1391 οἱ
1187 1336 1595 1392 ἀσθενέστατοι
1639 1334 1708 1391 τά
1754 1335 1983 1408 σώματα

296 1424 387 1476 καὶ
444 1420 657 1493 ἀχρεῖοί
695 1442 750 1475 τι
791 1419 930 1476 ἄλλο
975 1424 1137 1492 ἔργον
1182 1419 1464 1492 πράττειν.
1514 1419 1697 1478 αὑτοῦ
1751 1419 1858 1491 γὰρ
1905 1426 1984 1478 δεῖ

206 1504 262 1558 D
300 1509 569 1574 μένοντας
614 1502 822 1570 αὐτοὺς
863 1507 994 1576 ,περὶ
1039 1501 1143 1572 τὴν
1191 1502 1412 1575 ἀγοράν
1457 1501 1526 1560 τά
1572 1508 1674 1576 μὲν
1716 1504 1830 1560 ἀντ’
1880 1505 1983 1575 ἀρ-

297 1594 492 1662 γυρίου
537 1588 906 1657 ἀλλάξασθαι
950 1599 1070 1653 τοῖς
1109 1609 1163 1643 τι
1187 1592 1463 1658 δεομένοις
1493 1587 1843 1655 ἀποδόσθαι,
1870 1603 1986 1656 τοῖς

296 1677 352 1729 δὲ
413 1673 540 1730 ἀντὶ
603 1666 676 1731 αὖ
743 1673 1013 1746 ἀργυρίου
1072 1674 1420 1730 διαλλάττειν
1479 1671 1606 1730 ὅσοι
1659 1696 1712 1729 τι
1764 1679 1984 1731 δέονται

295 1762 595 1831 πρίασθαι.
682 1756 848 1827 Αὕτη
889 1755 1021 1828 ἄρα,
1063 1750 1138 1828 ἦν
1179 1756 1228 1813 δ’
1280 1756 1401 1829 ἐγώ,
1450 1757 1480 1825 ἡ
1520 1764 1676 1831 χρεία
1725 1759 1984 1827 καπήλων

294 1841 430 1912 ἡμῖν
484 1851 691 1914 γένεσιν
745 1850 959 1922 ἐμποιεῖ
1015 1846 1080 1921 τῇ
1132 1841 1304 1900 πόλει.
1364 1839 1396 1910 ἢ
1444 1841 1510 1898 οὐ
1556 1843 1845 1910 καπήλους
1885 1867 1983 1900 κα-

295 1930 499 1999 λοῦμεν
542 1924 674 1992 τοὺς
721 1926 861 1998 πρὸς
902 1924 1052 1995 ὠνήν
1096 1948 1153 1982 τε
1199 1931 1292 1982 καὶ
1334 1930 1541 1999 πρᾶσιν
1583 1930 1985 1995 διακονοῦντας

296 2015 614 2085 ἱδρυμένους
655 2019 714 2068 ἐν
756 2011 956 2086 ἀγορᾷ,
1001 2008 1130 2076 τοὺς
1173 2013 1230 2066 δὲ
1274 2010 1562 2079 πλανήτας
1604 2015 1691 2067 ἐπὶ
1735 2010 1836 2078 τὰς
1881 2014 1982 2069 πό-

413 2150 462 2191 C
524 2144 747 2202 ἀχρεῖοί
771 2163 816 2189 τι
846 2147 976 2191 ἄλλο
1008 2150 1197 2204 ἔργον]
1240 2165 1275 2190 τι
1304 2151 1473 2191 addunt
1506 2147 1601 2190 Vat.
1637 2148 1685 2194 Θ.
1722 2150 1826 2191 Ven.
1858 2151 1898 2195 Ξ
1926 2151 1979 2198 Π,

298 2208 430 2250 Vind.
467 2206 517 2251 Φ,
558 2208 661 2250 Par.
692 2208 734 2249 D
767 2207 822 2252 Κ.
854 2209 979 2256 Μοιι,
1017 2209 1172 2248 Ambr.
1204 2209 1305 2252 Vat.
1339 2222 1395 2250 m.
1427 2221 1461 2247 r.
1494 2208 1612 2250 Flor.
1644 2222 1686 2249 a.
1724 2223 1759 2252 c.
1789 2222 1832 2254 x,
1865 2224 1904 2251 α.
1937 2211 1982 2263 β.

296 2268 413 2308 unde
445 2267 575 2334 etiam
610 2266 795 2309 Bekker.
826 2268 1002 2320 recepit.

410 2325 467 2368 D.
529 2320 556 2378 ἢ
586 2320 650 2365 οὐ
682 2322 962 2379 καπήλου]
994 2323 1114 2364 Male
1144 2323 1278 2376 vulgo
1312 2317 1339 2377 ἧ
1371 2337 1440 2366 ου.
1499 2324 1706 2365 Correxit
1739 2325 1921 2370 Bekker.

413 2379 549 2423 τούς
579 2380 632 2422 δὲ
665 2381 971 2436 πλανήτας]
1008 2379 1219 2435 πλάνητας
1245 2382 1338 2425 Vat.
1358 2379 1407 2424 Θ.
1436 2382 1541 2423 Ven.
1564 2380 1612 2426 Ξ.
1641 2382 1743 2424 Par.
1758 2384 1813 2424 K.
1840 2383 1932 2425 Vae.
1946 2400 1981 2427 r.

298 2501 374 2549 tia,
393 2511 524 2552 quam
546 2498 630 2538 hoc
651 2499 783 2539 modo
801 2500 1095 2552 explicamus:
1238 2496 1346 2551 Cap.
1390 2497 1491 2538 ΧΗ.
1563 2496 1611 2537 Β.
1677 2490 1719 2538 Ἀ
1733 2512 1756 2552 y
1770 2512 1794 2539 ο
1808 2497 1869 2552 ρὰ
1918 2496 1977 2539 δ
1955 2515 1980 2554 η

299 2551 401 2597 ἀλλὰ
452 2556 519 2597 και
564 2553 636 2597 δεῖ
669 2552 737 2610 (τὰ
779 2557 892 2597 οἴκοι
939 2558 1094 2610 ποιεῖν)

302 2614 482 2656 τοιαῦτα
527 2615 595 2655 καὶ
639 2611 768 2663 τόσα,
811 2610 881 2656 οἶα
911 2615 980 2656 καὶ
1011 2612 1096 2655 ὅσα

298 2669 424 2714 ἱκανά
469 2669 618 2726 (ἐστιν)
671 2672 871 2723 ἐκείνοις,
923 2665 985 2714 ὧν
1041 2668 1096 2714 ἄν

299 2729 489 2772 δέωνται.
531 2731 604 2772 Ita
631 2745 722 2773 non
753 2737 820 2772 est
851 2733 971 2785 quod
999 2745 1096 2773 eum

298 2789 559 2831 Bekkero
592 2802 647 2830 ex
676 2803 764 2830 uno
783 2790 898 2830 libro
917 2790 1095 2859 Monqac.

301 2849 563 2889 scribamus.
595 2841 698 2889 ἀλλὰ
724 2847 792 2888 καί
811 2844 881 2888 οἷα
911 2847 980 2888 καὶ
1014 2844 1096 2889 ὅσα

299 2902 481 2946 ἐκείνοις
500 2901 696 2959 ἄξουσιν,
717 2907 758 2946 οἱ
758 2901 1098 2959 ’μεταδώσουσιν

297 2954 360 3003 ὦν
390 2960 443 3003 ἂν
475 2960 677 3015 δέωνται,
708 2978 820 3018 quae
858 2965 990 3005 lectio
1022 2977 1098 3005 ctu·

298 3021 406 3062 ferri
435 3035 526 3062 non
554 3024 710 3077 possit,
740 3024 786 3063 in
817 3023 966 3075 aprico
1002 3035 1099 3074 esse

299 3085 518 3131 putamus.
587 3079 743 3149 Neque
787 3094 906 3123 cum
929 3081 1002 3121 As
1017 3081 1095 3121 tio

302 3138 548 3205 corrigam:
579 3132 681 3178 ἀλλὰ
702 3137 770 3179 καὶ
792 3135 987 3186 ἔχει’,νοιε
1000 3130 1098 3191 παρ’

302 3184 364 3234 ὦν
395 3189 449 3234 ἄν
482 3196 734 3265 κομίζωνται
752 3187 813 3236 ὧν
831 3210 885 3237 αν
906 3194 1096 3237 δέωνται.

302 3250 433 3301 Quod
469 3247 540 3292 οἷα
580 3253 648 3292 καὶ
689 3249 773 3294 ὅσα
803 3255 932 3306 dicit,
967 3255 1015 3296 id
1045 3267 1096 3295 eo

302 3310 415 3351 facit
436 3309 648 3359 consilio,
679 3316 728 3350 ut
766 3313 972 3364 plurimis
997 3313 1098 3354 aliis

302 3367 531 3421 opificibus
564 3381 674 3422 opus
705 3368 800 3409 fore
831 3383 930 3413 cum
953 3371 1099 3424 gravi·

300 3430 392 3468 tate
420 3426 609 3480 quadam
639 3426 869 3480 significet.

1182 2551 1307 2610 ἡμῖν
1352 2556 1444 2595 καί
1490 2551 1736 2607 νόμισμα
1770 2553 1979 2608 ξύμβο-

1181 2615 1273 2655 λον
1306 2613 1396 2666 -]
1455 2613 1659 2654 Forum
1699 2615 1880 2668 igitur
1923 2624 1982 2659 et

1179 2676 1401 2723 numus,
1460 2685 1561 2725 quo
1625 2672 1679 2710 in
1738 2676 1981 2716 emtione

1181 2731 1515 2772 venditione
1566 2734 1826 2782 tanquam
1879 2738 1980 2774 tes-

1179 2791 1980 2842 serantantu·r,meroiumper-

1179 2848 1566 2888 mutandarum
1607 2850 1791 2898 gratia
1820 2850 1979 2890 exin-

1182 2906 1243 2947 de
1279 2905 1442 2947 nobis
1495 2905 1711 2946 orietur
1761 2919 1795 2947 s.
1841 2919 1977 2958 opus

1183 2963 1303 3004 erit·
1361 2962 1476 3003 Nam
1506 2963 1569 3002 ita
1598 2958 1819 3015 ξύμβολον
1850 2966 1978 3005 intel-

1181 3020 1806 3088 ligandum..

1241 3077 1290 3120 C.
1327 3073 1391 3130 μὴ
1422 3073 1506 3116 εἰς
1535 3073 1629 3116 τὸν
1660 3073 1830 3119 αυτὸν
1861 3078 1977 3134 χρό-

1183 3150 1279 3177 νον
1325 3131 1426 3189 ἥκῃ
1488 3138 1602 3174 τοῖς
1656 3134 1976 3191 δεομένοις]

1180 3194 1269 3237 hoc
1315 3198 1406 3236 est.
1461 3205 1572 3232 non
1619 3195 1808 3236 eodem
1853 3201 1978 3241 tem·

1181 3263 1465 3306 pore,quo
1499 3258 1770 3293 venerunt
1799 3254 1864 3301 ii,
1887 3254 1979 3306 qui

1181 3321 1393 3355 merces
1452 3308 1573 3348 eius
1630 3306 1706 3363 (τὰ
1751 3306 1849 3364 παρ’
1898 3306 1976 3351 av'-

1184 3367 1285 3418 τοῦ)
1318 3378 1501 3408 emere
1531 3370 1777 3419 cupiunt.
1808 3370 1978 3412 Eadem

1182 3427 1293 3468 haec
1323 3424 1680 3477 breviloquentia
1721 3433 1807 3478 est,
1846 3440 1977 3480 quam
