2124 3744
326 212 429 261 300
940 213 1413 267 PLATONIS

330 355 523 425 Οἶμαι,
580 361 700 430 ἔφη.
798 358 1194 429 ῗΑντεχομένων
1262 359 1328 425 δὴ
1397 364 1488 413 καὶ
1555 367 1906 431 μαχομένων,
1971 354 2010 413 ὦ

327 439 643 510 θαυμάσιε,
702 439 961 513 γέροντός
1018 464 1076 498 τε
1131 447 1221 497 καὶ
1265 443 1461 514 γραός,
1524 436 1623 515 ἆρ’
1672 445 2014 514 εὐλαβηθείη

324 520 398 576 ἂν
441 527 534 578 καὶ
576 529 828 595 φείσαιτο
871 525 946 595 μή
994 547 1047 580 τι
1091 530 1290 596 δρᾶσαι
1335 531 1446 582 τῶν
1490 532 1864 598 τυραννικῶνς
1937 529 2013 583 (Ιύ

326 602 592 675 πάνυ,-,ἦ
639 608 687 663 δ’
741 607 834 676 ὅς,
891 614 1053 679 ἔγωγε
1099 611 1306 684 θαρρῶ
1352 619 1472 682 περὶ
1520 615 1630 666 τῶν
1673 619 1876 681 γονέων
1915 616 2016 667 τοῦ

325 692 601 747 τοιούτου.
694 692 867 756 Ἀλλ’,
925 686 966 747 ὦ
1021 693 1364 764 Ἀδείμαντε,
1437 695 1576 765 πρὸς
1628 698 1787 762 Διός,
1855 702 2016 757 ἕνεκα

325 781 516 831 νεωστὶ
571 780 755 851 φίλης
786 780 877 832 καὶ
935 777 1036 834 οὐκ
1093 779 1407 848 ἀναγκαίας
1470 785 1693 852 ἑταίρας
1734 786 2020 851 γεγονυίας

325 858 428 928 τὴν
495 860 669 915 παλαι
725 866 894 935 φίλην
952 867 1043 918 καὶ
1100 863 1417 930 ἀναγκαίαν
1479 871 1714 937 μητέρα,
1774 863 1805 932 ἢ
1862 871 2018 920 ἕνεκα

323 943 532 1016 ὡραίου
575 950 765 1001 νεωστὶ
809 951 975 1021 φίλου
1020 947 1340 1016 γεγονότος,
1391 947 1492 1004 οὐκ
1534 949 1874 1018 ἀναγκαίου,
1921 948 2018 1003 τὸν

325 1025 514 1099 ἄωρόν
562 1052 618 1084 τε
664 1035 755 1085 καὶ
801 1031 1113 1102 αναγκαῖον
1158 1033 1469 1105 πρεσβύτην
1518 1040 1727 1103 πατέρα
1774 1039 1863 1089 καὶ
1909 1037 2019 1087 τῶν

326 1117 502 1182 φίλων
550 1113 933 1186 ἀρχαιότατον
979 1120 1129 1173 δοκεῖ
1171 1115 1244 1172 ἄν
1290 1137 1378 1173 σοι
1422 1117 1451 1171 ὁ
1498 1121 1761 1182 τοιοῦτος
1787 1122 2019 1186 πληγαῖς

451 1309 498 1348 Β.
572 1308 763 1363 δρᾶσαι
817 1313 923 1352 τῶν
964 1312 1333 1366 τυραινικων]
1386 1312 1460 1352 Sic
1499 1311 1597 1352 Par
1640 1316 1688 1354 A
1735 1313 1862 1354 Vind.
1902 1314 2018 1366 Aug.

332 1366 431 1406 vat.
466 1379 522 1407 m.
588 1367 726 1422 Vulgo
768 1367 922 1423 δρᾶσαι
962 1367 1230 1423 τυραννικόν.
1275 1370 1368 1410 vat.
1409 1367 1455 1409 Θ.
1502 1369 1604 1410 Ven.
1636 1370 1689 1411 li.
1724 1370 1842 1412 Mon.
1877 1369 1940 1424 ὅρ.
1974 1367 2020 1414 τὸ

332 1421 600 1476 τυραννικόν.

665 1427 921 1469 Florentini:
953 1426 1011 1481 μή
1042 1443 1077 1468 τι
1110 1425 1313 1480 δράσαιτο
1346 1427 1429 1467 τιῦν
1460 1428 1737 1479 τυραννικῶν.

447 1481 707 1524 C.Ha'1v
744 1480 801 1538 γ’,
843 1486 989 1539 ἔφη]
1031 1486 1106 1526 Sic
1142 1486 1239 1526 Par.
1280 1489 1327 1526 Α.
1370 1484 1496 1525 Vind.
1535 1483 1584 1524 Φ.
1617 1485 1721 1527 Vat.
1756 1499 1811 1528 m.
1874 1485 2022 1526 Ceteri

326 1624 547 1676 absolute,
621 1629 669 1666 ut
718 1636 958 1676 pronomen
1009 1627 1137 1667 τοῦτο

327 1694 381 1722 ex
411 1683 625 1724 orationis
654 1683 770 1723 serie
811 1685 1133 1737 intelligendum

330 1740 607 1792 relinquatur.
648 1741 699 1781 P.
741 1741 840 1786 575.
875 1742 936 1783 D:
976 1740 1052 1782 ἐὰν
1090 1741 1137 1783 δὲ

328 1795 384 1849 μὴ
430 1796 632 1852 ἐπιτρέπῃ
673 1794 698 1851 ἦ
742 1797 877 1840 πόλις.
923 1799 1045 1841 VIII.
1090 1814 1131 1854 p.

326 1855 427 1898 551.
472 1856 529 1897 G:
577 1856 619 1897 εἰ
652 1857 762 1896 νεῶν
794 1881 849 1888 —-—-
876 1858 934 1911 τῷ
976 1859 1133 1932 πένητι,

332 1911 370 1953 εἰ
402 1914 470 1954 καὶ
506 1913 926 1968 κυβερνητικώτερος
955 1917 1044 1970 εἴη,
1077 1915 1133 1970 μὴ

329 1969 562 2040 ἐπιτρέποι,
593 1975 663 2013 ubi
698 1987 736 2013 v.
770 1981 915 2014 annot.

388 2031 438 2071 B.
502 2029 768 2084 γέροντός
811 2045 863 2071 τε
893 2033 982 2072 καὶ
1013 2047 1131 2086 γρα·

332 2087 415 2140 ός]
448 2087 485 2129 h.
521 2103 558 2130 e.
593 2101 699 2130 sene
730 2094 853 2142 patre
883 2096 1011 2141 atque
1043 2103 1133 2131 ma-

330 2151 411 2187 tre.
481 2145 678 2189 Observa
721 2148 894 2188 articuli
926 2149 1129 2189 omissio

331 2217 452 2253 nem
496 2209 596 2245 ante
629 2202 790 2275 πατήρ,
820 2201 977 2258 μήτηρ,
1010 2204 1134 2259 γυνή,

333 2267 449 2309 παῖς,
483 2259 592 2310 υἱός,
625 2257 834 2314 ἁδελφός,
867 2264 950 2303 alia
982 2264 1023 2304 id
1055 2277 1132 2316 ge·-

328 2333 410 2360 uus
443 2321 640 2369 uomina
688 2334 773 2361 non
804 2322 1135 2374 infrequentem,

330 2384 377 2418 ut
438 2377 586 2418 docuit
635 2377 912 2420 Schaefer.
965 2378 1132 2420 Melett.

327 2451 373 2489 p.
401 2434 471 2479 45
521 2441 565 2477 et
595 2434 695 2479 116.

390 2493 550 2534 ἕνεκα
603 2495 794 2534 νεωστὶ
845 2496 1005 2547 φίλης
1052 2495 1135 2546 —J

335 2553 597 2593 Adverbium
644 2554 803 2592 νεωστί
836 2559 1018 2607 propter
1058 2566 1131 2604 op-

333 2611 561 2664 positionis
603 2612 680 2652 vim
722 2612 1016 2663 praepositum
1058 2616 1138 2658 est,

333 2680 463 2721 quum
495 2683 522 2708 e
551 2670 714 2721 vulgari
736 2669 903 2709 ratione
933 2669 1000 2709 hic
1047 2682 1145 2708 essm

336 2727 565 2767 verborum
606 2726 715 2767 ordo
760 2726 966 2767 deberet:
1017 2726 1140 2766 ἕνεκα

339 2786 467 2837 φίλης
507 2785 575 2824 καὶ
621 2779 702 2824 ούκ
748 2780 983 2837 ἀναγκαίας
1029 2784 1139 2824 ἑταί-

338 2853 416 2895 ρας
446 2844 596 2883 νεωστὶ
628 2845 869 2896 γεγονυίας.
932 2844 1136 2884 Ceterum

336 2896 572 2953 ἀναγκαῖον
615 2913 711 2941 cum
745 2901 934 2954 eleganti
967 2901 1142 2954 ponitur

336 2958 615 3011 amphibolia,
644 2970 773 3011 quum
807 2958 976 2998 dicatur
1010 2963 1053 2999 et
1085 2959 1140 3000 de

337 3029 405 3063 eo,
437 3016 551 3068 quod
584 3029 767 3057 necesse
793 3022 876 3066 est,
910 3020 954 3057 et
986 3015 1040 3056 de
1074 3016 1143 3065 iis,

336 3087 446 3126 quos
489 3080 644 3114 natura
689 3074 826 3114 iunxit
870 3074 1141 3124 cognationis

338 3132 531 3181 vinculis,
561 3138 609 3171 ut
628 3145 697 3185 ap.
730 3130 971 3183 Xenoph.
1005 3131 1137 3172 Mem.

340 3188 393 3237 11,
426 3189 468 3237 1,
501 3188 570 3231 14.
609 3189 775 3231 Hellen.
814 3188 843 3228 l.
881 3189 919 3232 7.
952 3189 1021 3231 10.
1055 3191 1110 3229 al.

421 3246 469 3286 C.
561 3243 877 3299 πρεσβύτην
938 3246 1142 3298 πατέρα

339 3304 563 3355 πληγαῖς
612 3318 662 3344 τε
709 3304 931 3356 δοῦναι]
1001 3304 1139 3343 Scho—

340 3363 508 3401 nastes:
546 3364 776 3413 σημείωσαι
817 3359 893 3414 τὴν
926 3360 1140 3412 σύνταξιν,

340 3416 654 3471 πρεσβύτην
675 3419 880 3471 πατέρα
914 3420 1140 3473 πληγαῖς

341 3491 389 3516 τε
428 3476 640 3517 δοῦναι.
713 3478 918 3518 Similiter
963 3492 1002 3529 p.
1038 3478 1136 3520 571.

1225 1626 1281 1668 E:
1327 1623 1375 1666 τύ
1426 1623 1742 1679 ἐπιθυμητικὸν
1788 1623 1893 1680 μήτε
1946 1625 2020 1666 ἐν·

1192 1681 1346 1739 ’δείᾳ
1412 1681 1545 1724 δοὺς
1612 1681 1715 1738 μήτε
1783 1685 2020 1738 πλησμονῇ.

1221 1742 1313 1784 Nec
1343 1742 1528 1783 alienum
1562 1743 1663 1782 inud
1704 1743 1834 1783 Hom.
1859 1743 2020 1794 Odyss.

1222 1800 1344 1841 XIX.
1379 1812 1417 1840 v,
1438 1801 1542 1844 167:
1577 1794 1748 1851 ἀχέεσσί
1774 1814 1824 1850 με
1854 1798 2018 1840 δώσεις.

1221 1857 1339 1898 mad.
1385 1858 1433 1899 V.
1477 1871 1517 1898 ν.
1559 1858 1667 1901 397:
1721 1854 1908 1909 ὀδύνῃσί
1954 1871 2023 1908 μιν

1220 1913 1392 1956 ἔδωκεν.
1457 1916 1520 1956 Ad
1549 1916 1777 1957 dictionem
1813 1913 2020 1956 καταδου-

1222 1971 1461 2013 λώσασθαι.
1494 1969 1660 2013 αὐτοὺς
1711 1968 1791 2014 ὑπ’
1842 1972 2023 2014 ἐκείνοις

1221 2043 1447 2083 compares
1483 2044 1524 2081 p.
1557 2031 1655 2074 575.
1692 2031 1749 2072 D:
1791 2027 1880 2071 ὑπὸ
1922 2028 2023 2071 τού-

1222 2100 1309 2129 τοις
1360 2086 1412 2140 δὴ
1454 2086 1754 2129 δουλεύουσαν
1790 2086 1867 2142 τὴν
1898 2087 2023 2130 πάλαι

1223 2148 1351 2199 φίλην
1403 2145 1580 2199 μητρίδα
1630 2171 1686 2178 -
1725 2147 1809 2199 ἕξει
1861 2162 1902 2187 τε
1955 2148 2023 2187 καὶ

1221 2204 1392 2258 θρέψει.
1428 2204 1554 2245 Conf.
1589 2204 1645 2244 ad
1679 2205 1769 2245 iibr.
1809 2208 1836 2247 Ι.
1861 2220 1899 2259 p.
1921 2205 2020 2250 348.

1223 2264 1292 2312 D„
1323 2262 1396 2303 ubi
1415 2263 1666 2303 notavimus
1688 2261 1916 2306 formulam
1946 2258 2024 2315 ὑφ’

1223 2317 1338 2374 αὐτῷ
1371 2319 1605 2360 ποιεῖσθαι.

1284 2379 1331 2418 Ι).
1376 2372 1439 2418 ού
1475 2379 1689 2430 :monitor
1721 2374 1813 2425 μὲι
1844 2375 2025 2416 οἰκιας

1224 2451 1259 2476 κ.
1283 2451 1313 2476 τ.
1337 2436 1389 2488 L]
1423 2437 1586 2489 Iungas
1618 2435 1656 2475 in
1681 2434 1791 2475 hunc
1828 2434 2024 2475 modum.

1226 2490 1280 2534 ού
1316 2494 1488 2545 πρῶτον
1529 2493 1605 2544 μὲν
1636 2489 1846 2542 ἐφάψεται
1879 2495 2025 2543 τοίχου

1225 2552 1362 2593 σι”κιας
1394 2550 1509 2592 τινὸς
1542 2548 1567 2604 ἢ
1600 2551 1680 2590 τοῦ
1711 2549 1880 2599 ἱματίου
1910 2547 2027 2589 τινὸς

1225 2606 1307 2660 ὀψὲ
1348 2608 1516 2663 νύκτωρ
1567 2608 1724 2648 ἰόντος.
1801 2607 1892 2648 Ne<-
1934 2610 2027 2648 sine

1224 2669 1599 2709 animadversione
1642 2664 2026 2718 praetermittenda

1225 2726 1552 2779 praecedentia,
1603 2737 1712 2776 quae
1764 2723 1826 2762 sic
1866 2735 2024 2764 conne-

1226 2788 1344 2826 ctas:
1388 2781 1435 2823 τὸ
1469 2782 1514 2823 δὲ
1545 2784 1629 2822 τῶν
1662 2777 1833 2833 ἡδονῶν
1865 2781 2027 2846 σμῆνος

1226 2840 1272 2880 ἐν
1327 2837 1443 2895 αὐτῷ
1498 2839 1578 2894 ἤδη
1628 2832 1950 2891 ξυνειλεγμένον
1998 2831 2026 2887 ᾗ

1227 2897 1307 2970 ήδη
1341 2897 1471 2944 πολύ,
1514 2899 1552 2939 h.
1589 2912 1625 2938 e.
1669 2907 1772 2936 ωςτε
1805 2893 1883 2947 ηδη
1917 2892 2026 2934 πολὺ

1227 2952 1346 2998 elme.
1398 2959 1517 2997 Lini.
1559 2957 1603 2995 V.
1638 2967 1678 3006 p.
1713 2952 1811 2995 344.
1853 2954 1907 2992 D:
1954 2967 2025 2992 κα-

1229 3031 1303 3055 ταν
1306 3014 1518 3069 τλήσαςη
1502 3012 1573 3066 ”δη
1596 3035 1646 3042 --
1680 3007 1817 3050 πολύν
1849 3025 1924 3050 τον
1954 3009 2025 3050 λό-

1227 3085 1320 3126 γον.
1373 3073 1481 3113 Ibid.
1526 3085 1566 3121 p.
1614 3068 1712 3111 562.
1757 3068 1813 3109 D·
1869 3065 2028 3122 πολλὴν

1228 3130 1460 3184 παρέχουσι
1491 3126 1567 3181 τήν
1586 3124 1850 3179 ἐλευθερίη.
1887 3127 2027 3166 Phae-

1228 3189 1330 3230 don.
1363 3204 1403 3241 p.
1424 3188 1494 3230 66.
1532 3191 1588 3225 A:
1622 3180 1729 3235 αὐτῇ
1755 3179 1865 3223 καθ’
1893 3180 2029 3237 αιτὴν

1227 3246 1449 3312 εἰλικρινεῖ
1475 3245 1522 3294 τῇ
1556 3240 1727 3295 διανοίᾳ
1758 3240 1985 3295 χριόμενος.

1285 3300 1463 3357 ἱερόν
1495 3315 1547 3340 τι
1587 3297 2026 3353 νεωκορήσει]

1229 3362 1397 3403 Dictum
1441 3372 1536 3399 curn
1591 3359 1734 3398 Attica
1784 3358 2026 3398 urbanitate

1229 3432 1306 3472 pro
1343 3417 1613 3466 templum
1650 3415 1874 3467 aliquod
1908 3427 2028 3467 spo-

1227 3477 1396 3518 liabit.
1457 3473 1559 3516 Nam
1592 3475 1768 3527 proprie
1803 3476 2030 3525 νεωκορεῐν
