2098 3658
284 153 351 202 30
896 147 1369 204 PLATONIS

285 288 366 352 Εὖ
415 286 518 352 οὖν
572 315 669 364 μοι
728 297 818 348 καὶ
879 293 1003 351 τότε
1057 296 1240 363 ἔδοξεν
1284 303 1487 359 ἐκεῖνος
1531 300 1701 350 εἰπεῖν
1747 298 1837 352 καὶ
1887 298 1985 350 νῦν

286 379 387 450 οὐχ
446 372 634 446 ἦττον.
690 379 1018 434 παντάπασι
1065 378 1173 451 γὰρ
1232 382 1340 434 τῶν
1384 401 1444 449 γε
1490 379 1759 433 τοιούτων
1803 386 1860 433 ἐν
1911 383 1983 449 τῷ

285 463 432 534 γήρᾳ
490 458 664 527 πολλὴ
728 461 922 531 εἰρήνη
981 467 1225 534 γίγνεται
1266 468 1358 518 καὶ
1405 466 1719 532 ἐλευθερία.
1762 461 1984 518 ἐπειδὰν

285 548 393 618 γὰρ
439 551 499 601 αἱ
540 549 841 614 ἐπιθυμίαι
868 549 1190 610 παύσωνται
1221 555 1642 603 κατατείνουσαι
1678 549 1770 601 καὶ
1795 547 1982 618 χαλά-

285 649 447 693 σωσι,
493 627 823 685 παντάπασι
887 628 948 687 τὸ
996 634 1095 688 τοῦ
1154 634 1518 706 Σοφοκλέους
1571 636 1843 700 γίγνεται,
1900 635 1985 689 δε-

284 717 509 773 σποτῶν
525 713 676 768 πάνυ
695 717 914 770 πολλῶν
930 709 1094 794 [ἔστι]
1111 719 1203 771 καὶ
1224 722 1572 787 μαινομένων
1593 714 1982 786 ἀπηλλάχθαι.

285 796 431 862 ἀλλὰ
475 801 567 854 καὶ
615 797 829 854 τούτων
862 806 994 868 ’πέρι
1037 803 1130 867 καὶ
1175 803 1286 855 τῶν
1329 821 1386 865 γε
1412 798 1553 872 πρὸς
1587 798 1722 864 τοὺς
1749 803 1984 864 οἰκείους

281 888 383 955 μία
429 905 509 947 τις
551 886 704 937 αἰτία
749 887 916 948 ἐστίν,
960 882 1028 939 οὐ
1077 884 1136 939 τὸ
1181 887 1372 954 γῆρας,
1414 875 1454 938 ὦ
1501 883 1816 953 Σώκρατες,
1859 882 1974 938 ἀλλ’

283 965 313 1024 ὁ
375 967 584 1038 τρόπος
642 969 752 1025 τῶν
803 965 1150 1040 ἀνθρώπων.
1209 965 1283 1023 ἂν
1323 970 1425 1038 μὲν
1469 965 1578 1039 γὰρ
1622 970 1843 1038 κόσμιοι
1889 972 1981 1023 καὶ

401 1156 631 1202 ἐπειδὰν
661 1158 759 1214 γὰρ
792 1159 847 1201 αἱ
873 1159 1196 1215 ἐπιθυμίαι]
1242 1159 1326 1215 γάρ
1358 1174 1446 1203 om.
1477 1161 1580 1203 Par.
1612 1162 1670 1202 A.
1704 1168 1748 1202 et
1777 1175 1842 1215 pr.
1877 1162 1982 1203 Ven.

288 1219 340 1261 Π.
372 1221 490 1274 quod
527 1219 784 1260 mirumest
814 1222 1013 1271 potuisse
1043 1221 1222 1273 probari
1253 1221 1535 1270 Hermanno,
1567 1233 1654 1272 quo
1698 1226 1745 1259 ut
1779 1221 1982 1260 Parisino

284 1292 364 1320 suo
407 1279 672 1330 opituletur,
711 1279 911 1330 protasia
958 1290 1037 1330 per
1085 1274 1258 1318 ἐπειδὰν
1302 1278 1551 1318 institutam
1591 1278 1756 1330 duplici
1795 1278 1982 1331 apodosi

283 1337 499 1379 inclusam
529 1346 626 1375 esse
657 1335 825 1375 statuit.

285 1508 449 1561 potuit,
482 1506 599 1558 quod
626 1517 697 1546 res
737 1517 953 1545 venereae
994 1518 1092 1546 cum

285 1565 582 1607 contemtione
613 1563 803 1614 quadam
826 1576 1091 1604 commemo·

285 1629 452 1664 rantur.
513 1621 645 1673 Hipp.
679 1621 780 1661 mai.
790 1634 857 1689 p.
889 1621 991 1664 299.

287 1678 334 1721 τὰ
380 1678 427 1720 δέ
477 1692 564 1718 που
611 1677 706 1730 περὶ
757 1674 805 1718 τὰ
843 1622 1092 1748 ἀφροδίσΑιά

286 1736 443 1779 πάντες
481 1732 536 1777 ἂν
575 1733 777 1787 μάχοιιιο
821 1730 881 1776 ὥς
912 1732 1092 1790 ἥδιστον

288 1794 353 1845 ὅτ,
386 1794 451 1836 δεῖ
479 1791 525 1834 δὲ
555 1788 695 1835 αυτό
728 1789 846 1835 οὕτω
878 1791 1089 1847 πράττειν.

285 1855 489 1906 Sympos.
515 1866 570 1923 p.
581 1852 676 1895 192.
698 1851 757 1892 C:
788 1847 893 1892 οὐδὲ
924 1849 1005 1904 γὰρ
1037 1848 1091 1893 ἂν

284 1909 425 1962 δόξειε
455 1905 570 1950 τοῦτ’
586 1904 693 1950 εἶναι
704 1905 752 1977 ἡ
789 1910 871 1950 τιῦν
903 1905 1086 1961 ἀφροδι-

285 1972 391 2010 σίων
425 1970 650 2016 συνουσία,
684 1962 742 2008 ὥς
771 1964 855 2018 ἄρα
887 1964 1088 2008 τούτου

283 2028 407 2068 ἕνεκα
437 2047 490 2058 --
515 2028 668 2096 χαίρει.
727 2025 841 2066 Ibid.
859 2039 900 2078 p.
917 2026 1016 2069 200.
1035 2025 1085 2069 O.

282 2087 338 2128 al.
379 2086 463 2125 Pro
500 2079 746 2137 ἀποφυγών
772 2085 892 2136 quod
922 2085 1086 2136 legitur

281 2156 352 2214 ap.
394 2142 600 2183 Theon.
642 2145 875 2193 Progymn.
931 2155 974 2194 p.
1014 2141 1084 2185 14.

283 2196 549 2253 ἀποδράς,
605 2200 652 2241 id
711 2200 848 2240 miror
905 2199 1087 2252 probari

281 2259 482 2312 potuisse
549 2257 977 2302 Hemsterhusio
1029 2258 1087 2298 ad

281 2318 467 2358 Lucian.
501 2316 553 2356 T.
583 2315 671 2355 ΙΙΙ.
705 2327 746 2366 p.
771 2315 855 2358 391
887 2316 955 2355 ed.
987 2316 1084 2368 ssip.

282 2374 399 2416 Nam
438 2379 482 2414 et
518 2374 700 2426 gravius
731 2379 798 2413 est
828 2367 1087 2426 ἀποφυγών,
1117 2409 1124 2415 ,

283 2438 327 2473 et
357 2433 535 2484 elegans
567 2432 761 2472 eiusdem
803 2431 927 2471 verbi
960 2444 1086 2485 repe-

282 2491 382 2532 titio
418 2491 464 2530 in
502 2490 586 2530 hac
620 2490 888 2530 narrationis
920 2490 1086 2542 simpli·

281 2549 427 2588 citate.
467 2549 584 2588 Vere
598 2549 689 2587 Am
702 2561 742 2586 ιιι
756 2560 781 2586 o
792 2549 845 2587 ni
860 2561 886 2587 u
898 2560 944 2591 s:
959 2543 1084 2587 Ἀπο-

281 2603 436 2658 δρᾶναι
462 2606 530 2646 καὶ
562 2600 832 2675 ἀποφεύγειν
865 2603 1083 2659 διαφέρει·

281 2659 524 2717 ἀποδρᾶναι
563 2662 640 2714 μὲν
669 2661 717 2704 τὸ
750 2657 1086 2717 ἀναχωρήσαντά

282 2735 374 2762 τινα
418 2718 579 2774 ἄδηλον
627 2714 691 2761 εἶν
694 2735 737 2761 αι
784 2718 900 2762 ὅπου
948 2719 1084 2762 ἐστίν)

280 2774 551 2832 ἀποφεύγειν
590 2777 637 2819 δὲ
679 2775 727 2820 τὸ
764 2776 822 2834 μὴ
866 2771 1084 2820 δύνασθαι

280 2836 590 2890 ἐπιληφθῆναι.

337 2895 440 2941 τῶν
460 2909 512 2947 γε
540 2890 867 2935 τοιούτων-
888 2893 1082 2948 εἰρήνη

281 2952 364 2992 καὶ
395 2950 744 3005 ἐλευθερία]
779 2953 948 2994 Eadem
977 2966 1082 2995 con-

280 3011 462 3050 structio
497 3016 563 3051 est
598 3011 786 3062 Eurip.
823 3011 962 3063 lphig.
978 3012 1081 3054 Aul.

280 3082 322 3108 v.
353 3067 440 3113 537
461 3069 531 3109 ed.
552 3068 711 3108 Matth.
744 3068 944 3123 γαλανείᾳ
981 3082 1080 3122 χρη-

281 3122 459 3176 σάμειοι
488 3122 766 3193 μαινομένων
788 3127 987 3176 οἴστρων.

336 3180 569 3223 ἐπειδὰν
590 3179 687 3236 γὰρ
712 3181 766 3222 αἱ
782 3181 1084 3234 ἐπιθυμίαι

281 3239 339 3294 π.]
378 3241 680 3294 Postquam
707 3242 1080 3294 enichupidi-

280 3303 425 3339 tates
458 3300 820 3346 ‚vehementes
844 3311 973 3353 'esse
996 3300 1078 3341 de-

279 3357 687 3409 sieruntseque
711 3357 1078 3404 remiserunt,

278 3415 468 3455 evenit
528 3414 754 3456 omnino
807 3414 881 3466 id,
932 3416 1078 3466 quod

888 1335 979 1377 lmo
998 1333 1080 1389 γάρ
1101 1347 1180 1389 per
1200 1335 1370 1376 vicinas
1388 1335 1581 1388 syllabas
1613 1348 1763 1377 errore
1795 1337 1850 1376 de
1880 1337 1984 1377 sede

1178 1505 1489 1559 Sophocles
1536 1508 1707 1557 dixit,
1747 1511 1803 1546 ut
1839 1519 1866 1546 a
1896 1507 1983 1546 do-

1178 1565 1340 1605 minis
1381 1578 1512 1606 sane
1559 1564 1750 1605 multis
1802 1564 1983 1616 iisque

1177 1623 1507 1664 furentibus
1543 1623 1778 1663 liberati
1799 1623 1981 1663 simus.

1177 1680 1436 1722 Muretus
1489 1686 1533 1721 et
1589 1681 1781 1721 Astius
1843 1687 1979 1722 meta-

1175 1738 1362 1791 phoram
1391 1744 1607 1791 sumptam
1628 1743 1785 1791 putant
1799 1739 1854 1779 ab
1874 1739 1982 1779 ima·

1176 1797 1379 1848 ginibus‚
1415 1809 1528 1849 quae
1560 1797 1707 1836 nervis
1740 1797 1834 1836 sive
1864 1796 1981 1837 funi-

1176 1855 1286 1894 culis
1329 1854 1639 1902 movebantur,
1684 1860 1731 1893 ut
1761 1855 1909 1906 pueris
1939 1861 1984 1895 et

1172 1912 1404 1964 imperitae
1441 1912 1713 1952 multitudini
1745 1912 1981 1953 admiratio

1172 1971 1462 2019 excitaretur3
1499 1983 1536 2009 v.
1570 1970 1709 2021 Legg.
1746 1969 1775 2008 l.
1811 1982 1853 2022 p.
1880 1969 1981 2015 644,

1170 2027 1311 2080 intpp.
1329 2028 1387 2068 ad
1410 2027 1580 2075 luven
1594 2029 1658 2071 al.
1680 2026 1805 2071 XIV.
1829 2028 1980 2075 v 266.

1173 2085 1323 2137 ltaque
1347 2085 1575 2126 Platonem
1607 2086 1861 2127 existimant
1895 2086 1980 2127 hoc

1171 2143 1318 2184 dicere
1359 2143 1576 2184 voluisse:
1620 2156 1746 2194 senes
1779 2144 1981 2186 modera-

1173 2205 1243 2240 tos
1276 2206 1320 2241 et
1348 2201 1620 2253 compositos
1653 2202 1743 2241 illis
1775 2203 1979 2254 volupta-

1172 2264 1265 2299 tum
1293 2264 1503 2310 tanquam
1535 2260 1682 2307 ne'rvis
1711 2265 1753 2303 et
1771 2259 1979 2301 funiculis

1171 2329 1263 2356 non
1293 2316 1481 2369 amplius
1503 2317 1688 2357 moveri.
1736 2318 1848 2367 Mihi
1869 2317 1980 2358 llaec

1171 2374 1287 2414 ratio
1324 2374 1501 2426 longius
1541 2375 1753 2415 arcessita
1783 2376 1976 2427 videtur,

1172 2433 1242 2472 eui
1272 2432 1474 2484 praefero
1503 2433 1640 2473 multo
1664 2434 1978 2486 simpliciorem

1170 2491 1603 2543 interpretationem,
1637 2503 1691 2531 ex
1732 2504 1820 2544 qua
1852 2505 1976 2531 κατα-

1172 2549 1322 2588 τείνειν
1361 2553 1405 2589 et
1434 2547 1564 2599 χαλᾶν
1606 2562 1739 2589 sensu
1768 2550 1975 2590 intransi-

1170 2606 1265 2646 tivo
1294 2606 1601 2658 accipiendum
1632 2613 1711 2647 est.

1230 2663 1281 2704 D.
1342 2664 1559 2703 πολλῶν
1592 2663 1764 2716 ίέστι]
1809 2663 1895 2703 και
1934 2678 1976 2713 μ.

1171 2715 1550 2789 ἀπηλλάχθαι]
1584 2721 1711 2763 Istud
1738 2722 1825 2762 ἐστι
1857 2722 1975 2762 haud

1169 2781 1330 2820 scimus
1373 2792 1428 2820 an
1470 2779 1704 2820 delendum
1743 2781 1812 2820 vel
1856 2781 1901 2820 in
1934 2794 1976 2819 τε

1170 2839 1428 2878 mutandum
1475 2838 1545 2877 sit.
1634 2837 1750 2878 Nam
1803 2838 1974 2878 etiamsi

1169 2896 1279 2938 illud
1319 2909 1400 2948 pro
1441 2894 1575 2947 ἔξεστι
1607 2897 1798 2948 positum
1830 2901 1973 2948 putes,

1170 2959 1315 2994 tamen
1351 2958 1455 3006 post
1495 2954 1681 3005 γίγνεται
1720 2959 1838 2993 creat
1878 2966 1971 2993 mo-

1167 3011 1354 3051 lestiam.
1430 3011 1620 3051 Videtur
1662 3011 1972 3062 interpositum

1168 3081 1263 3109 esse
1293 3069 1347 3108 ab
1383 3068 1452 3116 iis,
1478 3068 1554 3120 qui
1583 3068 1850 3108 infinitivum
1881 3082 1973 3108 non

1168 3127 1470 3178 intelligerent
1498 3132 1601 3177 post
1632 3122 1678 3166 τὸ
1714 3126 1791 3165 τοῦ
1816 3124 1971 3177 Σοφο-

1169 3180 1326 3223 nidove
1387 3188 1504 3223 recte
1557 3195 1636 3236 per
1703 3185 1970 3237 epexegesin

1165 3242 1374 3292 subiungi
1397 3241 1611 3293 potuisse.
1645 3242 1833 3282 Accedit
1849 3242 1969 3294 quod

1164 3300 1297 3340 etiam
1354 3299 1522 3352 incerta
1579 3300 1784 3339 vocabuli
1841 3300 1968 3340 sedes

1162 3357 1210 3397 in
1250 3356 1378 3412 codd.
1418 3354 1590 3411 variata
1618 3357 1828 3397 indicium
1856 3356 1966 3399 facit

1162 3414 1455 3466 glossematis.
1522 3415 1684 3467 ,ltaque
1721 3427 1867 3460 vocem
1898 3421 1966 3454 ut-
