2106 3594
329 139 501 197 LXX

323 287 615 358 imaginem
652 284 1037 356 proposuisse,
1087 293 1150 338 ut
1184 286 1404 339 virtutis
1443 284 1695 345 doctrina
1731 285 2022 339 illustriore

322 358 509 427 aliquo
546 356 795 427 exemplo
833 355 1274 423 confirmaretur3
1326 359 1547 411 fuerunt
1581 357 1708 411 item
1747 359 1842 428 qui
1877 359 2024 413 effici

324 429 525 483 vellent
572 446 787 481 omnem
832 426 1271 498 'disputationem
1330 428 1570 498 denique
1634 437 1887 500 spectare
1953 430 2025 483 ad

325 497 693 572 effingendam
731 519 762 554 o
802 499 968 552 timae
995 499 1232 555 civitatis
1269 501 1574 572 imaginem.
1649 502 1827 572 Atqui
1858 503 2026 557 verba

323 571 416 624 illa
452 570 587 624 nihil
627 519 802 623 aliudp
813 569 1158 642 significant,
1196 573 1305 626 nisi
1343 571 1488 642 quod
1528 573 1609 626 rei
1646 574 1756 644 ipsi
1792 593 2024 628 consen·-

322 652 543 695 taneum
608 649 722 710 est,
797 642 1008 696 scilicet
1067 644 1309 697 futurum
1371 662 1528 712 esse,
1614 652 1676 697 ut
1739 646 2026 717 proposita

323 714 566 768 civitatis
615 714 853 786 imagine
902 713 1064 768 etiam
1100 715 1272 769 virtus
1312 715 1399 768 vel
1436 715 1618 785 potius
1667 717 1878 771 iustitia
1915 717 2026 770 cla-
2103 759 2106 775 2

322 787 435 840 rius
474 785 787 855 certiusque
825 794 1191 858 cognoscatur
1243 794 1432 858 utpote
1470 794 1734 856 tanquam
1770 789 1828 841 in
1864 787 2027 861 gran-

321 857 475 911 diore
511 857 700 911 tabula
735 856 806 910 ad
844 858 1204 929 spectandum
1241 858 1544 930 proposita.
1618 859 1765 913 Nam
1813 861 2026 926 civitaS,
2104 924 2106 928 Ι

325 948 489 999 quam
538 928 737 982 deinde
786 928 1048 984 describit
1096 929 1376 997 Socrates,
1431 930 1689 999 quoniam
1742 931 1903 1003 plane
1955 931 2027 985 ad
2104 980 2106 998 2

324 999 736 1055 similitudinem
796 1001 988 1073 optimi
1050 1001 1285 1056 hominis
1345 1001 1623 1073 descripta
1672 1009 1786 1071 est,
1836 1022 2029 1056 revera

323 1072 460 1125 nihil
510 1071 660 1126 aliud
708 1091 827 1127 esse
876 1072 1097 1127 videtur
1139 1093 1300 1143 quam
1341 1071 1692 1142 παράδειγμα
1729 1073 2025 1144 quoddam,

323 1145 380 1197 in
437 1163 547 1214 quo
595 1144 772 1198 virtus
829 1144 993 1198 unius
1042 1144 1277 1199 hominis
1335 1145 1534 1199 clarior
1594 1153 1651 1199 et
1716 1147 2028 1218 expressior

324 1223 604 1269 cernatur.
668 1216 736 1270 In
774 1235 883 1287 quo
936 1224 1119 1270 tamen
1168 1215 1465 1270 tenendum
1504 1226 1588 1270 est
1618 1216 2025 1289 philosophum,
2104 1219 2106 1258 f

323 1286 453 1341 dum
489 1287 767 1341 civitatem
804 1287 1080 1357 condidit,
1132 1307 1323 1342 revera
1358 1288 1465 1342 iam
1501 1287 1742 1342 indolem
1779 1296 1834 1342 et
1869 1297 2029 1343 natu-

321 1377 438 1413 ram
483 1358 775 1413 humanam
827 1360 896 1413 ob
937 1360 1126 1414 oculos
1164 1359 1452 1428 habuisse,
1504 1360 1717 1414 etiamsi
1757 1380 1879 1415 sese
1918 1362 2030 1415 cal-

324 1430 434 1484 lide
485 1431 703 1484 simulet
750 1431 986 1485 hominis
1035 1431 1291 1484 virtutem
1329 1432 1580 1502 exemplo
1608 1432 1849 1486 civitatis
1888 1434 2030 1487 velle
2102 1471 2106 1482 ,⁴

323 1501 552 1556 reddere
589 1502 954 1556 illustriorem.
1029 1502 1246 1574 Nempe
1283 1510 1659 1572 consequutus
1687 1503 1792 1557 hac
1816 1505 2030 1558 ratione

326 1573 517 1644 utique
569 1573 708 1626 illud
757 1581 870 1644 est,
931 1582 994 1628 ut
1041 1574 1289 1646 legentes
1336 1574 1445 1627 isto
1504 1582 1668 1644 pacto
1732 1575 2028 1643 civitatem,

327 1665 488 1716 quam
529 1644 839 1718 descripsit,
874 1665 986 1700 non
1021 1666 1122 1717 pro
1158 1645 1310 1699 inani
1345 1646 1608 1718 figmento
1646 1645 1882 1717 ducere,
1931 1648 2031 1701 sed

322 1717 431 1788 ipsi
492 1717 700 1771 homini
757 1737 946 1789 parem
996 1718 1198 1772 habere
1250 1725 1531 1789 cogantur.
1623 1716 1832 1772 Verum
1893 1718 2031 1774 haec

323 1787 546 1859 quidem
592 1808 691 1860 per
750 1789 1112 1844 occasionem.
1210 1788 1475 1843 Redimus
1537 1787 1608 1842 ad
1668 1789 2028 1861 propositum.

325 1860 532 1933 Agitur
580 1879 709 1933 ergo
746 1860 874 1914 inde
927 1881 959 1914 a
996 1861 1150 1915 Libr.
1189 1860 1245 1913 ll.
1295 1882 1349 1934 p.
1387 1862 1508 1915 367.
1545 1859 1614 1913 Ε.
1654 1861 2031 1916 sollertissima

328 1951 496 2004 opera
530 1931 654 1999 hoc,
695 1940 786 2001 ut,
825 1932 955 1986 dnm
991 1932 1296 2003 exquiritur
1330 1931 1415 1986 vis
1455 1951 1520 1986 ae
1555 1939 1752 1986 natura
1787 1933 2030 1987 iustitiae

326 2004 437 2073 sic,
485 2011 548 2056 ut
599 2003 718 2058 eius
770 2004 1012 2076 cognitio
1064 2024 1096 2057 a
1149 2004 1401 2058 sensibus
1440 2011 1495 2056 et
1532 2003 1882 2075 opinionibus
1935 2006 2031 2058 ab·

327 2075 496 2132 ducta
560 2073 631 2127 ad
697 2083 902 2130 certam
966 2076 1161 2129 mentis
1222 2089 1280 2129 et
1339 2075 1692 2146 cogitationis
1751 2077 2031 2130 notionem
2102 2074 2106 2143 ζ

326 2146 688 2219 provehatur,
740 2147 898 2201 simul
948 2148 1185 2217 optimae
1240 2147 1479 2201 civitatis
1516 2147 1818 2218 optimique
1856 2149 2031 2202 homi·
2101 2150 2106 2199 Ι

327 2219 412 2273 nis
462 2219 642 2290 imago
699 2219 1048 2287 exhibeatur,
1099 2217 1243 2272 unde
1289 2237 1451 2288 quam
1501 2219 1798 2273 clarissime
1858 2239 2030 2291 appa-

328 2297 474 2352 reat,
524 2294 798 2359 quomodo
847 2291 1079 2362 ipsum
1129 2290 1378 2344 bonum
1417 2290 1532 2344 sive
1569 2289 1731 2343 idea
1766 2291 1936 2344 boni
1973 2292 2030 2344 in

327 2362 584 2416 universa
619 2361 731 2415 vita
768 2362 1005 2416 humana
1040 2370 1148 2415 tam
1187 2361 1524 2433 singulorum
1549 2361 1827 2415 hominum
1867 2383 2032 2433 quam

327 2433 499 2488 totius
549 2433 830 2488 societatis
880 2434 1057 2488 civilis
1097 2452 1374 2506 emergere
1414 2441 1470 2486 et
1509 2432 1579 2486 ad
1618 2432 1871 2488 effectum
1907 2454 2031 2505 per-

330 2505 457 2558 duci
511 2513 693 2574 queat.
777 2505 974 2576 Itaque
1023 2511 1149 2558 ante
1189 2505 1371 2558 omnia
1407 2504 1664 2558 conditur
1700 2505 1894 2560 civitas
1931 2506 2030 2559 hu-

331 2596 523 2630 manae
570 2585 794 2630 naturae
833 2577 1222 2631 convenienter
1260 2573 1528 2629 adornata
1564 2576 1659 2629 illa
1695 2585 1860 2646 atque
1894 2585 2030 2630 tem-

327 2656 533 2721 perata.
574 2647 641 2701 Id
666 2647 815 2718 quod
850 2649 927 2702 ita
961 2649 1025 2702 fit
1062 2647 1189 2702 inde
1232 2669 1264 2702 a
1288 2646 1446 2703 Libr.
1470 2648 1545 2702 II.
1584 2669 1636 2719 p.
1665 2651 1787 2703 367.
1827 2648 1895 2701 E.
1938 2668 2030 2702 us—

332 2740 437 2790 que
476 2720 547 2773 ad
587 2720 740 2774 Libr.
782 2721 884 2775 IV.
928 2741 980 2792 p.
1018 2722 1143 2774 427.
1184 2720 1250 2773 Β.
1291 2739 1355 2773 ea
1391 2721 1621 2786 ratione,
1660 2739 1823 2790 quam
1844 2720 1901 2773 in
1939 2739 2031 2774 su-

330 2792 637 2862 perioribus
685 2791 1060 2846 indicavimus.
1148 2791 1276 2860 Quo
1324 2791 1471 2845 facto
1537 2791 1845 2860 quaeritur,
1909 2792 2031 2845 ubi-

331 2881 454 2914 nam
520 2864 576 2916 in
636 2882 701 2916 ea
766 2864 1137 2936 conspiciatur
1222 2861 1458 2931 iustitia,
1539 2861 2032 2932 discernunturque

334 2939 594 3002 quattuor
613 2935 844 2990 virtutes
882 2935 1204 3003 cardinales,
1245 2953 1385 3002 quae
1421 2940 1691 2987 vocantur
1724 2935 1780 2987 in
1819 2954 1884 2987 ea
1906 2934 2030 2988 illu-

333 3011 507 3072 stres,
559 3024 626 3058 ex
673 3007 873 3074 quibus
922 3007 1134 3061 iustitia
1170 3005 1502 3074 reliquarum
1541 3006 1805 3073 perfectio
1843 3024 2030 3059 cense—

331 3082 422 3127 tur
457 3093 595 3128 esse.
672 3076 830 3143 Quae
865 3098 991 3149 pars
1030 3076 1210 3148 operis
1245 3074 1372 3128 inde
1412 3095 1445 3128 a
1481 3076 1636 3130 Libr.
1675 3077 1777 3130 IV.
1817 3096 1871 3146 p.
1907 3079 2028 3130 427.

334 3144 397 3199 C.
446 3165 621 3215 usque
672 3147 743 3199 ad
790 3170 843 3219 p.
894 3152 1017 3204 434.
1069 3147 1131 3202 C.
1187 3146 1502 3217 porrigitur.
1590 3149 1731 3200 Tum
1781 3168 1910 3201 vero
1948 3149 2030 3201 in·

333 3224 498 3269 venta
547 3217 787 3272 civitatis
838 3220 1120 3273 iustitia
1153 3218 1373 3271 tertium
1409 3219 1718 3292 peragitur,
1773 3219 1923 3287 quod
1965 3239 2029 3272 eo
2102 3220 2106 3262 ἶ

331 3289 454 3341 loco
526 3288 646 3341 fieri
707 3309 1004 3358 sanequam
1072 3295 1499 3345 consentaneum
1565 3292 1683 3344 fuit.
1780 3292 2031 3345 Docetur
2104 3308 2106 3346 ὲ

333 3361 475 3413 enim
528 3359 725 3415 dehinc
773 3361 1022 3416 instituta
1073 3363 1358 3430 utriusque
1406 3363 1839 3435 comparatione,
1903 3382 2028 3416 ean·
2101 3376 2106 3420 1.
