2106 3594
1653 152 1820 210 CXV

114 297 246 366 VIII.
283 299 370 355 91.
406 299 492 353 95.
531 294 731 351 Diod.
768 295 905 350 Xlll.
943 296 1028 350 36.
1068 295 1136 350 al.
1173 294 1590 368 demonstravit,
1628 296 1817 354 admo-

113 389 249 424 nens
296 370 456 438 item,
505 368 893 423 Hermocrates
940 368 987 423 si
1046 368 1212 422 fuerit
1287 367 1399 422 dux
1465 367 1816 441 Syracusius,

113 442 232 494 fieri
280 461 392 496 non
439 458 639 512 posse,
694 439 829 509 quin
867 439 1123 493 Timaeus
1160 440 1365 510 pariter
1401 447 1565 510 atque
1602 441 1817 512 Respu-

112 513 256 567 blica
302 521 431 566 ante
479 510 707 583 Olymp.
759 509 944 567 XClll.
1004 516 1050 562 l.
1112 512 1345 565 exierint
1392 512 1450 565 in
1513 513 1816 584 publicum,

110 603 278 654 quum
314 584 467 639 illum
515 601 581 636 eo
636 590 857 637 constet
892 581 1186 655 Syracusis
1234 584 1291 637 in
1329 586 1518 655 pugna
1574 585 1818 641 occisum

41 661 43 667 ’
111 674 251 724 ease,
288 662 428 709 teste
458 653 747 709 Diodor.
784 654 922 709 Xlll.
962 656 1046 708 75.
1123 655 1241 709 lam
1276 674 1408 709 vero
1445 655 1818 727 Pulydaman-

109 728 181 782 tis
216 727 420 781 mentio
460 725 611 796 quod
649 725 803 783 Libr.
843 726 886 778 ῐ.
923 745 979 796 Ρ.
1020 728 1143 780 358.
1184 725 1247 780 O.
1286 726 1548 795 inficitur,
1589 728 1818 783 nobilis-

42 819 44 835 2
107 799 304 853 simum
350 797 497 852 hune
544 796 806 853 athletam
844 796 1067 870 Olymp.
1103 796 1293 854 XCIII.
1332 797 1513 852 adhue
1550 798 1816 857 victorem

109 869 460 944 Olympicum
537 869 787 925 extitisse
855 876 1063 925 eertum
1122 877 1179 923 et
1238 869 1586 942 exploratum
1649 870 1816 926 habe-

107 951 200 997 tur
234 942 309 1012 ⁸).
395 941 652 1013 Theages
699 960 956 1012 quoque,
1005 941 1101 1011 qui
1146 941 1300 997 Libr.
1351 941 1442 995 Vl.
1497 962 1550 1014 p.
1594 944 1712 997 196.
1748 942 1814 996 Β.

106 1021 168 1067 ut
200 1013 361 1069 vivus
412 1019 773 1080 memoratur,
831 1011 1056 1085 Olymp.
1094 1011 1279 1070 XCV.
1337 1016 1384 1068 1.
1435 1011 1656 1068 demum
1718 1013 1816 1069 de-

104 1085 328 1140 functus
377 1103 498 1141 esse
550 1092 803 1141 narratur
849 1085 1015 1157 Apol.
1065 1083 1221 1141 Socr.
1257 1102 1312 1156 p.
1352 1086 1439 1141 33.
1476 1085 1545 1142 Ε.
1620 1086 1816 1156 Itaque

105 1156 301 1212 horum
350 1157 592 1212 omnium
633 1157 896 1212 memoria
944 1157 1224 1228 praeclare
1268 1157 1531 1211 convenit
1587 1175 1712 1212 eum
1750 1168 1816 1215 ea

4 1257 5 1282 ι
42 1256 45 1302 ;
105 1229 318 1283 ratione
330 1269 349 1298 ,
416 1246 582 1300 quam
639 1229 689 1282 B
702 1249 735 1283 o
753 1248 782 1282 e
797 1247 828 1284 o
842 1228 881 1282 k
895 1227 932 1282 h
947 1229 966 1281 i
980 1248 1016 1285 u
1027 1249 1057 1283 s
1120 1227 1261 1284 vidit
1324 1247 1444 1284 esse
1501 1229 1814 1285 ineundam.

105 1300 231 1356 Neo
266 1319 397 1356 vero
446 1301 677 1356 dubium
713 1308 826 1360 est.
860 1300 997 1371 quin
1034 1299 1343 1371 Sophocles
1381 1299 1606 1373 Olymp.
1642 1300 1812 1359 XCII.

43 1388 45 1405 ¹
106 1374 157 1429 2.
208 1372 317 1427 iam
366 1371 437 1427 ad
486 1380 598 1427 tam
659 1372 924 1445 grandem
976 1379 1316 1428 senectutem
1363 1373 1704 1444 pervenerit,
1754 1381 1817 1431 ut

41 1439 45 1454 ⁴
108 1444 386 1500 verissime
432 1443 616 1499 dicere
674 1443 948 1517 potuerit,
997 1463 1141 1514 quae
1202 1445 1253 1498 ei
1294 1463 1330 1498 a
1378 1443 1624 1517 Cephalo
1683 1464 1816 1501 sene

5 1541 7 1555 ν
106 1516 437 1571 tribuuntur.
533 1516 669 1571 Fuit
726 1516 873 1570 enim
932 1524 1051 1570 tum
1110 1516 1236 1588 plus
1306 1533 1472 1587 quam
1528 1518 1815 1590 octoginta

7 1604 9 1606 ·
107 1606 283 1643 annos
329 1595 513 1642 natm.
598 1586 948 1658 Quamquam
998 1587 1319 1659 ceteroquin
1368 1586 1436 1645 de
1475 1588 1592 1642 eius
1633 1596 1814 1644 aetate

106 1679 143 1714 a
175 1659 381 1714 criticis
428 1659 579 1714 varie
629 1659 997 1716 existimatum
1054 1667 1158 1714 est.
1241 1659 1360 1715 Iam
1409 1678 1541 1717 vero
1595 1657 1813 1716 Glauco

43 1769 45 1785 .
105 1738 164 1785 et
197 1730 533 1787 Adimantus
570 1731 667 1785 ilbi
704 1731 986 1801 quaeritur
1024 1731 1248 1803 quinam
1284 1731 1426 1800 sint'.,
1465 1732 1813 1802 antiquitatis

104 1801 328 1872 quidem
378 1802 425 1857 si
475 1801 609 1872 quid
649 1803 798 1857 valet
831 1803 1236 1872 testimonium,
1284 1821 1399 1856 non
1435 1803 1529 1856 alii
1566 1811 1696 1859 sunt
1730 1804 1814 1858 in·

101 1873 393 1948 telligeudi
440 1893 605 1946 quam
650 1874 826 1947 ipsius
864 1874 1118 1929 Platonis
1154 1875 1350 1928 statres
1388 1881 1525 1928 natu
1558 1874 1813 1931 minore&

43 1973 45 2015 g
105 1944 455 2017 Quamquam
506 1944 655 2002 Car.
701 1946 1304 2003 Fr.‘Hermannus
1358 1946 1518 2000 aliam
1568 1945 1817 2002 defendit

104 2018 461 2087 sententiam,
533 2019 631 2089 qui
679 2026 948 2090 cognatos
999 2018 1268 2088 quosdam
1327 2018 1576 2077 Platonis
1631 2027 1815 2077 aetate

102 2089 269 2163 longe
316 2091 555 2145 maiores
599 2089 902 2161 productos
954 2090 1014 2143 in
1060 2090 1298 2145 medium
1349 2098 1567 2160 censet,
1620 2098 1683 2146 ut
1719 2091 1815 2162 qui

44 2207 45 2225 ,
101 2180 216 2220 non
264 2161 440 2217 solum
490 2170 717 2234 propter
763 2161 1189 2235 chronologicas
1238 2162 1481 2219 rationes
1529 2163 1814 2234 requiran-

104 2241 214 2303 tur,
251 2232 349 2288 sed
386 2234 550 2289 etiam
587 2234 748 2290 unice
786 2233 857 2288 ad
893 2242 1082 2306 partes
1119 2243 1233 2290 tam
1270 2252 1468 2307 graves
1507 2254 1573 2290 ae
1609 2235 1812 2293 diffici-

101 2304 185 2360 les
233 2305 584 2362 sustinendas
636 2305 824 2362 idonei
868 2306 1087 2362 fuerint.
1163 2306 1278 2363 Sed
1313 2307 1550 2378 primum
1590 2307 1814 2378 quidem

43 2383 46 2405 ⁸
102 2377 296 2460 ntique
344 2377 556 2448 aliquid
603 2378 710 2435 hae
755 2379 813 2433 in
859 2396 1059 2435 caussa
1095 2378 1448 2434 tribuendum
1487 2386 1573 2435 est
1607 2379 1814 2436 iudicio

42 2488 46 2519 f
102 2449 473 2519 antiquitatis,
522 2450 812 2505 Platonem
852 2450 1212 2506 existimantis
1246 2450 1509 2506 fratribus
1547 2451 1662 2506 suis
1696 2452 1815 2507 lau-

44 2549 45 2555 =
103 2518 193 2575 dis
254 2539 321 2575 ae
375 2521 595 2577 virtutis
661 2529 1070 2578 monumentum
1145 2541 1350 2594 ponere
1410 2523 1651 2578 voluisse
1710 2524 1812 2595 ⁸⁸³²).

106 2590 328 2647 Deinde
396 2601 702 2665 temporum
771 2593 1014 2649 rationes
1074 2602 1219 2650 certe
1284 2594 1424 2649 nihil
1484 2594 1811 2667 impediunt,

105 2665 401 2734 quominus
439 2665 516 2720 illi
551 2673 700 2720 reete
735 2664 793 2719 in
830 2664 1072 2722 medium
1118 2665 1352 2739 produci
1398 2666 1650 2738 potuisse
1698 2667 1814 2722 exi-

12 2749 16 2774 2
102 2735 411 2791 otimentur.
450 2737 616 2793 Plato
637 2736 785 2793 enim
822 2755 989 2808 quum
1025 2745 1193 2805 natus
1212 2737 1569 2810 perhibeatur
1585 2736 1664 2793 -Ol
1703 2757 1813 2812 mp.

103 2806 460 2863 LXXXVII.
500 2811 552 2864 3.
591 2826 692 2860 z
730 2810 839 2864 430
862 2827 931 2863 a..
971 2806 1105 2864 Chr.
1140 2828 1214 2879 n.‚
1255 2827 1364 2879 quo
1390 2815 1636 2893 tempore
1725 2829 1812 2867 es-

102 2878 331 2952 publioa
379 2889 635 2953 perorata
683 2889 797 2949 est,
854 2899 1055 2937 aunum
1092 2880 1290 2935 aetatis
1327 2881 1442 2954 egit
1475 2882 1812 2953 vicesimum,

108 2957 173 3005 ut
219 2951 417 3007 stati-es
479 2952 656 3024 ipsius
716 2952 999 3026 potuerint
1055 2950 1248 3007 eodem
1308 2959 1553 3025 tempore
1608 2972 1812 3011 annum

112 3020 256 3079 vitae
318 3022 404 3079 vel
478 3024 946 3088 undevicesimum
1013 3023 1101 3079 vel
1169 3024 1567 3098 octogesimum
1628 3044 1810 3099 agere,

197 3193 240 3246 *2
269 3193 606 3239 Demonstravit
634 3197 719 3240 hoc
749 3196 1070 3241 Boeckhius
1102 3195 1347 3238 Commeat.
1378 3195 1416 3236 1.
1450 3209 1496 3251 p,
1527 3195 1597 3242 10,

164 3277 236 3333 ἠ
273 3278 429 3379 ¹:132?
432 3283 521 3382 '¹22¹
547 3283 680 3383 ἒῖῗι
690 3288 846 3386 3¹2⁸?
848 3298 900 3328 ¹¹⁸
922 3291 996 3385 1ῗὶ
1007 3297 1040 3384 «ξ’
1044 3282 1622 3397 ἶῖῗωῖιᾶἓῇἓῖἒὲἷῗιιιῗῗ
1626 3283 1810 3385 n‘ississi’

283 3394 451 3446 naim-2
836 3357 886 3392 ⁰⁹
1147 3370 1160 3394 ⁹
1610 3357 1647 3385 ¹⁸
1792 3359 1818 3376 ⁸*

1385 3497 1466 3547 8*
