2106 3594
309 170 572 225 XLVIII

311 321 430 379 tur,
486 330 752 381 quasnam
802 311 870 363 ob
911 329 1133 365 caussa-s
1172 312 1412 365 Politiae
1452 311 1670 382 Legum
1715 330 1852 382 opus
1889 313 2019 366 sub-

311 384 538 454 iungere
576 381 723 453 apud
759 382 998 436 animum
1037 383 1398 437 constituerit.
1474 381 1723 437 Eandem
1763 382 2020 435 consilio-

311 474 430 507 rum
479 455 744 506 rationem
792 453 1105 524 designavit
1157 454 1317 507 etiam
1356 453 1813 507 Aristoteles
1852 454 2018 526 Pmolit.

312 526 404 579 lV.
441 526 511 594 6.,
553 525 649 594 qui
704 524 998 595 distinguit
1061 528 1345 579 πολιτείαν
1394 523 1496 589 τὴν
1534 524 1803 592 ἀρίστην,
1843 527 2020 579 οὐσαν

309 594 552 662 μάλιστά
592 595 702 649 κατ’
744 595 926 666 εὐχήν,
951 595 1055 650 hoc
1079 605 1160 650 est
1184 598 1461 668 perfectae
1500 596 1739 649 civitatis
1779 597 2018 666 speciem

310 674 366 720 et
401 667 694 740 imaginem
734 674 912 719 mente
953 675 1007 720 et
1042 669 1220 722 animo
1257 669 1632 731 informatam3
1672 666 1773 733 τὴν
1811 676 1870 721 ἐκ
1908 672 2019 722 τῶν

307 739 689 792 ὑποκειμένων
750 739 1012 806 ἀρίστην,
1074 738 1188 793 11οο
1235 748 1318 794 est
1367 740 1628 808 optimam
1679 759 1780 809 pro
1836 758 2019 792 rerum

308 809 738 879 conditionibus,
778 813 857 863 ita
891 817 955 862 ut
990 810 1266 880 locorum,
1305 820 1628 881 temporum,
1668 809 2016 881 populorum,

309 881 377 934 al.
430 881 682 934 ducenda
730 882 804 934 sit
838 883 1010 951 ratio,
1064 883 1279 953 qualem
1318 882 1478 935 Plato
1517 882 1574 933 in
1611 881 1827 952 Legum
1865 881 2018 935 libris

309 952 626 1024 descripsit3
676 962 732 1006 et
769 951 872 1018 τήν
911 955 966 1020 ἐξ
1001 952 1330 1016 ὑποθέσεως
1366 956 1681 1016 πολιτείαν,
1719 951 2016 1023 rempubli-

307 1042 446 1092 cam,
487 1024 664 1094 qualis
703 1025 905 1093 oritur,
947 1024 995 1078 si
1034 1025 1155 1095 quis
1194 1025 1475 1078 civitatem
1513 1023 1781 1093 aliquam,
1828 1024 2016 1093 quales

305 1095 472 1167 vulgo
511 1105 663 1165 sunt,
695 1096 983 1166 emendare
1022 1106 1078 1149 et
1111 1097 1168 1150 in
1205 1097 1396 1149 melius
1435 1103 1645 1148 mutare
1681 1104 1790 1164 aut⁴
1815 1096 2016 1148 certius

305 1167 551 1220 stabilire
589 1176 644 1221 et
678 1168 1001 1221 confirmare
1040 1169 1188 1236 velit,
1228 1177 1291 1221 ut
1327 1169 1446 1238 ipse
1485 1167 1818 1220 Aristoteles
1843 1167 2017 1220 inter-

304 1236 572 1308 pretatur.
647 1239 844 1309 Itaque
882 1239 1045 1292 Plato
1085 1240 1141 1292 in
1183 1239 1382 1293 Politia
1418 1240 1719 1309 perfectam
1757 1237 2018 1309 effingere

303 1308 520 1363 studuit
567 1310 987 1382 rempublicam,
1041 1311 1220 1380 qualis
1286 1312 1343 1363 in
1393 1309 1477 1363 his
1524 1311 1685 1363 terris
1747 1327 2018 1380 nusquam

303 1381 651 1452 reperiretur,
690 1389 752 1435 ut
789 1382 910 1452 ipse
946 1382 1213 1435 indicavit
1251 1382 1402 1435 Libr.
1442 1381 1514 1435 V.
1562 1403 1615 1452 p.
1657 1383 1760 1435 473
1799 1386 1870 1433 A.
1909 1380 2015 1433 IX.

304 1473 358 1523 p.
409 1454 533 1521 592.
584 1454 655 1506 A.
703 1453 772 1505 B.
825 1454 892 1507 al.
983 1452 1140 1520 Quae
1191 1453 1409 1523 quidem
1477 1453 1737 1522 quoniam
1790 1460 2018 1522 propter

303 1530 579 1576 rectorum
629 1524 957 1594 sapientiam
1010 1534 1065 1578 et
1110 1543 1240 1578 vero
1291 1525 1453 1577 etiam
1490 1543 1667 1578 mores
1702 1524 1902 1577 civium
1939 1523 2017 1576 le-

302 1595 464 1667 gibus
514 1597 854 1649 extrinsecus
902 1596 1030 1660 latis
1081 1615 1193 1649 non
1236 1596 1355 1649 visa
1394 1603 1479 1649 est
1517 1594 1798 1665 indigere,
1838 1594 2016 1666 philo-

300 1666 510 1738 sophus
555 1667 613 1720 in
661 1667 864 1721 Politia
900 1666 1168 1722 eiusmodi
1217 1668 1402 1739 legeS,
1467 1667 1656 1736 quales
1705 1666 1763 1721 in
1800 1665 2016 1739 Legum

301 1757 466 1809 opere
491 1738 858 1809 reperiuntur,
898 1758 1247 1809 nequaquam
1283 1736 1601 1792 scribendas
1639 1745 1735 1791 aut
1770 1737 2014 1809 promul-

300 1809 510 1880 gandas
550 1811 793 1878 censuit,
850 1832 902 1864 v.
953 1810 1104 1865 Libr.
1156 1811 1258 1864 IV.
1297 1831 1351 1881 p.
1389 1811 1512 1862 425.
1550 1809 1619 1862 E.
1660 1817 1716 1862 et
1750 1811 1872 1862 427.
1910 1810 2011 1873 A.;

299 1881 356 1933 in
403 1880 654 1952 Legibus
706 1890 898 1935 contra
942 1882 1099 1950 tulit,
1147 1889 1210 1934 ut
1255 1881 1315 1935 in
1366 1881 1564 1950 quibus
1603 1883 1742 1934 ratio
1786 1881 2015 1934 habetur

300 1959 555 2005 externae
591 1951 844 2006 fortunae
882 1960 936 2006 et
971 1953 1322 2021 conditioniS,
1360 1951 1462 2005 sub
1502 1971 1611 2021 qua
1650 1952 1843 2005 civitas
1883 1971 2014 2014 con-

300 2022 481 2076 denda
537 2024 638 2092 sit,
711 2025 872 2077 sicuti
935 2023 1142 2077 dudum
1207 2022 1446 2095 pervidit
1503 2023 1859 2093 Apuleius
1923 2020 2012 2076 De

297 2093 547 2148 habitud.
624 2094 797 2149 doctr.
859 2095 1002 2149 Plat.
1065 2095 1141 2148 II.
1207 2116 1262 2166 p.
1337 2097 1420 2149 27.
1487 2094 1572 2147 ed.
1652 2094 1792 2151 Elm.
1867 2095 2010 2148 conf.

298 2165 613 2219 Boeckh.¹
653 2167 709 2220 in
755 2167 899 2222 Plat.
951 2167 1091 2220 Min.
1147 2175 1202 2220 et
1249 2166 1430 2238 Legg.
1467 2187 1521 2236 p.
1565 2168 1680 2219 165.
1720 2184 1841 2236 sqq.
1925 2166 2012 2219 Ex

299 2257 409 2308 quo
465 2236 780 2309 planissime
830 2239 1215 2311 cognoscitur,
1267 2257 1535 2307 quaenam
1571 2237 1715 2291 inter
1754 2236 2011 2292 Politiam

297 2319 462 2379 atque
527 2309 712 2381 Leges
776 2311 1093 2380 coniunctio
1124 2319 1210 2379 „et
1271 2306 1624 2362 necessitudo
1684 2308 2007 2363 intercedat.

295 2380 504 2435 Verum
541 2381 691 2435 istud
725 2380 945 2451 quidem
982 2400 1127 2434 nunc
1164 2381 1450 2435 mittimus.
1525 2380 1874 2433 Revertimur
1910 2401 2009 2451 po-

294 2453 404 2507 tius
458 2452 529 2506 ad
576 2454 875 2525 superiora.
959 2453 1194 2506 Effinxit
1241 2453 1409 2524 igitur
1458 2451 1620 2504 Plato
1683 2451 1741 2504 in
1804 2451 2009 2505 Politia

290 2525 574 2582 <civitatem
623 2524 802 2578 animo
860 2531 916 2577 et
970 2532 1152 2577 mente
1201 2523 1548 2595 designatam
1597 2542 1777 2594 neque
1827 2524 1882 2575 in
1922 2523 2006 2576 his

293 2597 454 2665 terris
490 2614 726 2665 usquam
764 2602 1085 2649 exstantem.
1174 2595 1241 2648 In
1280 2614 1390 2664 quo
1433 2594 1666 2648 fortasse
1705 2593 2006 2648 aemulatus

295 2675 379 2720 est
419 2666 612 2739 ‘Pytha
657 2687 813 2722 oreos
865 2666 1166 2737 quosdam,
1231 2665 1300 2720 de
1350 2666 1550 2736 quibus
1600 2673 1788 2718 narrat
1843 2666 2005 2718 Ari-

293 2739 530 2792 stotel.
666 2759 694 2792 e
733 2739 871 2822 Rep.
911 2739 989 2791 II.
1030 2740 1079 2792 8.
1118 2740 1483 2810 Protagoram
1514 2736 1817 2806 sophistam
1857 2737 2005 2807 quod
2096 2743 2097 2746 ’

291 2809 399 2879 ipsi
437 2809 631 2863 ducem
683 2811 930 2864 extitlsse
1005 2810 1139 2863 Dio
1153 2831 1206 2883 g.
1244 2810 1382 2863 Lae
1398 2816 1471 2862 rt.
1512 2807 1621 2862 III.
1658 2809 1704 2878 ξ.
1744 2809 1828 2879 37.
1867 2817 2005 2863 teste

292 2880 629 2935 Aristoxeno
679 2891 735 2934 et
781 2884 830 2953 ξ.
871 2884 956 2935 57.
994 2890 1138 2935 teste
1178 2880 1488 2934 Phavorino
1528 2878 1728 2946 tradit,
1788 2878 1883 2932 ubi
1922 2888 2006 2933 to-'

291 2957 404 3003 tam
427 2951 840 3022 Rempublicam
872 2973 940 3007 ex
966 2955 1306 3023 Protagorae
1343 2949 1741 3021 Antilogiis
1780 2950 2003 3005 fluxisse

291 3023 583 3075 memoriae
617 3024 895 3093 proditum
955 3044 1076 3078 esse
1104 3025 1205 3088 ait3
1255 3022 1314 3075 id
1361 3021 1608 3094 profecto
1658 3021 1878 3074 minime
1921 3032 2006 3075 est

290 3092 578 3158 credibile,
629 3095 899 3163 siquidem
937 3095 1046 3149 duo
1082 3094 1209 3148 libri
1252 3094 1604 3160 Ἀντιλογιῶν
1641 3093 2001 3163 Protagorae,

287 3163 434 3217 sicut
468 3164 800 3219 Aristoteles
837 3166 988 3237 apud
1030 3165 1353 3219 Ciceron.
1390 3163 1590 3216 Brut.
1633 3182 1679 3216 c.
1712 3166 1794 3217 12.
1836 3173 2003 3218 testa-

287 3242 396 3304 tur,
432 3236 489 3288 in
536 3235 643 3288 alio
682 3245 1003 3308 argumento
1052 3236 1256 3290 versati
1293 3242 1438 3288 sunt.
1524 3234 1625 3287 Ait
1676 3236 1819 3288 enim
1870 3237 2002 3289 scri-

285 3313 409 3377 ptas
447 3307 622 3361 fuisse
672 3315 727 3360 et
762 3316 983 3378 paratas
1036 3327 1068 3360 a
1123 3309 1428 3378 Protagora
1478 3325 1659 3359 rerum
1709 3307 2000 3361 illustrium
2080 3345 2094 3376 ὲ

287 3377 687 3450 disputationes
703 3420 720 3448 ,
813 3398 954 3449 quae
1031 3397 1176 3432 nunc
1247 3397 1275 3430 c
1289 3397 1321 3430 o
1335 3398 1387 3430 m
1403 3397 1455 3430 m
1472 3397 1508 3431 u
1527 3396 1561 3430 n
1578 3396 1604 3430 e
1621 3396 1646 3429 s
1721 3378 2000 3450 appellan-
2073 3374 2106 3594 q
