2098 3658
269 142 369 193 :372
928 139 1409 193 PLATONIS

175 289 221 339 Ε
272 288 511 350 εἰκότως,
556 290 676 360 ἔφη,
720 282 968 355 »by-clusis
1019 283 1094 339 ἂν
1140 284 1302 339 οὕτω.
1398 288 1590 340 Ταῦτα
1614 292 1716 359 μὲν
1762 295 1966 354 τοίνυν,

269 364 336 437 ἦν
392 370 440 424 δ’
505 371 634 437 ἐμά,
680 368 779 423 δυο
838 367 970 439 ἡμῖν
1013 367 1241 424 ὡοίσθω
1285 370 1401 436 εἴδη
1445 377 1504 424 ὲν
1549 375 1699 449 ψυχῆ
1746 373 1964 428 ἐνόντα.

266 453 330 509 τὸ
367 459 443 508 δὲ
503 455 568 518 δὴ
630 457 730 508 τοῦ
787 457 983 524 θυμοῦ
1044 457 1134 508 καὶ
1195 447 1237 522 ᾧ
1305 455 1662 525 θυμούμεθα
1728 459 1966 529 πότερον

266 536 530 609 τρίτον,ἢ
563 534 784 592 ιτούτων
830 545 1042 610 ποτέρῳ
1087 536 1160 592 ἂν
1204 539 1285 603 εἴη
1330 536 1604 611 ὁμοφυέςς
1633 539 1806 616 Ἴσως,
1840 546 1963 616 ἔφη,

267 627 341 693 τῷ
386 629 566 694 ἑτέρῳ,
599 626 686 691 Ὶτῷ
733 618 1136 693 ἐπιθυμητικῷ.
1226 620 1390 688 Ἀλλ’,
1435 617 1599 690 ἦν·ὂ’
1654 628 1783 694 ἐγώ,
1829 632 1963 682 ποτὲ

262 708 510 771 ἀκούσας
555 729 606 760 τι.
646 706 876 762 πιστεύω
919 707 1117 776 τούτῳ,
1145 705 1217 769 ὡς
1245 705 1358 777 ἄρα
1387 707 1663 772 Λεόντιος
1700 708 1964 779 ὁἈγλαῒ-

265 813 408 855 ωνος
451 789 627 846 ἀνιών
668 798 724 846 ἐκ
755 795 1034 863 Πειραιῶς
1056 787 1164 844 ὑπὸ
1197 791 1261 845 τὸ
1301 792 1526 863 βόρειον
1573 805 1748 864 τεῖχος
1791 794 1962 860 ἐκτός,

263 876 691 947 αἰσθανόμενος
749 874 982 945 νεκροὺς
1053 873 1208 944 παρὰ
1279 879 1353 946 τῷ
1425 880 1599 948 δημίῳ
1671 886 1963 950 κειμένους,
2087 871 2098 932 ὲ

260 958 381 1031 ἅμα
424 965 524 1031 μὲν
567 964 702 1015 ἰδεῖν
748 966 1048 1032 ἐπιθυμοῖ,
1096 957 1216 1031 ἅμα
1263 959 1312 1015 δ’
1367 954 1440 1015 αὖ
1487 966 1823 1034 δυςχεραίνοι
1870 969 1961 1019 καὶ
2090 952 2098 977 ’ἶ

260 1045 570 1115 ἀποτρέποι
615 1044 834 1109 ἑαυτόν,
881 1048 972 1100 καὶ
1014 1052 1145 1108 τέως
1186 1047 1289 1114 μὲν
1331 1044 1571 1116 μάχοιτό
1620 1070 1678 1102 τε
1721 1052 1811 1103 καὶ
1855 1071 1962 1103 πα-

120 1133 227 1185 440
265 1131 695 1200 ρακαλύπτοιτο,
730 1127 1108 1202 κρατούμενος
1131 1128 1181 1181 δ’
1216 1121 1317 1183 οὖν
1346 1128 1455 1185 ὑπὸ
1497 1134 1596 1196 τῆς
1639 1137 1960 1203 ἐπιθυμίας,

263 1212 736 1279 ὃιελκύσαςτοὺς
793 1211 1162 1288 ὀφθαλμούς,
1226 1212 1593 1291 προςδραμών
1648 1215 1789 1287 πρὸς
1832 1215 1961 1282 τοὺς

375 1379 430 1419 Ε.
497 1377 552 1420 τὸ
584 1376 639 1418 δὲ
671 1376 730 1431 δὴ
761 1378 864 1418 τοῦ
893 1377 1104 1433 θυμοῦ]
1149 1378 1366 1418 Additum
1395 1391 1536 1430 nuper
1565 1384 1631 1420 est
1662 1377 1719 1434 δή
1746 1394 1799 1422 cx
1830 1383 1961 1423 codd

262 1438 479 1477 omnibus.
547 1438 652 1477 Mox
684 1438 859 1479 Monac
894 1442 938 1476 et
966 1436 1089 1476 Flor.
1124 1435 1166 1486 β.
1201 1431 1396 1488 όποτερῳ
1430 1432 1483 1475 ἂι
1513 1437 1589 1490 εἴη.

377 1504 438 1549 ἀι
450 1506 543 1549 [aiv
576 1507 632 1548 ἐκ
666 1508 973 1562 Πειραιῶς]
1008 1508 1084 1548 Sic
1114 1509 1227 1548 usius
1249 1508 1392 1548 Paris.
1427 1508 1481 1548 K.
1513 1524 1593 1563 pro
1628 1511 1750 1562 vulg.
1786 1509 1958 1565 Πειραι-
2091 1500 2098 1575 ξ

252 1563 364 1617 ,ε’ως,
397 1568 517 1620 quod
547 1569 800 1608 Atticorum
843 1567 1154 1608 consuetudini
1197 1567 1470 1607 adversatur.
1531 1568 1648 1609 Dein
1691 1566 1963 1625 αἰσθόμενος
2093 1578 2098 1590 ¹

258 1625 361 1665 Par.
384 1627 440 1668 A.
479 1627 632 1677 Angel.
651 1624 807 1667 Galen
842 1626 959 1678 quod
991 1638 1073 1677 pro
1106 1621 1430 1674 αἰσθανόμενος
1459 1627 1731 1678 scripserunt
1750 1622 1881 1668 Tur'r.
1914 1634 1958 1668 et

258 1683 468 1724 Schneid.
529 1684 640 1724 Mox
670 1690 790 1725 recte
819 1683 1048 1726 Bekkerus
1079 1679 1196 1735 παρὰ
1226 1683 1285 1737 τῷ
1315 1680 1448 1737 δημίῳ
1481 1683 1603 1724 dedit
1633 1698 1688 1726 ex
1721 1685 1823 1726 Par.
1843 1686 1955 1726 ΑΚ.

258 1741 360 1782 Vat.
398 1739 446 1782 Θ.
479 1742 593 1783 Ven.
627 1741 736 1785 ΞΙΙ.
770 1742 897 1783 vind.
928 1741 1054 1784 Mon.
1088 1741 1208 1793 Ang.
1242 1742 1342 1781 Vat.
1374 1754 1430 1781 m.
1462 1754 1497 1782 r.
1539 1742 1662 1783 Flor.
1694 1757 1733 1783 α.
1764 1743 1807 1795 β
1843 1757 1886 1797 y.
1913 1756 1957 1783 x.

260 1799 402 1852 Vulgo
436 1798 606 1854 δημείμ
637 1815 682 1843 v
712 1801 907 1842 Lobeck
939 1799 997 1839 ad
1032 1799 1194 1851 Phryn
1229 1812 1271 1851 p.
1304 1798 1407 1842 476

377 1873 424 1913 Ρ.
453 1872 558 1916 440.
624 1872 1006 1928 κρατούμενος
1038 1867 1082 1912 δ’
1115 1864 1218 1912 οὖν
1247 1873 1331 1924 ——]
1365 1867 1410 1912 δ’
1442 1865 1498 1913 αὖ
1531 1871 1705 1924 Galen,
1738 1830 1959 1926 probante

258 1933 404 1972 Astio.
453 1931 529 1982 μὲν
567 1937 668 1985 post
710 1932 814 1972 τέως
852 1935 1032 1973 tuentur
1063 1936 1170 1970 vett.
1210 1930 1332 1972 editt.
1375 1931 1484 1973 Ven.
1531 1929 1578 1974 Ξ.
1621 1904 1715 1974 Vat’,
1755 1945 1790 1974 r,
1831 1933 1952 1975 Flor.

259 2004 292 2029 o.
328 2003 369 2029 x,
403 2003 444 2030 α.

313 2134 365 2173 Ε.
428 2132 641 2179 τούτων
691 2133 928 2188 ποτέρῳ]
971 2134 1061 2174 ho·
1151 2146 1189 2172 v.
1221 2132 1416 2182 Διομεῖς.

255 2204 371 2231 rum
402 2193 692 2233 alterutri.
724 2205 764 2232 v.
798 2194 854 2233 ad
891 2192 1062 2232 Phileb.
1207 2190 1257 2232 P
1298 2189 1400 2262 440
1473 2187 1853 2242 κρατούμενος
1906 2187 1955 2231 δ

254 2264 298 2302 Ρ.
330 2249 400 2292 20.
432 2251 483 2293 Ε.
518 2251 588 2294 60.
617 2249 668 2290 C.

313 2303 418 2347 ὑπὸ
458 2305 515 2348 τὸ
569 2305 803 2361 βόρειον
850 2307 1059 2359 τεῖχος]

199 2399 212 2416 ,
251 2365 359 2417 Lys.
380 2380 424 2419 p..
436 2367 551 2411 203.
577 2366 648 2408 A.
681 2362 957 2418 ἐπορευόμην
986 2363 1061 2415 μὲν

254 2421 302 2474 ἐξ
331 2419 612 2493 Ἀκαδημίας
620 2419 737 2464 ew&
757 2423 952 2464 Λυκείου
984 2420 1061 2477 τὴν

256 2481 340 2532 ἔξω
381 2485 548 2535 τείχους
586 2477 658 2522 ὑπ’
688 2477 797 2523 αυτό
831 2477 883 2527 τὸ
914 2485 1063 2533 τεῖχος.

255 2540 386 2582 Unde
416 2545 604 2594 apparet
633 2542 742 2594 quid
768 2542 826 2582 sit
845 2540 947 2580 hoc
960 2541 1062 2581 loco

255 2595 391 2639 ἐκτός.
424 2600 583 2641 Murus
610 2595 791 2652 βόρειος
809 2599 883 2652 qui
914 2599 1060 2649 fuerit,

252 2659 422 2707 patebit
451 2671 503 2698 ex
536 2660 747 2699 annotat-
767 2658 824 2699 ad
844 2655 983 2708 Gorg.
1015 2670 1058 2709 p.

251 2714 352 2759 455.
391 2716 445 2759 E.
489 2717 617 2759 Conf.
669 2715 1056 2758 Hemsterhus.

252 2775 473 2815 Anecdot.
518 2774 572 2815 Τ.
611 2774 648 2814 Ι.
691 2787 733 2826 p.
766 2772 852 2817 233
884 2787 949 2826 sq.
983 2773 1052 2813 ed.

252 2829 376 2872 Geel.
419 2856 472 2862 -—
515 2829 660 2885 παρὰ
701 2832 769 2885 τῷ
801 2829 991 2885 δημίῳ,
1024 2831 1053 2873 i.

251 2903 286 2930 e.
329 2903 508 2943 prope·
534 2890 904 2941 carnificem,
942 2889 972 2928 i.
1016 2901 1053 2928 e.

250 2948 302 2986 in
351 2950 567 2989 vicinia
612 2949 754 2998 loci,
788 2949 882 2988 ubi
931 2959 1053 2998 sup-

248 3007 433 3056 plicia
475 3009 536 3048 de
580 3006 804 3063 publice
835 3007 1051 3046 damna-

249 3064 322 3103 tis
354 3066 742 3106 sumebantur.
765 3064 880 3104 Tib.
901 3063 1050 3105 Hem-

249 3121 494 3163 sterhus.
526 3123 750 3164 Anecdot.
768 3121 822 3162 T.
846 3122 872 3161 Ι.
894 3135 936 3174 p.
952 3120 1052 3163 252-

249 3179 527 3220 scribendum
580 3180 889 3233 suspicabatur
937 3175 1053 3231 παρὰ

249 3236 308 3289 τῷ
350 3236 565 3291 Διομείῳ,
622 3239 810 3278 laudans
854 3236 1051 3290 Etymol'.

247 3294 311 3334 M.
351 3295 531 3347 p.·102.
571 3294 640 3338 44.
681 3292 825 3344 Διός,
869 3295 1052 3344 Δίομος,

248 3348 386 3406 πατὴρ
407 3348 678 3406 ἹΙρακλέους.
699 3354 770 3393 Po
788 3354 975 3406 rphyr.
999 3352 1052 3392 de

246 3411 375 3451 Abst.
397 3409 461 3450 II.
486 3412 523 3462 ξ.
552 3411 620 3454 10,
648 3410 713 3452 29.
749 3409 986 3461 Hesy‘ch.
1019 3423 1052 3449 s.

1150 2241 1249 2289 οὖν
1285 2244 1312 2288 v‘
1329 2246 1393 2289 πὸ
1427 2250 1524 2302 τῆς
1550 2247 1650 2320 ἐπ]
1668 2247 1772 2288 Non
1791 2249 1951 2290 substi-

1148 2312 1266 2348 tuam
1299 2301 1357 2347 αὖ
1386 2319 1467 2359 pro
1509 2300 1604 2355 οὖν,
1636 2306 1755 2358 quod
1785 2307 1953 2347 Astio

1146 2366 1327 2418 placuit.
1374 2364 1491 2406 Nam
1517 2360 1561 2404 δ’
1586 2359 1669 2408 οὖν
1656 2365 1854 2405 indicat
1870 2361 1950 2405 ho-

1146 2425 1309 2464 minem
1344 2427 1473 2476 post
1502 2423 1826 2476 longiorem
1857 2423 1947 2464 du-

1149 2481 1494 2522 bitationem
1529 2480 1747 2522 tandem
1789 2481 1845 2530 ad
1879 2493 1950 2522 ca-

1150 2541 1316 2580 davera
1370 2544 1647 2582 mortuorum
1694 2539 1948 2582 accessisse.

1146 2597 1286 2640 Usum
1302 2598 1560 2638 vocularum
1570 2596 1949 2638 illustravitHer-

1144 2664 1185 2695 m
1201 2668 1268 2695 an
1283 2666 1327 2696 ιι.
1360 2657 1417 2696 ad
1428 2655 1614 2698 Lucian.
1648 2653 1948 2711 de‘Conscrib.

1143 2713 1312 2757 Histor.
1344 2725 1388 2765 p.
1421 2711 1520 2756 146.
1580 2713 1709 2754 Istud
1739 2710 1844 2752 τέως
1871 2711 1948 2762 μέν

1141 2772 1204 2811 sic
1256 2771 1450 2824 positum
1498 2772 1661 2823 legitur
1695 2767 1849 2822 Lysid.
1900 2783 1943 2823 p.

1140 2829 1239 2872 207.
1272 2831 1329 2870 A.
1359 2828 1556 2869 Lachet:
1576 2828 1676 2872 183.
1708 2826 1766 2867 D.
1810 2827 1946 2868 Plura

1140 2888 1323 2939 collegit
1355 2887 1654 2928 Hermann.
1687 2885 1741 2925 ad
1755 2885 1941 2929 Lucian.

1138 2947 1166 2988 l.
1216 2958 1252 2985 c.
1293 2959 1335 2998 p.
1392 2943 1491 2987 186.
1559 2944 1734 2984 Vocula
1778 2942 1854 2994 μέν
1897 2945 1943 2984 in

1136 3003 1338 3055 plurimis
1397 3002 1525 3043 codd.
1594 3002 1759 3042 omissa
1810 3014 1942 3070 aegre

1139 3061 1348 3102 carueris.
1391 3083 1445 3090 —-
1485 3057 1780 3100 διελκύσας
1816 3071 1946 3099 τους

1139 3113 1499 3169 ὀφθαλμούς,
1517 3118 1700 3158 oculis
1723 3118 1836 3158 late
1867 3118 1944 3158 di—

1139 3177 1341 3216 ductis.

1197 3233 1305 3287 Cap.
1324 3231 1423 3273 XV.

1139 3293 1160 3330 λ
1177 3306 1200 3330 ο
1215 3289 1371 3343 θἰ-]
1403 3291 1508 3330 Alio
1533 3297 1793 3343 argumento
1816 3291 1946 3330 docet

1139 3346 1216 3389 τὸν
1250 3345 1412 3399 θυμόν,
1431 3354 1586 3402 utpote
1616 3349 1945 3401 generosiorem

1139 3408 1270 3447 animi
1317 3412 1508 3458 partem,
1552 3406 1610 3459 τῷ
1649 3403 1762 3460 λόγῳ
1805 3402 1941 3445 inter-

1489 3227 1714 3273 Οὐκοῦν
1747 3233 1833 3273 καὶ
1865 3228 1944 3273 ἅλ-
