2124 3744
324 162 418 212 166

958 157 1441 213 PLATONIS

313 310 430 368 λοις
473 305 913 375 ἀναμετροῦντες
971 302 1258 370 ἀνήνυτα,
1314 305 1490 374 ὥςπερ
1550 313 1603 362 οἱ
1661 308 2014 381 ἀστρονόμοι,

300 391 566 444 πονοῦσι.
615 387 705 455 Νὴ
754 386 883 450 τοὺς
929 386 1104 453 θεούς
1146 393 1269 462 ἔφη,
1310 393 1402 444 καὶ
1427 395 1646 458 γελοίως
1679 415 1754 461 γε,
1802 393 2015 447 πυκνώ-

311 471 448 544 ματ’
497 471 645 527 ἄττα
689 471 1060 540 ὀνομάζοντες
1115 479 1204 527 και
1257 475 1716 545 παραβάλλοντες
1760 478 1826 532 τά
1873 470 2012 544 ὦτα,

314 557 551 613 οἷον-ὲκ
609 555 869 627 γειτόνων
925 556 1558 631 φωνὴν·θηρευόμενοι,
1605 566 1658 615 οἱ
1699 569 1798 631 μεν
1845 581 2016 636 φασιν

314 648 396 696 ἔτι
442 641 772 697 κατακούειν
815 648 873 695 ὲν
918 650 1063 712 μέσῳ
1109 640 1234 696 τινά
1295 641 1451 712 ἠχὴν
1493 647 1585 698 καὶ
1641 646 2015 716 σμικρότατον

314 725 457 781 εἶναι
501 729 670 781 τοῦτο
714 724 1021 795 διάστημα,
1067 719 1109 796 ᾧ
1153 735 1468 798 μετρητέον,
1525 734 1578 783 οἱ
1635 733 1690 784 δὲ
1735 729 2013 805 ἀμφιςβη-

314 814 538 874 τοῦντες
584 809 657 874 ὡς
697 807 897 878 ὅμοιον
940 807 1045 877 ἤδη
1092 815 1511 884 φθεγγομένων,
1551 811 1860 887 ἀμφότεροι
1895 808 2011 869 ὦτα

433 948 481 989 Ρ.
517 938 617 992 531.
677 943 942 1002 ἀνήνυτα,
984 945 1160 1000 ὥςπερ
1205 949 1257 989 οἱ
1284 946 1459 1005 ἀστρ.]
1494 953 1644 1005 Angel.
1675 966 1714 992 a.
1751 966 1873 1006 puni.
1909 948 2011 993 ἀνό-

316 1021 432 1059 νητα,
463 1007 578 1059 quod
612 1007 739 1048 etiam
776 1008 816 1047 in
851 1007 965 1047 Flor.
1006 1021 1043 1048 a.
1077 1020 1113 1047 c.
1135 1011 1188 1048 Χ.
1223 1010 1388 1061 legitur.

431 1066 478 1108 Β.
512 1063 596 1105 ἐπὶ
630 1065 727 1105 τῶν
760 1062 1083 1118 κολλόπων]
1118 1065 1217 1108 vat.
1253 1079 1285 1108 r.
1310 1062 1546 1107 καλλόπων.
1570 1066 1686 1107 Flor.
1718 1067 1761 1118 β.
1795 1065 2011 1108 κολόπων.

312 1190 382 1224 tea
414 1181 678 1223 memoratis.
724 1192 762 1219 v.
803 1179 854 1219 ad
890 1179 1040 1232 Symp.
1081 1193 1120 1232 p.

312 1240 412 1283 201.
445 1242 496 1281 Ε.
536 1237 752 1279 Phaedon.
784 1251 823 1290 p.
853 1236 924 1280 57.
961 1239 1009 1277 Ι).

369 1293 976 1351 ἀνήνυτα-πονοῦσι]
1009 1296 1047 1337 h.
1080 1311 1116 1339 e.

310 1357 634 1397 immensum
668 1354 906 1394 laborem
946 1354 1115 1395 susci—

312 1414 490 1466 piunt,
540 1411 629 1465 qui
675 1411 745 1451 ad
788 1410 958 1452 finem
1001 1425 1116 1464 per—

313 1472 428 1512 duci
480 1483 578 1510 uon
625 1469 808 1539 possit
863 1469 1116 1522 adeoque

314 1527 534 1570 inutilis
567 1527 650 1568 sit.
686 1528 819 1579 Apte
852 1529 1120 1597 comparavit

314 1589 434 1628 Ast.
471 1584 605 1655 Legff.
642 1583 688 1626 V,
724 1597 763 1638 p.
797 1584 895 1627 735.
932 1586 991 1625 B:
1039 1584 1118 1635 μά·

314 1655 432 1685 ταιος
465 1658 518 1673 ·-
564 1639 588 1683 ὁ
621 1639 758 1682 πόνος
789 1643 857 1682 καὶ
889 1638 1118 1696 α’νη’,νυτοε

310 1702 422 1745 lbid.
441 1702 511 1744 Vl.
536 1714 575 1752 p.
594 1700 691 1745 718.
715 1701 764 1741 E
800 1700 904 1742 Mox
930 1709 1038 1742 sect.
1067 1703 1116 1744 D.

312 1761 418 1801 dicit
434 1773 516 1800 ουκ
527 1755 719 1812 ἀνόνητα
737 1759 983 1815 πονεῖσθαι,
1002 1760 1118 1812 quod

310 1824 379 1861 est
435 1830 537 1859 non
591 1818 807 1858 frustra
862 1819 1118 1860 consumi

311 1878 588 1918 laborem.
632 1888 715 1917 non
756 1874 960 1917 adiuncta
1000 1876 1119 1917 multi

310 1935 566 1984 molestique
588 1934 752 1974 laboris
776 1934 966 1975 notione.
1001 1934 1116 1976 Libr.

315 1994 386 2034 xl.
419 2007 458 2046 p.
489 1991 589 2036 486.
635 1990 692 2032 C:
736 1986 923 2044 ἀνόνητα
953 1989 1005 2044 δὴ
1038 2005 1115 2032 πο-

312 2051 401 2092 νῶν
435 2064 518 2090 ουκ
551 2051 630 2090 οἴει
662 2050 744 2092 κτλ.

371 2102 680 2158 πυκνώματ’
713 2104 841 2148 ἅττα
870 2131 925 2138 -
955 2122 1114 2160 παρα-

313 2165 611 2237 βάλλοντες
642 2181 671 2205 τ.
706 2179 811 2206 ωτα
842 2163 933 2218 -—]
984 2167 1115 2207 Plena

311 2226 517 2268 irrisionis
567 2229 635 2266 est
675 2222 781 2264 haec
825 2224 1115 2277 organico-

311 2297 451 2335 rum,
483 2288 529 2323 ut
555 2283 833 2332 vocabantur,
866 2282 1115 2335 descriptio.

313 2356 354 2382 v.
372 2340 576 2383 Theon.
604 2338 837 2381 Aritlnnet.
862 2354 899 2394 p>
925 2340 996 2383 21.
1018 2340 1116 2382 Mu-

315 2399 392 2442 sic.
434 2413 475 2454 p.
510 2397 578 2442 73.
629 2395 962 2448 Πυκνώματα
999 2400 1040 2439 iu
1072 2412 1119 2440 re

315 2459 477 2498 musica
494 2468 703 2510 quaenam
735 2455 948 2507 dicantur,
979 2456 1121 2498 disces

317 2529 369 2556 ex
403 2516 470 2563 iis,
505 2527 618 2566 quae
650 2513 856 2556 disseruit
883 2514 1119 2556 Boeckh.

313 2573 369 2615 de
399 2572 550 2614 Mettis
583 2570 756 2616 Pindar.
789 2585 828 2626 p.
855 2572 953 2616 208.
983 2578 1028 2614 et
1047 2585 1119 2614 an-

313 2635 453 2674 notat.
487 2631 526 2671 in
553 2628 654 2672 edit.
678 2629 955 2684 Spalding.
983 2630 1119 2675 Quin-

311 2690 447 2731 tilian.
481 2687 578 2730 Vol.
601 2687 678 2728 IV.
717 2701 758 2741 p.
782 2687 881 2733 670.
907 2702 999 2742 sqq.
1028 2690 1119 2729 col-

314 2748 400 2788 lato
432 2747 642 2798 imprimis
674 2747 772 2787 loco
802 2746 970 2799 Legum
1006 2747 1119 2788 plat.

312 2805 433 2845 Libr.
465 2804 561 2847 vn.
595 2818 637 2857 p.
667 2803 765 2848 812.
800 2804 908 2848 DE.
940 2805 1011 2846 ubi
1049 2818 1117 2845 ar-

313 2862 442 2904 tificia
475 2864 558 2902 ista
591 2863 853 2904 musicorum
886 2864 985 2905 item
1017 2876 1117 2915 per—

314 2921 598 2972 stringuntur.
657 2919 868 2962 Nimirum
903 2918 1119 2975 πυκνότης

276 3011 284 3016 .
313 2992 338 3020 a
370 2979 544 3019 musicis
576 2977 691 3018 dicta
722 2984 790 3019 est
819 2979 1011 3021 densitas
1042 2993 1117 3021 so·-

312 3048 491 3085 norum,
543 3047 672 3087 quum
726 3037 862 3089 spatia
907 3050 1116 3078 sonorum

314 3094 609 3146 principalium
631 3093 869 3135 interiectis
895 3096 1011 3136 sonis
1024 3108 1117 3136 mo-

316 3149 472 3191 bilibus
518 3151 682 3192 maiore
728 3151 910 3203 quadam
963 3165 1117 3194 vocum

314 3209 523 3248 varietate
580 3209 928 3261 complebantur,
991 3215 1120 3264 atque

315 3267 366 3305 iis
402 3265 543 3316 sonis,
572 3267 644 3318 qui
678 3270 827 3308 essent
858 3267 1120 3322 interpositi,

316 3322 447 3363 etiam
488 3323 558 3363 alii
606 3335 751 3363 rursus
797 3326 1118 3368 intersereban-

316 3388 410 3430 ηπ,
454 3384 502 3420 ut
543 3380 678 3421 maior
717 3380 819 3423 inde
851 3396 999 3425 eorum
1033 3383 1116 3424 fre-

315 3438 490 3491 quentia
511 3437 729 3480 existeret.
755 3438 1028 3483 Contrarium
1043 3454 1116 3482 vo-

1205 1181 1388 1221 cabatur
1421 1177 1622 1233 μανότης.
1674 1179 1783 1222 Rern
1826 1181 1906 1232 ipsi
1937 1194 2013 1222 co·

1205 1239 1371 1291 piosius
1431 1241 1714 1290 exposuimus
1766 1241 1806 1279 in
1855 1241 2011 1291 Progr.

1206 1296 1393 1337 Scliolae
1425 1296 1581 1338 Tliom.
1617 1296 1736 1350 Lips.
1800 1298 2015 1339 Musica

1204 1354 1514 1396 exPlatone
1537 1355 1661 1407 p.19.
1690 1356 2013 1406 sqq.-Verba

1204 1407 1328 1452 οἷον
1382 1411 1435 1452 ἑκ
1502 1409 1770 1465 γειτόνων
1822 1410 2013 1466 φωνὴν

1201 1467 1585 1523 θηρευόμενοι
1616 1473 1763 1510 nescio
1794 1483 1846 1511 an
1873 1471 2011 1524 respi-

1205 1528 1318 1568 ciant
1349 1527 1401 1568 ad
1436 1528 1504 1568 illa
1531 1534 1685 1579 poetae
1710 1528 1876 1577 comici,
1906 1542 2013 1580 quo-

1205 1598 1307 1626 rum
1333 1586 1495 1626 mentio
1528 1587 1574 1626 tit
1607 1586 1872 1628 Alcibiad.
1905 1587 1942 1627 Ι.
1971 1600 2013 1639 p.

1205 1643 1302 1686 121.
1316 1643 1374 1686 D.
1389 1638 1482 1684 ουδ’
1497 1643 1738 1697 οἷ’γειτονεε
1755 1640 1928 1696 σφόδρα
1949 1659 2014 1685 τοι

1205 1698 1504 1744 αἰσθάνονται.
1520 1702 1643 1743 Haec
1653 1702 1767 1744 enim
1779 1703 1821 1743 in
1833 1715 2013 1755 prover-—

1206 1760 1320 1801 bium
1354 1760 1516 1800 abiisse
1547 1760 1752 1813 cognosci
1786 1766 1935 1812 potest
1957 1773 2013 1802 ex

1205 1823 1350 1858 annot.
1391 1817 1440 1861 C.
1474 1817 1666 1859 Beieri
1698 1817 1754 1858 ad
1783 1818 1922 1859 Cicer.
1955 1819 2011 1861 de

1204 1876 1330 1918 oifflfic
1362 1875 1646 1924 1.c.21.§.
1686 1876 1752 1918 73.

1263 1931 1309 1972 ἐν
1337 1931 1479 1987 μέσῳ
1516 1929 1633 1973 τινὰ
1667 1928 1830 1986 ἦχήν]
1872 1933 2011 1975 Moe-

1203 1990 1289 2031 ris
1339 2005 1380 2045 p.
1434 1991 1542 2034 175:
1606 1986 1750 2044 Ἠχή,
1804 1987 2010 2036 Ἀττικῶς.

1205 2040 1329 2101 ἦχοε
1370 2044 1642 2101 Ἑλληνικωε,
1685 2051 1756 2089 ubi
1793 2062 1830 2092 v,
1865 2050 2008 2091 Pier-

1202 2119 1313 2149 son.
1364 2108 1482 2159 &pud
1517 2106 1720 2148 '.Pl1eon
1753 2108 1926 2162 Smyr.
1967 2122 2008 2162 p.

1204 2163 1270 2208 lO.
1311 2164 1378 2207 ed.
1413 2164 1542 2206 Geld.
1532 2195 1567 2216 .‚
1611 2165 1681 2218 qui
1725 2164 1836 2205 hunc
1866 2166 2008 2208 locum

1203 2223 1245 2262 in
1268 2222 1567 2291 compendium
1592 2222 1773 2275 redegit,
1798 2224 2008 2273 scriptum

1203 2288 1346 2321 exstat
1379 2273 1496 2333 ἦχον.
1559 2280 1763 2322 Proxima
1797 2283 1858 2321 sie
1888 2281 2010 2323 intei-

1204 2339 1315 2390 Ιίυο.
1357 2345 1410 2380 et
1443 2338 1714 2380 minimum
1748 2338 2009 2381 essehoc

1204 2398 1588 2449 intervallum,
1632 2409 1740 2448 quo
1783 2398 2008 2438 metien-

1206 2453 1323 2495 dum
1357 2456 1454 2506 sit,
1486 2456 1514 2495 i.
1547 2469 1586 2496 e.
1619 2467 1702 2495 non
1735 2456 1915 2496 multum
1939 2467 2009 2497 re-

1208 2513 1434 2554 laxandum
1466 2518 1540 2553 aut
1571 2511 1876 2553 intendendum
1911 2525 2011 2555 esse

1206 2569 1351 2611 fidium
1386 2577 1609 2620 tenorem,
1636 2574 1684 2609 nt
1712 2570 1852 2616 omnis
1883 2571 2011 2612 tolla-

1207 2633 1275 2669 tur
1307 2641 1510 2670 sonorum
1545 2627 1852 2680 discrepantia.
1911 2628 2008 2672 Ita.-

1206 2699 1292 2738 que
1323 2686 1515 2727 additur:
1553 2685 1600 2727 οἱ
1630 2683 1676 2725 δὲ
1704 2680 2006 2738 ἀμφισβητοῦ-

1206 2757 1274 2784 σιν
1323 2739 1382 2785 nis·
1425 2741 1577 2794 ὅμοιον
1630 2742 1708 2798 ἤδη
1760 2742 2006 2797 φθεγγομέ-

1207 2817 1306 2850 νων,
1338 2803 1440 2845 alii
1473 2815 1602 2843 vero
1644 2801 2006 2853 dissentiunt,

1204 2863 1410 2915 quippe
1476 2863 1731 2913 putantes
1765 2851 1770 2861 ’
1804 2860 2007 2901 nullam

1204 2921 1302 2961 iam
1342 2918 1528 2961 sentiri
1583 2917 2004 2958 intervallorum

1205 2975 1617 3018 dissonantiam.
1649 2971 2007 3026 Νηῐηίῐειῦμοιον

1206 3033 1483 3101 φθέγγεσθαι
1511 3026 1785 3084 capiendum.

1267 3093 1314 3133 Β.
1365 3105 1467 3132 ωτα
1501 3089 1598 3131 τοῦ
1639 3090 1739 3129 νοῦ
1779 3103 2004 3144 προστη-

1206 3149 1455 3201 σάμενοι]
1496 3149 1521 3188 i.
1555 3160 1591 3187 e.
1636 3149 1734 3200 plus
1767 3151 2006 3192 tribuentes

1204 3210 1366 3259 aurium
1405 3220 1528 3258 quam
1563 3207 1719 3245 mentis
1752 3206 1927 3250 iudicio.

1264 3262 1386 3312 τούς
1418 3268 1531 3304 ταῖς
1558 3263 2002 3316 χορδαῖς-στοις·

1205 3323 1346 3376 filo-15
1359 3326 1515 3373 vrasl
1549 3322 1726 3363 bonos
1750 3324 1900 3363 istos
1923 3322 2007 3363 di-

1206 3382 1315 3434 cis,
1343 3381 1432 3433 qui
1467 3379 1801 3433 torquendis·
1825 3391 2002 3422 manu-

1206 3439 1341 3480 briis
1374 3438 1514 3478 fides
1547 3439 1700 3491 (lilasi
1734 3442 2003 3480 exercent
