2106 3594
260 171 435 225 XXX

259 312 426 365 lutem
478 320 533 363 et
576 310 926 368 ‚securitatem
979 330 1044 363 ex
1090 313 1506 384 magistratuum
1547 317 1819 368 sententia
1855 316 1948 369 de-

259 382 507 446 fendere3
555 382 1064 452 temperantia,
1098 386 1284 453 *quum
1339 386 1644 457 principum
1681 388 1951 440 voluntati

261 454 424 506 etiam
480 452 666 522 populi
725 453 1018 506 multitudo
1077 455 1416 526 obtemperat
1473 457 1706 528 ideoque
1766 459 1951 511 cuncti

260 524 404 577 cives
459 522 785 577 concordiae
834 525 1392 580 vinculisconiuncti
1437 528 1659 593 vivunt3
1713 528 1950 598 denique

259 594 584 662 iustitia,
628 614 795 663 quum
845 597 992 651 cives
1050 615 1173 651 non·
1209 600 1384 651 solum
1429 600 1568 651 inter
1620 601 1769 670 ipsos
1820 621 1950 654 con-

259 666 516 728 sentiunt,
557 666 655 718 sed
692 669 854 720 etiam
893 668 1095 740 singuli
1118 688 1302 723 eorum
1340 670 1556 723 ordines
1593 690 1818 723 munera
1853 691 1952 724 sua

257 736 360 789 rite
411 737 645 806 obeunt,
705 758 812 808 quo
861 759 972 792 uno
1021 740 1182 794 etiam
1220 751 1432 795 ceterae
1469 742 1698 795 virtutes
1731 760 1951 795 conser-

256 815 455 860 vantur
501 817 665 878 atque
713 811 1040 864 roborantur
1076 812 1147 881 ²⁸²).
1190 811 1275 852 -—-'
1334 812 1518 880 Quum
1554 832 1683 866 vero
1721 813 1950 867 virtutes

255 898 479 951 prorsus
530 880 750 934 eaedem
785 882 1117 953 reipublicae
1165 891 1328 954 atque
1377 885 1605 956 singulis
1642 884 1950 939 hominibus

256 967 570 1006 communes
620 953 758 1022 sint,
818 961 934 1007 tum
982 955 1144 1007 etiam
1189 957 1323 1008 vitia
1373 956 1562 1008 eadem
1598 957 1655 1008 in
1691 956 1759 1009 iis
1796 975 1950 1027 repe-

256 1022 489 1075 riuntur.
568 1021 790 1096 Quippe
816 1025 907 1078 hic
930 1045 1148 1096 quoque
1173 1026 1532 1109 philosophus
1554 1028 1950 1080 contrariorum

257 1093 413 1146 duxit
448 1095 809 1163 rationem,ut
843 1097 989 1151 iusta
1024 1099 1139 1154 vita
1174 1099 1473 1152 miustitiae
1518 1118 1581 1152 ac
1621 1097 1950 1168 depravatae

256 1165 498 1220 civitatis
543 1169 949 1237 comparatione
999 1169 1156 1223 fieret
1191 1170 1470 1224 illustrior.
1546 1170 1814 1239 Disputat
1847 1171 1972 1242 igi-·

254 1244 344 1289 tur
375 1256 542 1307 porro
582 1237 726 1292 hunc
762 1238 819 1292 in
855 1240 1093 1294 modum.
1168 1240 1396 1294 Nullum
1422 1250 1524 1310 est,
1543 1242 1744 1310 inquit,
1777 1261 1950 1313 genus

254 1309 806 1380 rerumpublicarum,
848 1311 994 1381 quod
1034 1333 1143 1365 non
1180 1312 1382 1366 habeat
1415 1313 1519 1366 iter
1554 1312 1624 1365 ad
1660 1312 1951 1367 finitimum

256 1379 531 1449 quoddam
579 1382 777 1434 malum
824 1403 1090 1455 praeceps
1145 1403 1210 1438 ac
1256 1384 1542 1438 lubricum..
1628 1383 1773 1437 Nam
1829 1385 1952 1456 ipsa

253 1451 348 1503 illa
400 1452 623 1522 optima=
656 1453 848 1507 civitas
897 1455 1051 1507 fatali
1096 1456 1218 1527 lege
1267 1456 1354 1524 **)
1403 1455 1696 1524 aliquando
1750 1455 1818 1508 ad
1857 1456 1949 1508 ti-

254 1524 657 1576 mocratiam
707 1524 1010 1595 delabitur,
1061 1546 1093 1579 a
1130 1545 1238 1595 qua
1276 1526 1537 1596 deinceps
1572 1526 1641 1578 ad
1685 1527 1949 1599 oligar-

256 1593 512 1662 chiam,
553 1594 1061 1650 democratiam
1111 1617 1175 1651 ac
1212 1597 1651 1668 tyrannidem
1689 1598 1950 1668 proclivis

255 1673 341 1718 est
392 1684 584 1720 cursus
638 1674 802 1737 atque
851 1669 1133 1722 transitus.
1221 1669 1436 1737 Quibus
1487 1668 1554 1721 de
1603 1669 1765 1722 rebus
1816 1669 1951 1722 haec

252 1735 492 1790 tenenda
540 1746 684 1791 sunt.
758 1737 1240 1806 Quemadmodum.
1274 1741 1422 1793 ⁴enim
1462 1740 1627 1792 animi
1662 1740 1836 1793 virtus
1874 1741 1951 1793 ita

253 1808 526 1875 nascitur,
565 1817 630 1861 ut
677 1811 817 1863 ratio
868 1819 923 1862 et
961 1813 1248 1865 consilium
1283 1812 1340 1863 in
1378 1831 1442 1864 eo
1485 1811 1792 1863 dominetur
1829 1812 1949 1864 nul-

252 1879 448 1949 lusque
484 1880 638 1934 locus
680 1881 751 1933 sit
785 1880 1123 1952 libidinibus,
1162 1883 1344 1936 nullus
1381 1883 1494 1934 irae
1531 1894 1695 1951 atque
1732 1884 1948 1936 temeri-

252 1952 382 2018 tati,
432 1951 511 2004 ita
561 1951 697 2004 vitia
745 1954 1018 2023 oriuntur,
1071 1972 1239 2023 quum
1290 1955 1463 2006 fracta
1508 1954 1739 2007 rationis
1792 1955 1844 2007 vi
1893 1962 1950 2008 et

254 2023 579 2076 auctoritate
639 2023 923 2077 iracundia
958 2044 1023 2078 ac
1073 2025 1327 2079 libidines
1389 2026 1504 2078 eius
1564 2025 1792 2095 imperio
1850 2045 1948 2097 po·

252 2094 478 2147 tiuntur.
539 2095 734 2165 Itaque
765 2097 998 2166 primum
1029 2096 1342 2150 dominante
1379 2098 1748 2149 iracundia
1775 2097 1949 2150 oritur

254 2165 579 2233 ambitio,
629 2185 769 2235 quae
818 2168 1024 2221 minore
1062 2169 1255 2222 ceteris
1294 2169 1440 2222 vitiis
1475 2168 1763 2221 intervallo
1799 2187 1832 2220 a
1865 2169 1948 2222 iu-

254 2237 406 2290 stitia
453 2237 637 2291 distat.
683 2270 685 2275 ·
733 2237 839 2292 Cui
889 2240 1053 2292 animi
1102 2241 1240 2294 vitio
1288 2239 1559 2298 simillima
1609 2238 1690 2292 est
1723 2240 1946 2293 timo-

252 2308 511 2377 crat'ia,
566 2311 805 2383 qualem*
835 2311 1109 2365 cernimus
1158 2313 1213 2365 in
1265 2311 1545 2380 republica
1598 2310 1946 2364 Cretensium

253 2387 317 2432 et¹
355 2379 944 2435 Lacedaemoniorum:
996 2402 1133 2453 quae
1198 2383 1501 2454 proximum
1549 2383 1616 2436 ab
1678 2383 1947 2453 optima

253 2451 558 2505 civitate
595 2454 778 2507 locumv
813 2463 1063 2525 occupat.
1118 2455 1518 2524 vProrumpente
1543 2461 1723 2506 autem
1749 2452 1957 2507 deinde*

253 2523 656 2594 cupiditate
707 2525 798 2578 alii
825 2526 1001 2578 ¹etiam
1039 2525 1186 2596 iique
1226 2528 1456 2579 maiores
1494 2533 1793 2578 nascuntur
1830 2527 1945 2577 ani-

250 2614 462 2647 morum
511 2596 702 2650 morbi.
791 2598 942 2650 Inter
988 2617 1126 2667 quos
1192 2598 1473 2650 ambitioni
1530 2597 1810 2667 proximus
1856 2603 1946 2648 'est

250 2666 474 2720 morbus
513 2687 589 2721 av
610 2669 865 2722 aritiae
905 2669 1019 2722 sive
1042 2669 1280 2722 habendi
1306 2668 1640 2739 cupiditatis,
1716 2667 1790 2718 Et
1816 2666 1943 2720 huic

251 2736 469 2807 quidem
516 2739 655 2792 inter
704 2760 874 2811 prava
907 2741 1426 2812 rerumpublicarum
1475 2758 1676 2811 genera
1713 2738 1942 2791 maxime

250 2817 543 2879 cognatum
586 2818 679 2870 sest
714 2811 879 2879 illud,
904 2811 1068 2881 ¹quod
1110 2812 1555 2884 oligarchi-ae
1592 2810 1811 2862 nomine
1846 2828 1943 2880 ap-

249 2879 453 2950 pellare
493 2882 745 2936 solemus.
822 2883 935 2939 Sed
975 2883 1194 2955 quando
1231 2880 1502 2955 cupiditas
1542 2887 1594 2933 et
1628 2880 1799 2934 libido
1834 2901 1943 2934 non

250 2952 306 3003 in
357 2969 467 3004 uno
518 2952 755 3006 habendi
806 2953 968 3026 atque
1018 2954 1267 3009 lucrandi
1309 2953 1486 3013 studio
1526 2952 1803 3021 subsistit,
1843 2952 1942 3005 sed

251 3021 567 3077 cuilibet
612 3024 946 3098 indulget
1011 3024 1490 3097 turpitudini,
1551 3024 1722 3076 maior
1781 3023 1942 3076 etiam

252 3093 418 3146 animi
454 3096 696 3166 pravitas
735 3099 992 3154 exoritur.
1050 3099 1396 3167 ·Atque-cum
1430 3098 1608 3148 animo
1646 3095 1723 3147 ita
1746 3094 1940 3147 affecto

305 3309 354 3359 ²⁸)
385 3311 441 3350 V.
474 3309 749 3371 iibrulvfip·
779 3310 875 3355 427.
910 3313 947 3352 Ε
990 3312 1026 3340 .’-
1066 3313 1164 3359 435·
1198 3314 1253 3358 A·

291 3393 362 3446 ³⁸)
396 3397 449 3436 v.
483 3397 580 3436 libr.
626 3397 734 3439 vm.
771 3412 810 3449 p.
845 3397 928 3441 543
963 3414 1058 3451 sqq,
