2106 3594
329 151 639 206 CXXXVI

329 295 500 348 diario
549 292 771 358 eodem,
829 291 986 345 euius
1048 290 1210 345 modo
1261 293 1587 346 mentionem
1645 292 1909 360 fecimus,
1975 311 2022 345 a.

334 369 482 420 1831.
536 365 608 418 N.
678 365 773 417 107
830 395 901 405 -—
954 364 1072 417 109.
1131 382 1182 417 a.
1242 365 1394 419 1835.
1457 364 1528 418 N.
1582 367 1665 419 52.
1718 395 1786 403 -—-
1836 367 1925 417 54.
1970 374 2025 416 et

332 440 482 492 1842.
532 456 600 490 111.
650 436 771 488 Iun.
821 454 874 504 p.
925 435 1031 487 576
1085 453 1205 505 sqq.
1245 444 1300 488 e't
1333 435 1481 490 Car.
1521 436 1624 491 Fr.
1667 436 2022 488 Hermann

325 511 382 562 in
431 508 800 576 Zirnmerm.
851 506 1005 559 Diar.
1045 505 1320 561 Scholast.
1371 527 1417 560 a.
1475 509 1626 560 1831.
1676 508 1747 561 N.
1803 509 1920 575 148.
1954 538 2022 546 -

330 582 447 633 152.
507 586 564 632 et
624 579 696 632 N.
764 579 851 632 81.
914 579 965 632 2.
1014 579 1255 647 itemque
1315 598 1362 633 a.
1420 580 1573 632 1842.
1624 598 1676 649 p.
1729 580 1851 633 537.
1901 597 2021 647 sqq.

325 652 470 705 Nam
520 650 624 705 etsi
674 651 731 702 in
780 648 1053 721 plerisque
1104 650 1267 703 etiam
1315 668 1462 703 nunc
1515 659 1731 704 nostras
1780 651 2022 721 ipsorum

323 723 565 776 rationes
628 728 844 775 nostras
908 721 978 774 ob
1038 738 1262 775 caussas
1324 722 1501 775 secuti
1557 741 1773 789 sumus,
1838 729 2021 774 tamen

322 794 378 847 in
406 793 812 848 difficilioribus
847 791 983 846 locis
1018 793 1236 847 illorum
1284 793 1684 864 disputationes
1721 793 1798 845 ad*
1826 811 2022 866 regen·

321 865 450 920 dum
485 864 757 919 iudicium>
784 882 1175 936 saepenumero
1212 864 1503 935 plurimum
1544 863 1844 919 valuerunt.

466 936 580 992 Sed
632 935 768 989 haec
819 935 1039 1006 quidem
1086 935 1354 1008 hactenus
1404 934 1472 988 de
1511 936 1717 989 Politia
1755 935 2019 992 Platonis.

322 1007 497 1064 Cuius
545 1027 689 1064 nova
740 1007 876 1063 haec
913 1007 1081 1062 editio
1130 1015 1194 1061 ut
1241 1026 1274 1060 a
1308 1007 1439 1062 viris
1496 1006 1675 1061 doctis
1714 1006 1904 1061 eodem
1943 1010 2020 1063 fa-

322 1100 458 1144 vore>
490 1079 823 1152 excipiatur,
876 1080 968 1150 qui
1017 1078 1217 1151 obtigit
1254 1079 1552 1150 superiori,
1603 1078 1708 1132 hoe
1732 1079 1878 1133 -illud
1916 1089 2018 1149 est,

321 1151 470 1222 quod
506 1171 616 1211 non
653 1159 766 1208 tam
800 1159 989 1205 nostra
1022 1151 1480 1220 quamqbonarum
1502 1151 1804 1205 litterarum
1827 1168 2022 1209 caussa

321 1242 386 1278 ex
425 1224 603 1278 animo
642 1230 911 1294 optamus.
1944 1256 1946 1258 v

533 1322 867 1394 Scripsimus
924 1321 1181 1392 Lipsiae,
1248 1329 1433 1376 mense
1504 1323 1806 1378 Novembri

936 1392 1403 1448 MDCCCLVII.
