2106 3594
270 171 503 227 XXVII
514 174 536 224 1

267 322 334 368 ut
379 315 794 386 magistratuum
852 313 1189 382 sapientibus
1219 315 1477 369 vconsiliis
1528 314 1791 368 obediens
1847 317 1957 369 rei-

267 386 518 460 publicae
556 385 787 439 salutem
823 390 878 440 et
915 402 948 435 a
978 383 1294 441 domesticis
1341 393 1395 440 et
1432 387 1500 440 ab
1537 386 1775 441 externis
1812 387 1957 458 peri-

270 458 406 512 culis
454 465 628 510 tutam
683 462 1002 526 praestaret.
1085 456 1280 527 Itaque
1329 457 1445 511 eius
1495 458 1768 510 sententia
1801 457 1959 511 nobi·-

266 529 431 582 liores
464 528 666 581 civium
703 525 921 579 ordines
961 526 1286 581 educatione
1325 527 1738 599 diligentissime
1777 528 1959 583 erudi-

268 598 395 653 endi
443 606 586 653 sunt.
670 598 759 650 De
822 616 933 666 qua
978 617 1035 651 re
1085 619 1221 669 quae
1272 601 1714 671 praecipiuntur,
1767 619 1831 654 ea
1878 601 1959 654 sic

266 669 590 742 accipienda
638 676 798 735 sunt,
837 677 916 737 ut,
950 689 1123 739 quum
1159 670 1446 724 videantur
1482 671 1550 724 ad
1589 690 1729 725 unos
1771 679 1959 725 custo-

264 741 363 796 des
412 750 467 795 et
512 741 789 812 principes
838 741 1076 795 civitatis
1113 743 1402 814 pertinere,
1454 754 1636 795 tamen
1688 742 1851 796 etiam
1888 742 1960 795 ad

265 814 503 867 animum
541 812 776 866 hominis
814 814 1132 867 referantur.
1208 814 1431 866 Initium
1471 823 1649 867 autem
1687 815 1846 868 huius
1882 814 1961 867 rei

266 904 299 938 a
334 885 529 938 futuris
567 883 808 937 civitatis
845 885 1164 938 custodibus
1210 885 1516 938 faciendum
1555 885 1851 939 arbitratur
1887 886 1957 955 ²⁸).

263 955 512 1009 Formari
551 956 755 1028 quippe
791 956 890 1010 hos
927 963 1147 1028 oportet
1190 976 1288 1028 per
1334 957 1842 1028 gymnasticam
1879 965 1960 1009 at·-

265 1045 372 1097 que
405 1029 763 1087 musicam.
850 1027 938 1081 Ex
990 1027 1186 1098 quibus
1222 1027 1346 1096 illa,
1401 1028 1505 1081 etsi
1558 1028 1850 1099 praecipue
1885 1027 1960 1082 ad

265 1099 510 1170 corporis
560 1099 1000 1152 exercitationem
1054 1105 1108 1152 et
1157 1099 1362 1152 cultum
1409 1100 1682 1171 pertinere
1722 1099 1957 1166 videtur,

263 1178 448 1225 tamen
485 1171 562 1223 ita
597 1169 931 1223 moderanda
967 1178 1050 1224 est
1087 1177 1251 1241 atque
1277 1170 1581 1238 tractanda,
1607 1178 1669 1223 ut
1698 1190 1765 1223 ne
1794 1172 1958 1224 animi

263 1242 455 1295 virtuti
501 1242 612 1296 ullo
674 1240 838 1295 modo
887 1241 1127 1308 officiat,
1189 1240 1287 1295 sed
1334 1261 1452 1294 eam
1511 1242 1733 1295 adiuvet
1791 1250 1956 1312 atque

264 1321 466 1386 augeat
512 1315 612 1384 ³⁶⁴¹).
699 1313 918 1374 Musica
973 1321 1155 1366 autem
1211 1313 1482 1366 institutio
1534 1313 1611 1366 ita
1659 1314 1763 1367 erit
1812 1333 1958 1368 com-

263 1392 487 1456 parata,
536 1392 600 1438 ut
647 1403 832 1438 omnes
883 1384 999 1438 eius
1045 1391 1228 1456 partes
1278 1383 1348 1437 ad
1399 1384 1563 1437 animi
1601 1384 1961 1438 eruditionem

265 1457 579 1526 cultumque
626 1456 964 1524 referantur,
1016 1455 1258 1525 nihilque
1296 1456 1761 1526 complectantur,
1812 1455 1960 1526 quod

264 1527 423 1582 bonis
463 1528 703 1581 moribus
755 1545 951 1580 nocere
990 1527 1182 1597 possit.
1258 1526 1453 1595 Itaque
1495 1527 1656 1580 etiam
1694 1527 1962 1598 quaedam

264 1599 461 1671 poesis,
494 1617 703 1671 genera
757 1617 789 1650 a
826 1598 1047 1651 civitate
1085 1596 1323 1650 arcenda
1357 1603 1514 1669 sunt,
1572 1618 1711 1668 quae
1762 1599 1962 1651 civium

265 1670 518 1724 sensibus
557 1679 726 1742 atque·
762 1668 960 1723 studiis
997 1667 1306 1740 perniciosa
1340 1667 1630 1722 videantur
1652 1669 1780 1739 **’*).
1854 1669 1963 1723 Im-

264 1741 454 1812 primis
494 1751 671 1795 autem
707 1739 763 1793 id
804 1741 1037 1812 spectari
1065 1748 1297 1810 oportet,
1333 1754 1396 1793 ut
1431 1740 1688 1796 custodes
1724 1742 1792 1794 ab
1818 1742 1963 1795 omni

266 1812 506 1866 habendi
563 1811 862 1884 cupiditate
910 1819 966 1865 et
1013 1811 1246 1865 avaritia
1280 1810 1440 1864 alieni
1477 1811 1612 1881 sint,
1663 1812 1794 1882 quia
1829 1812 1962 1866 alio-

267 1884 398 1957 quin
435 1903 538 1938 nec
575 1902 675 1937 suo
714 1883 1048 1937 satisfacturi
1087 1884 1198 1937 sint
1233 1882 1435 1950 officio,
1476 1891 1532 1935 et
1557 1883 1728 1955 ipsius
1752 1883 1961 1954 patriae

266 1956 545 2011 securitati
634 1955 884 2008 erniciosi
939 1954 1171 2008 evasuri.
1227 1985 1294 1993 ——-
1379 1953 1468 2006 Ex
1527 1954 1811 2008 custodum
1861 1974 1962 2008 nu-

266 2047 416 2082 mero
455 2026 582 2080 dein
626 2046 654 2080 e
691 2027 1156 2099 magistratus
1199 2022 1273 2079 'ac
1318 2034 1558 2079 rectores
1608 2026 1962 2099 reipubli-

273 2117 390 2153 cae
428 2097 706 2182 deligendi
745 2105 888 2152 sunt.
963 2096 1246 2151 'Convenit
1288 2105 1474 2150 autem
1512 2116 1630 2151 eam
1667 2098 1962 2162 civitatem,

268 2189 408 2241 quae
446 2179 655 2242 optlma
702 2170 773 2225 sit
821 2170 1044 2237 futura,
1094 2168 1214 2240 regi
1264 2175 1319 2221 et
1365 2167 1730 2223 administrari
1766 2169 1835 2224 ab
1871 2169 1958 2239 iis,

269 2243 363 2313 qui
407 2241 963 2296 communi'virorum
1015 2240 1359 2313 prudentium
1396 2239 1601 2295 iudicio
1639 2241 1829 2323 optimi
1866 2240 1961 2294 ha-

265 2313 516 2368 beantur.
590 2313 789 2384 Itaque
826 2313 866 2366 ii
899 2312 1255 2386 praeficiendi
1291 2319 1420 2366 sunt
1454 2311 1816 2383 reipubhcae,
1866 2314 1961 2383 qui

353 2543 399 2598 θ)
439 2543 509 2645 R}
541 2540 1060 2646 ουεῗοεὲιιωοθάιιοαιίοῐιε
1092 2540 1342 2594 disputatur
1371 2540 1468 2585 libr.
1500 2540 1565 2583 11.
1604 2555 1646 2598 p.
1688 2539 1788 2586 376.
1823 2539 1874 2582 C.
1905 2563 1961 2572 --

509 2631 519 2642 .
549 2615 592 2655 p.
714 2634 719 2640 .
796 2633 806 2644 .
1712 2611 1714 2613 ’

326 2687 404 2742 ⁸⁸)
446 2689 496 2730 V.
527 2689 627 2729 libr.
658 2687 738 2729 Ill.
770 2699 812 2740 p.
842 2684 944 2729 403.
974 2685 1016 2726 D
1037 2698 1128 2739 sqq.
1151 2684 1249 2724 coll.
1282 2682 1366 2727 IX.
1387 2698 1430 2738 p.
1449 2684 1550 2729 591.
1567 2685 1636 2726 ss-
1661 2684 1774 2745 121).
1794 2681 1959 2727 585.D.

298 2773 406 2829 ’.ἢ
454 2773 789 2828 Copioisissime
820 2772 875 2812 de
904 2771 975 2812 his
1006 2772 1216 2812 disseruit
1253 2771 1427 2824 philoso
1460 2771 1542 2812 hus
1572 2770 1672 2811 libr.
1699 2769 1753 2810 ⁴11.
1784 2782 1827 2822 p..
1859 2769 1959 2813 362.

441 2833 480 2872 E
518 2845 614 2885 sqq.
655 2831 732 2872 ΙΙΙ.
777 2843 820 2883 p.
853 2829 951 2873 386.
989 2830 1032 2870 A
1063 2842 1159 2882 sqq.
1192 2834 1235 2870 et
1274 2828 1374 2869 libr.
1405 2783 1464 2870 ὶὲ.
1501 2829 1563 2868 in.
1624 2827 1770 2867 Docte
1801 2839 1853 2867 ea
1884 2839 1959 2868 ex-

440 2891 594 2942 plicuit
625 2890 710 2929 Mo
727 2894 982 2941 rgenster
1004 2902 1045 2931 n.
1077 2889 1107 2928 l.
1139 2901 1175 2928 c.
1210 2901 1251 2940 p.
1285 2885 1514 2929 237—265
1533 2917 1544 2934 ‚
1574 2887 1647 2939 qui
1667 2891 1784 2926 recte
1811 2891 1959 2927 censet

440 2947 526 2987 hoc
563 2948 750 2987 maxime
790 2947 986 2987 voluisse
1026 2946 1279 2995 Platonem,
1312 2950 1360 2983 ut
1389 2945 1536 2995 poesis
1569 2957 1622 2984 ne
1652 2945 1960 2984 adversaretur

443 3004 714 3055 legislationi
743 3005 914 3054 morali,
947 3017 1077 3056 quam
1110 3008 1283 3042 vocant.
1342 3001 1510 3042 Eadem
1530 3002 1692 3054 placita
1724 3001 1850 3041 Plato
1885 3002 1958 3042 de-

443 3062 583 3101 fendit
611 3062 740 3101 etiam
771 3062 910 3113 Legg.
943 3062 1003 3102 11.
1034 3075 1075 3114 p.
1109 3059 1206 3103 658.
1238 3059 1276 3100 E
1309 3071 1417 3112 sqq..
1454 3072 1541 3112 quo
1573 3060 1670 3100 loco
1702 3060 1748 3099 in
1781 3060 1958 3099 civitate

444 3118 554 3159 bene
586 3126 756 3159 morata
793 3119 1008 3170 quidlibet
1044 3117 1241 3170 fingendi
1278 3117 1499 3157 licentiam
1530 3118 1813 3158 coercendam
1843 3117 1958 3157 arbi-

443 3183 597 3227 tratur,
628 3177 674 3215 id
705 3177 822 3228 quod
854 3178 984 3216 etiam
1013 3178 1060 3216 in
1097 3179 1292 3227 Aegypto
1322 3176 1386 3215 ita
1414 3175 1510 3215 fieri
1538 3181 1708 3230 narrat,
1750 3175 1825 3214 ubi
1855 3187 1958 3227 poe·
2018 3214 2019 3217 ,

444 3235 524 3283 tis,
565 3235 770 3286 musicis,
812 3234 1076 3286 pictoribus,
1107 3234 1229 3284 aliis,
1280 3232 1400 3285 leges
1446 3239 1590 3276 certae
1631 3235 1819 3284 scriptae
1858 3234 1960 3279 sint,

444 3304 552 3346 quas
590 3291 758 3332 violare
806 3291 929 3332 nefas
974 3291 1200 3332 habeatur.
1274 3289 1400 3343 Quae,
1438 3292 1574 3333 verba
1615 3291 1734 3332 haud
1780 3291 1870 3331 scio
1902 3302 1956 3331 an

446 3351 553 3391 satis
597 3350 711 3390 clare
752 3350 938 3390 doceant
978 3349 1156 3390 Platoni
1197 3347 1324 3389 etiam
1365 3349 1409 3389 in
1442 3349 1606 3391 Politia
1637 3350 1955 3401 Aegyptiorum

445 3409 646 3449 instituta
678 3408 731 3448 ob
764 3408 912 3448 oculos
941 3419 1034 3448 esse
1065 3411 1248 3448 versat-a.
