2106 3594
311 123 547 179 CXXII

310 285 469 336 quam
523 267 816 318 labefactet
873 272 969 317 aut
1032 264 1222 319 clevet.
1326 265 1438 321 Sed
1499 268 1671 320 maior
1728 268 2005 322 videbitur

307 357 425 392 esse
477 337 792 405 difficultas,
834 355 971 407 quae
997 354 1075 388 ‚eo
1113 336 1303 406 oritur,
1341 338 1488 408 quod
1526 339 1727 411 Lysias
1755 350 2006 394 narratur

306 429 442 480 puer
492 407 803 478 quindecim
853 427 1115 461 annorum
1167 417 1382 462 mortuo
1431 417 1586 480 patre
1623 408 1860 464 Athenis
1894 432 2006 465 una

306 500 428 534 cum
470 479 848 548 Polemath,
890 480 1058 532 fratre
1093 487 1226 533 n'atu
1261 481 1488 550 maiore,
1530 482 1769 535 Thurios
1806 483 2006 555 migra-

304 553 483 620 visse,
542 550 696 621 quod
744 551 916 622 ipsius
963 551 1074 604 iter-
1128 551 1446 605 ad*annum
1495 558 1618 609 444.
1673 573 1722 606 a.
1769 552 1901 610 Chr.
1949 574 2005 608 n.

305 622 526 694 Olymp.
589 623 840 677 LXXX.
913 627 957 675 1,.
1003 624 1280 677 referunt.
1376 625 1553 693 Atqui
1614 625 1724 679 ista
1786 645 2005 695 quoque

302 695 543 747 narratio
593 714 703 748 non
753 714 864 748 uno
919 695 1145 748 nomi-ne
1198 703 1347 748 caret
1391 695 1504 749 fide
1553 703 1608 749 et
1660 697 2003 751 auctoritate.

303 767 447 820 Nam
473 767 541 819 de
580 774 753 819 morte
792 765 1013 836 quidem
1040 764 1293 838 Cephali,
1333 786 1472 836 quae
1504 767 1611 820 iam
1635 767 1728 821 illo
1756 775 2004 840 tempore

301 837 582 907 acciderit,
611 857 764 891 -unus
800 845 1128 910 personatus
1166 838 1597 892 Plutarchus
1645 848 1862 909 narrat,
1917 859 2005 893 ce-

300 910 434 962 teris
485 910 736 963 omnibus
793 910 1015 982 egregie
1061 909 1368 973 silentibus.
1453 908 1727 963 Nimirum
1780 911 1838 964 hi
1885 911 2004 981 qui-

301 981 435 1034 dem*
463 999 654 1034 revera
699 981 858 1035 silere
908 980 1386 1054 egregie'putandi
1428 990 1574 1050 sunt,
1615 983 1874 1050 quoniam
1916 1002 2006 1037 res

300 1053 591 1106 manifesto
638 1061 844 1106 temere
893 1053 1132 1107 conficta
1183 1060 1267 1106 est
1303 1061 1360 1105 et
1395 1072 1494 1124 per
1529 1053 1731 1107 malum
1767 1073 2005 1107 errorem

301 1142 367 1178 ac
401 1125 745 1179 temerariam
773 1124 1030 1178 -fraudem
1076 1125 1371 1194 memoriae
1407 1125 1746 1196 posteritatis
1784 1125 2003 1178 tradita.

301 1195 416 1251 Sed
465 1215 589 1249 cum
638 1196 745 1250 hoc
796 1214 978 1250 errore
1024 1196 1352 1250 coniunctus
1413 1197 1580 1250 etiam·
1625 1197 1762 1250 alter
1807 1204 1892 1251 est
1926 1198 2003 1268 ³⁸),

300 1286 410 1338 quo
464 1274 850 1335 narraverunt,
903 1267 1141 1340 Lysiam,
1180 1274 1237 1320 et
1288 1267 1702 1322 Polemarchum
1749 1268 1879 1322 inde
1933 1270 2003 1323 ab

298 1341 433 1393 urbe
483 1339 830 1393 Athenarum
879 1339 1120 1393 Thurios
1169 1357 1289 1393 esse
1334 1341 1642 1422 profectOS,
1692 1359 1861 1410 quum
1906 1359 2004 1396 eos

298 1411 650 1464 manifestum
686 1412 758 1465 sit
794 1409 1042 1483 Cephalo
1088 1418 1246 1480 patre
1280 1419 1558 1478 etiamtum
1591 1411 1883 1484 Syracusis
1919 1413 2003 1466 vi-

296 1490 462 1536 vente
487 1481 732 1536 indidem
769 1481 1009 1536 Thurios
1047 1501 1106 1536 se
1145 1482 1462 1536 contulisse.
1537 1482 1606 1535 Id
1642 1483 1794 1553 quod
1815 1483 1907 1538 vel
1935 1502 2001 1538 eo

296 1553 363 1607 fit
420 1554 584 1626 longe
645 1553 1127 1622 verisimillimum,
1193 1552 1341 1623 quod
1413 1553 1854 1608 adolescentulos
1907 1555 2002 1609 vix

297 1643 391 1679 sus
433 1625 568 1679 icari
589 1625 721 1679 licet
755 1626 981 1697 longum
1018 1624 1166 1679 istud
1205 1644 1271 1679 ac
1308 1623 1533 1679 difficile
1567 1626 1673 1679 iter
1709 1646 1778 1680 ex
1811 1627 2004 1681 Attica

295 1697 353 1750 in
389 1645 725 1751 {huriorum
763 1698 1040 1751 civitatem
1077 1715 1179 1751 suo
1205 1696 1388 1750 Marte
1419 1706 1775 1769 suscepturos
1811 1698 2000 1754 fuisse.

296 1768 592 1837 Enimvero
643 1769 763 1822 sine
812 1768 980 1823 dubio
1040 1775 1204 1838 pater
1248 1787 1345 1822 eos
1403 1766 1696 1840 Syracusis
1759 1769 2001 1833 Thurios

296 1841 537 1909 miserat,
577 1859 689 1894 non
724 1840 890 1895 modo
938 1847 1001 1893 ut
1045 1847 1255 1911 partem
1304 1859 1558 1911 agrorum
1593 1841 1829 1894 innova
1865 1842 2001 1896 civi·
2085 1899 2092 1904 ,

295 1920 410 1966 tate
461 1911 734 1966 sumtibus
790 1912 903 1966 suis
951 1920 1391 1981 comparatorum
1426 1911 1726 1966 inviserent
1761 1913 1851 1966 vel
1899 1933 2000 1968 no-

294 1985 440 2038 mine
489 2002 590 2038 suo
627 1990 1004 2054 capesserent,
1042 1982 1314 2052 siquidem
1352 1983 1746 2041 Polemarchus
1783 1984 1892 2038 iam
1928 1985 2000 2038 ad

295 2056 603 2127 pubertatis
639 2072 810 2109 annos
847 2062 1204 2126 pervenerat,
1242 2053 1341 2108 sed
1378 2055 1542 2108 etiam
1579 2063 1643 2111 ut
1676 2056 1762 2111 ibi·
1793 2056 1996 2110 doctri-

293 2146 400 2182 nae
436 2135 493 2181 et
529 2126 850 2181 eruditionis
900 2125 1074 2198 copiis
1111 2126 1542 2196 instruerentur,
1583 2147 1725 2197 quae
1760 2128 1817 2181 in
1858 2149 2000 2183 nova

296 2199 513 2266 colonia
550 2199 684 2254 satis
720 2198 904 2271 largae
943 2199 1325 2268 suppetiturae
1361 2197 1693 2267 viderentur,
1731 2221 1783 2254 v.
1822 2201 1998 2254 Dio-

297 2270 380 2325 do
399 2291 442 2323 r.
482 2268 621 2326 Sic.
670 2270 787 2324 Xll.
830 2271 940 2339 12„
1003 2271 1082 2324 13.
1132 2270 1339 2342 Diog.
1390 2270 1459 2323 L.
1498 2269 1630 2326 Vlll.
1670 2273 1756 2326 52.
1829 2271 1997 2326 Unde

295 2342 459 2396 etiam
496 2342 702 2396 factum
738 2350 840 2410 est,
880 2354 943 2394 ut
977 2341 1187 2410 TisiaS,
1224 2340 1412 2394 rhetor
1448 2339 1854 2413 SyracusanuS,
1907 2344 1995 2397 eui

294 2414 496 2486 Lysias
558 2433 617 2468 se
677 2414 735 2467 in
794 2412 1139 2485 disciplinam
1189 2411 1370 2480 dedit,
1423 2414 1614 2467 eodem
1651 2415 1996 2469 concederet.

294 2485 463 2554 Quod
511 2493 691 2539 autem
738 2485 905 2558 vulgo
953 2484 1216 2538 traditum
1278 2492 1391 2553 est,
1446 2485 1674 2557 Lysiam
1732 2495 1787 2540 et
1834 2486 1995 2540 Pole-

292 2557 573 2611 marchum
632 2575 744 2610 una
800 2576 924 2610 cum
983 2555 1192 2610 colonis
1263 2555 1696 2612 Atheniensibus
1757 2557 1995 2612 Thurios

293 2629 527 2684 Athenis
566 2629 786 2699 abiisse,
828 2627 1046 2683 videtur
1081 2626 1360 2698 Cephalus
1395 2628 1588 2683 eodem
1622 2629 1716 2682 illo
1750 2636 2030 2701 tempore·

293 2701 373 2755 ibi
437 2703 747 2772 κληροῦχος,
789 2702 969 2754 faetus
1014 2717 1137 2753 esse
1198 2706 1254 2752 et
1310 2699 1454 2754 filios
1513 2699 1644 2754 illuc
1703 2699 1994 2772 Syracusis

294 2772 526 2828 misisse.
602 2772 781 2841 Quem
824 2773 1029 2826 fontem
1081 2770 1325 2842 vulgaris
1361 2771 1689 2825 narrationis
1726 2773 1991 2842 extitisse,

294 2843 383 2896 vel
431 2863 500 2897 ex
547 2845 615 2898 iis
665 2845 936 2899 coniieere
970 2843 1128 2910 licet,
1180 2861 1322 2912 quae
1357 2842 1782 2914 Dionysius,
1832 2843 1991 2899 Sui-

296 2913 420 2968 das
471 2922 635 2985 atque
682 2916 981 2970 Photius
1038 2932 1103 2967 ea
1149 2913 1219 2967 de
1267 2932 1326 2966 re
1387 2914 1676 2967 memoriae
1736 2915 1991 2986 prodide-

294 2992 423 3038 runt
458 2986 554 3055 **).
630 2986 826 3056 Itaque
876 3007 944 3040 ne
997 2985 1142 3039 haec·
1181 2984 1402 3054 quidem
1450 3003 1565 3041 eam
1616 2985 1818 3041 habent
1866 2987 1990 3052 vim,

381 3221 423 3273 *)
462 3221 578 3288 Hinc
609 3224 823 3290 'corrigas
865 3239 977 3278 quae
1022 3226 1230 3279 Prolegg.
1277 3227 1334 3267 ad
1383 3226 1573 3271 Phaedr.
1629 3241 1668 3281 p.
1722 3229 1837 3271 CIV.
1891 3243 1985 3282 sqq-

464 3292 735 3333 scnpfflmus.

355 3351 424 3403 m)
459 3352 506 3396 V.
545 3352 787 3397 Boeckh.
823 3355 1065 3397 Commeat.
1098 3356 1221 3397 alter.
1256 3368 1297 3408 p.
1334 3357 1367 3399 7.
1406 3369 1500 3409 sqq.
