2106 3594
240 166 434 224 XLVI

243 331 341 384 per
377 313 554 384 ipsam
591 312 670 366 rei
708 319 957 368 naturam
994 329 1063 364 ne
1098 312 1345 382 potuisse
1380 313 1602 382 quidem
1640 314 1781 367 ultra
1817 316 1947 367 civi-

241 384 387 452 tatis
410 383 672 437 terminos
711 389 876 450 atque
914 382 1113 435 limites
1142 383 1458 454 procedere.
1535 383 1768 438 Censuit
1807 386 1949 438 enim

242 454 634 527 philosophUS,
686 454 850 506 sicuti
898 452 1162 523 vidimus,
1212 456 1489 508 civitatem
1540 474 1658 510 esse
1694 456 1949 527 grandio-

244 546 364 581 rem*
417 523 690 595 quandam
741 531 906 593 atque
955 525 1268 596 ampliorem
1318 526 1494 597 ipsius
1550 527 1787 582 hominis
1827 547 1950 598 spe-

244 600 381 652 ciem
431 605 485 649 et
524 595 806 666 effigiem,
859 614 999 664 quae
1035 604 1262 649 naturae
1300 597 1568 651 humanae
1605 600 1769 669 plane
1806 607 1952 652 esset

245 668 542 723 consimilis
590 666 895 735 iisdemque
957 675 1119 738 atque
1170 667 1264 720 illa
1315 669 1610 722 virtutibus
1662 669 1953 723 haberetur

244 740 497 812 insignis,
549 739 795 808 quamvis
836 746 981 792 esset
1039 738 1256 793 diversa
1302 740 1695 811 magnitudine*
1773 739 1952 808 ‘Quod

246 831 414 882 quum
460 811 537 863 ita
587 810 868 874 statuerit,
916 809 1068 863 nulla
1102 811 1354 881 profecto
1394 812 1707 865 conditione
1743 812 1850 883 ipsi
1885 813 1951 865 li-

244 884 358 937 cuit
403 882 558 934 iuxta
612 881 883 934 hominem
922 882 1162 936 universi
1201 883 1418 954 generis
1455 883 1680 936 humani
1719 883 1952 936 societa-

243 962 354 1008 tem
404 961 688 1021 utcunque
742 953 1090 1006 informatam
1139 954 1423 1007 collocare.
1498 954 1602 1007 Est
1638 955 1780 1007 enim
1816 954 1952 1007 haec

244 1026 372 1079 talis
422 1023 731 1078 communio
781 1032 981 1077 natura
1031 1043 1131 1079 sua
1178 1026 1342 1095 plane
1391 1025 1654 1078 immensa
1691 1034 1952 1096 caretque

245 1104 397 1151 certa
445 1115 510 1149 ac
561 1095 786 1148 definita
833 1096 954 1167 lege
1003 1097 1303 1165 communi,
1355 1115 1462 1166 qua
1508 1107 1779 1168 perpetuo
1819 1116 1951 1150 con-

245 1170 407 1223 sistat
445 1168 589 1237 (sie
629 1167 1020 1238 ermangelt
1071 1169 1265 1221 eines
1315 1168 1766 1221 bestimmten
1824 1168 1953 1222 Or-

244 1239 651 1312 ganismus).
739 1237 879 1304 Quis
934 1246 1020 1291 est
1054 1239 1224 1310 igitur
1263 1239 1394 1309 quin
1433 1246 1631 1309 sponte
1670 1240 1951 1311 largiatur,

243 1312 408 1365 talem
458 1310 735 1364 societatis
791 1310 1028 1380 speciem
1075 1310 1226 1363 nullo
1263 1317 1426 1380 pacto
1463 1311 1710 1381 potuisse
1748 1311 1952 1364 homini

245 1382 410 1437 certis
457 1382 665 1435 viribus
716 1399 779 1433 ac
831 1381 1136 1443 virtutibus
1185 1389 1376 1435 ornato
1405 1382 1953 1435 assimilari-velae-

246 1453 555 1524 quiparari?
645 1452 916 1505 Nimirum
962 1453 1144 1523 potuit
1190 1452 1249 1504 id
1299 1468 1428 1506 sane
1467 1461 1622 1506 tanto
1659 1453 1840 1507 minus
1875 1454 1955 1506 ita

246 1526 393 1593 fieri,
463 1524 721 1594 quoniam
781 1523 1146 1594 philosophus
1206 1523 1263 1576 in
1322 1524 1612 1576 condenda
1670 1525 1955 1595 republica

246 1616 346 1650 sua
385 1596 547 1649 etiam
598 1595 773 1662 vitae,
825 1595 1004 1664 qualis
1037 1613 1232 1648 revera
1279 1602 1362 1648 est
1398 1596 1486 1647 vel
1524 1596 1658 1662 fuit,
1718 1597 1954 1649 rationes

246 1678 411 1737 atque
459 1665 802 1720 conditiones
861 1665 1154 1738 diligenter
1212 1666 1586 1738 respiciendae
1636 1684 1756 1720 esse
1811 1667 1955 1721 arbi-

245 1747 421 1793 tratus
461 1746 558 1792 est.
784 1771 808 1775 --
1496 1765 1523 1776 ¹·
1555 1772 1557 1774 -
1590 1752 1591 1756 ’
1915 1774 1918 1777 -

388 1812 575 1879 Atque
612 1808 701 1861 hic
739 1807 959 1877 quidem
995 1807 1248 1861 videmur
1283 1808 1388 1861 iam
1428 1802 1617 1862 audire
1657 1809 1819 1862 etiam
1857 1829 1953 1863 vo·-

246 1897 338 1936 ces
388 1900 602 1948 eorum,
661 1879 755 1949 qui
802 1879 870 1931 de
918 1883 1040 1949 ipsa
1075 1879 1294 1933 civitate
1333 1898 1364 1932 a
1402 1880 1633 1934 Platone
1668 1881 1956 1934 informata

247 1973 310 2007 ac
359 1953 635 2022 descripta
685 1958 941 2004 moveant
1005 1951 1450 2005 controversiam.
1537 1952 1752 2006 Dicunt
1811 1953 1954 2005 enim

247 2044 366 2079 eam
406 2024 490 2077 ab·
523 2023 695 2094 ipsius
746 2024 890 2075 vitae
938 2041 1087 2076 more
1125 2029 1181 2075 et
1219 2023 1617 2077 consuetudine
1657 2023 1794 2077 adeo
1835 2043 1953 2078 esse

245 2103 509 2150 remotam
547 2101 602 2147 et
638 2093 1038 2160 abhorrentem,
1077 2101 1141 2146 ut
1177 2114 1287 2146 non
1323 2095 1526 2163 iniuria
1563 2094 1816 2148 videatur
1893 2115 1953 2148 ro

247 2185 395 2221 mero
434 2167 586 2238 aegri
623 2166 820 2235 capitis
859 2165 1077 2218 somnio·
1108 2165 1298 2219 habita
1323 2184 1462 2235 esse,
1509 2115 1955 2237 quandoquidem

248 2239 394 2292 omni
441 2238 688 2291 veritatis
744 2237 932 2307 specie
969 2236 1236 2290 destituta
1272 2238 1359 2290 sit.
1437 2239 1602 2291 Licet
1637 2239 1803 2309 igitur
1845 2258 1953 2291 non

246 2309 762 2378 inviticoncedant
807 2308 1199 2380 philosophum
1250 2328 1367 2361 eam
1415 2309 1675 2380 prudenti
1724 2310 1953 2363 consilio

248 2401 372 2435 cum
422 2381 654 2452 perfecti
711 2380 950 2433 hominis
1005 2380 1242 2452 imagine
1289 2382 1724 2450 consociavisse‚
1774 2388 1954 2434 tamen

245 2455 421 2525 ipsam
468 2465 678 2524 negant
724 2452 781 2504 in
830 2451 1138 2521 exemplum
1188 2452 1364 2504 civilis
1415 2453 1692 2506 societatis
1731 2451 1802 2504 ad
1840 2472 1953 2506 ma-

246 2527 419 2579 iorem
456 2522 732 2594 quandam
768 2523 986 2576 virtutis
1024 2523 1243 2581 laudem
1281 2523 1508 2577 eductae
1533 2524 1953 2595 recte-potuisse

245 2596 498 2668 proponi.
585 2595 672 2648 De
727 2612 836 2664 qua
883 2593 1102 2663 quidem
1153 2596 1425 2648 sententia
1472 2595 1604 2665 quid
1643 2597 1954 2650 existiman-

249 2668 377 2720 dum
426 2667 528 2736 sit,
583 2685 648 2719 eo
686 2666 861 2737 magis
901 2674 1206 2738 exponatur
1243 2685 1469 2720 necesse
1508 2675 1619 2736 est,
1673 2666 1854 2736 quod,
1906 2667 1951 2721 si

247 2739 354 2791 ista
402 2756 531 2792 vere
579 2737 922 2806 dicerentur,
973 2737 1234 2791 iudicium
1276 2737 1342 2791 de
1383 2739 1614 2791 Politiae
1651 2756 1818 2807 opere
1857 2756 1953 2791 an-

247 2817 338 2861 tea
374 2817 719 2879 expromtum
758 2808 1048 2862 admodum
1100 2809 1325 2863 dubium
1377 2817 1433 2862 et
1468 2810 1738 2862 incertum
1778 2809 1951 2862 fieret.

247 2879 488 2933 Videtur
525 2888 707 2933 autem
746 2879 813 2933 de
850 2880 955 2934 hac
992 2901 1051 2934 re
1086 2882 1167 2934 ita
1216 2881 1430 2934 demum
1467 2887 1615 2933 recte
1652 2879 1952 2933 iudicatum

247 2951 341 3018 iri,
391 2951 440 3003 si
494 2951 635 3003 bene
687 2971 954 3005 memores
1004 2954 1121 3007 eius
1180 2952 1397 3006 consilii
1444 2952 1736 3020 fuerimus7
1803 2951 1953 3021 quod

248 3022 409 3074 Plato
446 3022 567 3092 ipse
602 3022 660 3073 in
699 3022 986 3076 scribendo
1025 3031 1288 3094 sequutus
1326 3029 1430 3091 est,
1470 3042 1647 3092 neque
1684 3023 1952 3075 rationem

250 3112 317 3146 ac
363 3092 670 3145 doctrinam
706 3092 1022 3164 philosophi
1073 3102 1168 3147 aut
1217 3114 1285 3147 ex
1319 3113 1429 3147 uno
1470 3094 1612 3146 vitae
1650 3095 1951 3147 communis

248 3183 351 3217 usu
399 3171 454 3216 et
501 3182 679 3216 rerum
736 3165 1070 3233 experientia
1119 3173 1213 3217 aut
1262 3184 1329 3218 ex
1365 3165 1665 3218 alienorum
1703 3164 1950 3219 decreto-

249 3255 368 3287 rum
415 3234 716 3287 rationibus
770 3234 1010 3288 iudicare
1049 3237 1426 3290 sustineamus,
1500 3236 1625 3289 Hoc
1676 3236 1816 3288 enim
1855 3237 1950 3290 ubi

248 3307 324 3358 ita
373 3306 689 3373 fecerimus,
738 3305 858 3358 fieri
894 3325 1023 3359 sane
1061 3328 1171 3361 non
1208 3308 1439 3378 poterit,
1501 3308 1635 3376 quin
1674 3326 1813 3375 quae
1853 3307 1949 3361 do-

250 3377 361 3430 cuit
400 3376 780 3447 philosoph11S‚
821 3396 886 3429 ea
922 3397 1045 3430 cum
1071 3379 1316 3449 plurimis
1356 3379 1615 3433 continuo
1648 3398 1747 3447 pro
1779 3379 1946 3445 miris,
