2098 3658
268 186 372 237 ‘208
883 183 1363 237 PLATONIS

791 329 959 385 Ἀλλὰ
1007 330 1196 396 δεδιὼς
1232 330 1364 396 τοὺς
1391 327 1639 402 ἐχθροὺς
1666 330 1972 402 wanden-03

827 412 991 470 Ἀλλὰ
1042 414 1100 471 δι’
1157 421 1369 472 οἰκείων
1411 413 1620 470 ἄνοιαν
1666 411 1971 485 ἢμανίανς

278 331 356 389 (Ιῦ
403 355 499 402 μοι
546 334 708 386 δοκεῖ.

275 420 501 472 Πολλοῦ
548 437 605 484 γε
653 418 748 470 δεῖ.

265 500 411 555 Ἀλλ’
483 499 696 563 οὐδείς,
765 503 904 573 ἔφη,
970 502 1083 554 τῶν
1138 499 1399 566 ἀνοήτων
1464 501 1556 552 καὶ
1623 506 1974 570 μαινομένων

270 584 569 660 θεοφιλής.
663 582 775 637 Οὐκ
829 581 942 653 ἄρα
1002 587 1152 638 ἔστιν
1209 578 1275 639 οὗ
1333 591 1490 638 ἕνεκα
1532 578 1607 637 ἀν
1650 581 1792 647 θεὸς
1834 582 1972 653 ψεύ-

272 673 448 725 δοιτο.
506 666 654 721 -Jh'm
711 671 841 723 ἔστι.
933 667 1130 744 Πάντη
1187 666 1301 740 ἄρα
1359 667 1603 744 ἀψευδὲς
1659 665 1722 721 τὸ
1781 665 1974 737 ὃαιμό·

271 754 394 809 ναόν
453 774 509 807 τε
571 755 662 805 καὶ
725 749 786 806 τὸ
845 755 1054 808 θεῖον.
1117 753 1468 807 Παντάπασι
1509 755 1612 822 μὲν
1658 772 1789 816 ουν,
1849 755 1973 826 ἔφη.

277 839 491 914 Κομιόῇ
534 833 648 905 ἄρα
698 833 728 890 ὁ
775 833 916 899 θεὸς
957 834 1176 891 ἁπλοῦν
1221 840 1312 890 καὶ
1367 836 1586 903 ἀληθὲς
1627 840 1687 889 έν
1733 857 1791 890 τε
1835 840 1973 906 &pyrgo

267 925 361 977 καὶ
405 928 462 977 ἐν
507 920 668 989 λόγῳ,
713 922 805 975 καὶ
851 917 978 975 οὕτε
1023 918 1197 985 αὐτὸς
1239 925 1584 991 μεθίσταται
1618 918 1744 975 οὔτε
1770 916 1976 983 ἄλλους

268 1006 547 1075 ἐξαπατᾷ,
604 1000 730 1059 οὔτε
786 1002 928 1060 κατὰ
992 1010 1311 1079 φαντασίας
1371 1003 1499 1061 οὔτε
1565 1003 1709 1058 κατὰ
1771 1003 1974 1074 λόγους

273 1089 400 1147 οὔτε
456 1087 597 1145 κατὰ
659 1093 893 1159 σημείων
940 1087 1193 1160 πομπάς,
1247 1087 1388 1145 οὔθ’
1438 1087 1593 1159 ὕπαρ
1640 1086 1969 1161 οὕτήὅναρ.

386 1255 434 1295 Ε.
496 1251 630 1296 τοὺς
670 1250 925 1306 ”χθροι>ς
963 1250 1268 1307 ψεύδοιτο]
1310 1252 1366 1293 (ἲν
1406 1257 1508 1306 post
1547 1251 1744 1306 ἐχθροὺς
1783 1253 1974 1295 inferunt

411 1311 526 1352 Flor.
556 1323 596 1353 x.
632 1307 795 1353 Euseb.
827 1321 912 1350 non
946 1322 1070 1379 opus.

382 1370 650 1424 ἐξαπατιΞ,
693 1366 822 1408 οὔτε
863 1366 997 1406 κατὰ
1041 1365 1374 1421 φαντασίας]
1411 1365 1551 1407 Verba
1585 1364 1688 1406 οὔτε
1721 1365 1828 1406 κατὰ
1864 1383 1971 1419 φαν-

266 1445 317 1468 m
294 1428 418 1474 αοίας
449 1439 535 1469 om.
566 1425 667 1467 Par.
704 1427 752 1465 A.
790 1424 884 1465 V.at
917 1422 967 1464 Θ.
1003 1437 1059 1465 m.
1099 1437 1133 1466 r.
1169 1424 1271 1465 Ven.
1303 1439 1351 1465 ....
1377 1424 1507 1465 Vind
1544 1425 1598 1464 Φ.
1657 1424 1782 1467 Quae
1814 1427 1971 1467 nollem

265 1486 318 1526 ab
360 1485 614 1526 Hermanno
655 1482 856 1523 continuo
900 1487 1075 1523 extrusa
1120 1487 1281 1525 essent
1342 1482 1450 1525 Nam
1492 1481 1743 1523 visiones
1789 1481 1969 1537 deqrum

267 1543 344 1584 liae
376 1543 416 1582 in
448 1554 599 1591 caussa
636 1541 784 1592 utique
816 1539 1123 1582 memorandae
1154 1540 1337 1580 fuerunt.
1401 1538 1540 1580 Codd.
1571 1543 1717 1580 autem
1750 1540 1848 1581 illos
1879 1554 1972 1583 me-

267 1600 467 1642 minimus
511 1599 548 1639 in
591 1598 747 1639 talibus
792 1610 926 1650 saepe
958 1611 1058 1639 esse
1090 1598 1371 1648 decurtatos,
1414 1605 1462 1638 ut
1493 1611 1535 1652 p.
1564 1596 1664 1641 358.
1698 1600 1747 1642 Α.
1782 1597 1881 1642 366
1922 1601 1970 1643 A.

265 1660 365 1703 370.
402 1657 460 1698 D.
491 1655 590 1699 373.
625 1659 673 1698 A.
705 1655 805 1699 379.
839 1656 888 1697 A.
922 1660 965 1696 et
998 1654 1099 1699 381.
1134 1657 1184 1699 A.

383 1713 510 1754 αἴθ’
568 1711 716 1767 ὕπαρ
773 1711 889 1752 ovw'
938 1710 1096 1767 ὄναρ]
1144 1713 1193 1754 V.
1235 1705 1332 1752 οὐδ’
1374 1709 1508 1765 ὄναρ,
1549 1710 1663 1764 quod
1705 1724 1833 1754 nemo
1873 1725 1968 1754 cum

267 1772 538 1815 Schneidero
571 1771 785 1821 tuebitur,
818 1771 888 1811 ubi
919 1772 1232 1823 proverbialem
1264 1771 1562 1822 loquutionem
1597 1783 1696 1811 esse
1727 1771 1974 1812 meminerit

265 1829 375 1873 οὔθ
420 1828 535 1882 5’παρ
575 1827 677 1869 οὔτ’
711 1828 842 1883 ὄναρ,
884 1826 939 1869 de
979 1841 1064 1881 qua
1098 1842 1135 1869 v.
1167 1831 1313 1869 annot.
1351 1827 1407 1868 ad
1442 1827 1609 1871 Phileb.
1642 1841 1683 1880 p.
1712 1827 1784 1871 36.
1821 1828 1869 1870 Ε.
1901 1829 1969 1872 65.

270 1322 377 1366 Aug.

268 1890 320 1931 Ε.
381 1887 648 1929 Rectissime
680 1885 810 1938 igitur
841 1886 1069 1927 Bekkerus
1114 1899 1167 1927 ex
1207 1885 1302 1927 cod.
1353 1885 1522 1926 Monac.
1563 1884 1665 1925 οὔτ’
1700 1883 1810 1942 ὄιαρ
1842 1887 1970 1928 resti-

265 1948 364 1998 tuit,
398 1946 517 1998 quod
548 1946 677 1986 etiam
715 1944 989 1985 Hermannus
1018 1956 1098 1997 pro
1128 1957 1233 1985 vero
1265 1944 1454 1995 agnovit.

265 2075 313 2103 re
346 2059 455 2102 liaud
497 2059 589 2099 scio
628 2069 680 2099 an
721 2069 805 2097 non
852 2058 1076 2111 probanda

267 2121 324 2161 sit
366 2119 615 2158 coniectura
664 2115 973 2157 Marklandi
1019 2116 1075 2157 ad

265 2176 442 2232 Lysiam
484 2188 525 2227 p.
566 2173 667 2217 408.
708 2172 775 2214 ed.
813 2173 967 2216 Reisk.
1012 2176 1075 2216 le·

266 2233 452 2288 gendum
488 2233 677 2285 putantis
711 2229 862 2288 Ται’τη
892 2235 967 2285 μὲν
987 2231 1074 2284 ἄρα

266 2291 433 2338 ψεῦδος
463 2291 504 2329 ἐν
531 2293 622 2328 θεῖ)
650 2287 734 2328 οὐκ
769 2289 842 2331 ἔνι.
907 2290 1077 2330 Placuit

266 2356 410 2390 tamen
444 2347 551 2389 haec
582 2348 692 2387 ratio
733 2347 860 2387 etiam
897 2346 1074 2388 Ruhn-

266 2406 436 2448 kenio
474 2405 681 2458 Opuscul.
723 2403 776 2443 Τ.
818 2405 853 2444 Ι.
893 2418 934 2457 ρ.
973 2404 1073 2447 234.

266 2465 333 2506 ed.
379 2464 552 2515 Bergm.
593 2463 745 2515 Angel.
778 2461 941 2514 ψευδής
973 2469 1074 2515 post

264 2525 355 2578 θεῷ
405 2521 551 2575 ponit,
611 2525 658 2562 et
706 2519 876 2561 Monac.
941 2523 1072 2566 θεοῖς

264 2580 453 2621 exhibet.

314 2662 469 2711 uma
529 2661 715 2711 δεδιὼς
753 2692 809 2698 -
847 2660 1069 2716 ψεύδοι-

261 2723 375 2776 τος]
432 2721 645 2775 Loquitur
693 2722 900 2762 Socrates
947 2720 1070 2773 quasi

262 2793 315 2822 ex
348 2784 494 2822 mente
526 2779 593 2821 dei
616 2784 746 2832 atque
764 2778 947 2832 quaerit,
969 2791 1069 2820 num

262 2837 348 2878 deo
381 2843 562 2891 propter
601 2843 767 2879 metum
800 2836 1067 2879 inimicorum

263 2896 567 2948 optandum
631 2895 735 2945 sit,
797 2899 845 2935 ut
903 2894 1071 2935 mentiri

262 2954 342 3004 ipsi
379 2954 544 3007 -liceat3
590 2967 634 2995 v.
679 2951 733 2994 ad
787 2965 828 3006 p.
869 2950 970 2995 361.
1017 2951 1068 2992 C.

261 3009 354 3051 Nisi
389 3009 609 3052 defectum
633 3011 812 3052 voculae
834 3010 904 3050 illo
937 3009 1069 3050 modo

263 3079 475 3109 excusare
517 3068 719 3109 malueris
758 3080 882 3120 quem
928 3067 1070 3119 attigit

262 3123 551 3166 Hermann.
601 3124 653 3166 ad
703 3125 857 3178 Viger.
904 3138 943 3178 p.
983 3123 1071 3168 944

262 3194 328 3234 sq.
400 3183 559 3224 iterata
606 3183 720 3223 enim
769 3183 967 3236 quaestio
1016 3181 1069 3222 ἅν

261 3238 387 3280 facile
435 3238 579 3280 denuo
620 3238 732 3290 apud
764 3241 955 3282 animum
988 3239 1068 3280 ite-

259 3309 361 3352 rare
386 3295 501 3338 sinit.
535 3309 577 3337 v.
611 3295 666 3343 ad
700 3297 731 3337 1.
765 3311 806 3350 p.
840 3298 941 3341 352.
973 3297 1031 3337 E.

314 3378 370 3420 Ε.
410 3380 644 3433 σημείων
674 3381 912 3437 πομπαί]
945 3393 1065 3435 por-

256 3441 410 3479 tenta
440 3450 577 3490 quae
608 3439 917 3482 mittuntur.
953 3439 1066 3481 For-

1163 2059 1282 2099 mula
1305 2057 1590 2111 proverbialis
1605 2055 1703 2098 0256’
1731 2056 1839 2113 ὄναρ
1859 2054 1966 2098 οὔθ’

1160 2115 1304 2169 ὕπαρ,
1347 2115 1384 2158 h.
1418 2129 1455 2158 e.
1496 2127 1792 2167 nunqnam,
1836 2129 1969 2169 saepe

1159 2174 1273 2227 apud
1307 2173 1535 2214 Platonem
1570 2173 1748 2225 legitur,
1785 2177 1834 2214 ut
1864 2172 1969 2214 Plii·

1159 2232 1246 2274 leb.
1287 2244 1326 2283 p.
1367 2231 1437 2274 36.
1480 2230 1530 2272 Ε.
1562 2244 1602 2284 p.
1635 2230 1703 2273 65.
1738 2230 1787 2271 D.
1821 2233 1877 2272 al.
1917 2231 1966 2273 il·

1126 2320 1128 2326 .
1162 2290 1401 2330 lustrarunt
1440 2301 1534 2330 eam
1586 2289 1808 2341 copiosius
1847 2289 1968 2330 Val-

1161 2349 1309 2388 cken.
1363 2347 1416 2387 ad
1468 2348 1690 2388 Ammon.
1744 2347 1843 2395 ΙΙΙ,
1894 2347 1964 2390 15.

1163 2404 1354 2446 Dorvil
1375 2407 1401 2446 l.
1431 2404 1484 2446 ad
1517 2403 1676 2444 Charit.
1710 2418 1750 2458 p.
1782 2404 1882 2447 291.

1218 2463 1268 2505 Ρ.
1310 2462 1411 2506 383;
1479 2460 1542 2506 ὡς
1580 2459 1716 2516 μήτε
1753 2460 1967 2508 αὐτοῦς

1157 2518 1367 2573 γόητας
1416 2519 1583 2565 ὄντας
1625 2542 1680 2548 -
1723 2518 1748 2571 ἢ
1790 2520 1844 2559 ἔν
1886 2520 1966 2574 ἕρ-

1157 2577 1276 2631 γῳς]
1320 2579 1414 2620 Duo
1449 2577 1517 2619 liic
1549 2577 1818 2618 observanda
1850 2583 1964 2629 sunt,

1158 2648 1272 2688 quae
1313 2635 1440 2677 facile
1481 2635 1664 2687 aliquem
1708 2635 1963 2687 impediant,

1157 2693 1384 2745 quominus
1419 2693 1549 2733 verba
1581 2698 1702 2733 recte
1737 2693 1961 2745 intelligat.

1159 2751 1338 2804 primum
1380 2751 1491 2792 enim
1541 2756 1646 2803 post⁴
1681 2747 1737 2796 ὦς
1781 2750 1965 2790 infertur

1157 2809 1433 2850 accusativus
1455 2807 1688 2860 participii,
1718 2819 1845 2859 quem
1872 2809 1963 2847 vul-

1155 2878 1214 2919 go
1255 2866 1502 2907 absolutum
1542 2869 1710 2918 putant.
1773 2865 1837 2905 De
1875 2877 1962 2918 quo

1155 2936 1318 2976 genere
1356 2922 1598 2964 structurae
1641 2922 1835 2963 breviter
1867 2935 1961 2964 mo·

1156 2981 1227 3021 nui
1258 2981 1311 3021 ad
1351 2981 1448 3021 libr.
1477 2979 1516 3020 Ι.
1549 2994 1590 3032 ρ.
1608 2978 1709 3023 345.
1731 2979 1782 3020 Ε.
1827 2980 1961 3021 Dein-

1155 3037 1211 3079 de
1241 3037 1472 3079 tenendum
1511 3042 1605 3085 est,
1641 3050 1887 3078 sermonem
1919 3040 1960 3078 in

1153 3097 1293 3136 altero
1331 3096 1527 3136 membro
1569 3109 1594 3136 a
1638 3096 1865 3148 participio
1905 3095 1960 3136 ad

1153 3153 1402 3194 infinitivum
1474 3153 1671 3193 transire.
1765 3152 1962 3193 Debebat

1154 3211 1264 3251 enim
1298 3222 1350 3250 ex
1371 3210 1532 3250 usitata
1568 3210 1770 3262 loquendi
1794 3210 1960 3251 ratione

1153 3266 1233 3308 dici
1269 3265 1380 3334 μήτε
1412 3289 1468 3296 -
1480 3266 1793 3339 ‘naeſtrwsyva
1869 3267 1957 3308 Sed

1151 3325 1354 3376 quoniam
1398 3325 1439 3365 in
1479 3324 1553 3367 illo
1593 3324 1648 3372 ὡς
1697 3327 1803 3367 latet
1844 3330 1956 3365 sta-

1151 3381 1344 3423 tuendi
1404 3383 1549 3435 notio,
1619 3383 1721 3424 nihil
1786 3382 1957 3432 mirum,

1148 3437 1265 3492 quod
1296 3438 1526 3481 infinitivus
1557 3440 1796 3491 subiicitur,
1830 3452 1955 3494 prae·

2053 3501 2057 3569 f
