2106 3594
285 129 453 182 CXIl

284 272 500 326 tonicae
556 287 719 323 verae
767 289 829 321 ac
880 269 1192 338 probabiles
1245 271 1565 324 habeantur.
1653 274 1740 323 Ac
1803 274 1999 325 falsum

285 363 407 396 esse
459 348 813 414 personatum
857 341 1214 394 Plutarchum
1262 343 1425 395 etiam
1478 361 1544 395 eo
1583 341 1647 394 fit
1683 343 1996 412 verisimile,

287 414 436 484 quod
483 433 586 466 nec
647 412 1055 483 Dionysius
1115 413 1342 475 Halic.
1409 413 1583 467 Iudic.
1635 412 1702 466 de
1753 415 1996 484 antiquis

288 486 598 539 oratoribus
652 503 707 553 p.
746 484 868 537 452.
909 483 996 538 ed.-
1032 483 1240 538 R.-nec
1279 485 1417 538 alius
1457 485 1743 554 quisquam
1783 487 1995 540 obitum

287 556 529 627 Cephali
571 555 650 608 illi
697 556 934 626 tempori
981 556 1301 627 assignavit.
1380 558 1576 627 Itaque
1622 576 1805 610 errore
1843 559 1992 615 illius

285 627 584 697 aliquando
637 627 852 680 abiecto
907 627 1028 698 ipso
1081 628 1313 681 Platone
1353 639 1580 681 auctore
1614 636 1853 683 statuere
1891 649 1993 700 po-

285 700 396 754 tius
451 700 732 771 cogimur,
786 697 1094 770 Cephalum
1144 700 1308 753 etiam
1357 700 1639 768 aliquanto
1687 709 1817 771 post
1853 701 1997 754 filio-

283 792 402 824 rum
459 771 858 842 profectionem
906 771 966 824 in
1015 771 1154 825 vivis
1195 772 1375 824 fuisse
1424 790 1487 824 ac
1522 772 1762 826 fortasse
1799 782 1997 844 postea

285 845 462 914 ipsum
503 842 772 911 Thurios,
812 842 908 895 ubi
940 841 1181 896 habebat
1216 841 1538 908 latifundia,
1590 843 1823 896 subinde
1855 845 1996 902 invi,-

284 917 440 982 sisse,
482 933 659 984 usque
697 913 827 967 dum
876 913 1112 984 denique
1147 914 1434 981 -Athenis,
1482 914 1578 967 ubi
1628 914 1767 968 vixit
1816 916 1997 985 inqui-

284 988 462 1054 linuS,
504 985 700 1058 grandi
740 993 1023 1039 senectute
1061 986 1177 1039 fato
1216 985 1508 1039 defunctus
1545 986 1631 1039 sit.
1709 987 1824 1039 Iam
1864 1006 1996 1041 vero

286 1059 369 1111 his
419 1058 497 1110 ita
546 1058 890 1126 constitutiS,
951 1057 1046 1112 ubi
1086 1077 1178 1111 eas
1215 1058 1456 1110 rationes
1494 1057 1805 1127 sequimur,
1860 1078 1997 1128 quas

284 1130 339 1182 in
375 1129 771 1200 disputatione
819 1129 886 1183 de
934 1130 1139 1201 Lysiae
1187 1130 1301 1180 vita
1350 1129 1610 1200 Prolegg.
1650 1129 1720 1181 ad
1765 1130 1997 1185 Phaedr.

284 1222 340 1272 p.
377 1201 485 1256 Lll.
539 1220 660 1271 sqq.
711 1201 1026 1273 probabiles
1065 1219 1184 1254 esse
1222 1199 1620 1268 iudicavimus,
1672 1203 1806 1255 satis
1849 1221 1997 1256 com-

284 1272 443 1326 mode
513 1282 777 1343 poterunt
837 1272 1080 1343 expediri
1147 1291 1289 1341 quae
1341 1271 1411 1324 ad
1473 1271 1823 1326 enodandum
1879 1274 1999 1327 visa

285 1353 415 1398 sunt
467 1363 732 1415 perquam
786 1344 1064 1412 difficilia,
1114 1353 1174 1396 ut
1222 1343 1358 1397 nihil
1396 1345 1509 1397 fere
1547 1345 1652 1398 nisi
1691 1345 1827 1398 levis
1865 1364 1997 1398 ana-

285 1417 628 1469 chronismus
669 1424 967 1484 remaneat,
1007 1435 1168 1485 quem
1204 1424 1387 1468 tamen
1426 1416 1875 1469 verisimillimum
1915 1425 1999 1470 est

287 1508 318 1540 a
357 1488 627 1559 scriptore
662 1488 913 1541 consulto
963 1507 1082 1541 esse
1121 1485 1446 1540 admissum:
1497 1487 1564 1540 de
1604 1507 1712 1557 qua
1750 1507 1807 1540 re
1845 1487 1998 1559 postss

287 1559 452 1613 modo
525 1558 936 1630 explicabimus.
1049 1559 1313 1612 Fatemur
1370 1559 1512 1612 enim
1589 1558 1763 1612 videri
1837 1558 1996 1614 nobis

287 1652 452 1684 unum
502 1633 676 1703 Aug.
716 1630 1178 1698 Boeckhium,
1214 1635 1391 1683 virum
1443 1631 1742 1704 egregium,
1784 1651 1999 1685 omnem

288 1704 434 1756 hunc
469 1703 653 1755 locum
691 1703 768 1755 ita
804 1701 1211 1771 dilucidavisse,
1250 1710 1312 1755 ut
1352 1702 1566 1756 etiamsi
1602 1703 1866 1755 nonnulla
1901 1702 1998 1755 ad-

288 1775 396 1828 huc
458 1782 815 1827 controversa
874 1775 1175 1827 manserint
1224 1781 1280 1826 et
1338 1792 1371 1824 a
1430 1772 1582 1827 Car.
1644 1773 1750 1827 Fr.
1810 1774 1997 1827 Her-

288 1864 538 1898 manno
577 1853 632 1897 et
664 1844 768 1898 Fr.
806 1845 1072 1899 Vatero
1110 1846 1166 1898 in
1206 1844 1603 1898 dubitationem
1641 1845 1754 1898 sint
1777 1853 1996 1914 vocata,

287 1928 468 1970 tamen
506 1915 574 1969 de
613 1935 823 1970 summa
871 1935 929 1971 re
979 1917 1070 1970 vix
1108 1915 1407 1986 quidquam
1445 1917 1685 1987 supersit
1719 1916 1869 1986 quod
1905 1936 1996 1971 ac-

288 1989 614 2042 curatiorem
655 1997 1100 2059 argumentorum
1125 1988 1594 2042 confirmationem
1620 1987 1897 2042 desideret
1926 1989 1996 2058 *).

288 2060 509 2113 Etenim
546 2059 849 2112 rectissime
889 2059 1106 2113 videtur
1154 2060 1237 2113 vir
1285 2078 1526 2113 summus
1566 2059 1730 2114 docta
1766 2078 1832 2114 ac
1869 2061 1996 2114 sub-

288 2132 371 2184 tili
421 2131 791 2202 disputatione
842 2130 1126 2200 effecisse,
1178 2139 1395 2202 tempus
1444 2131 1617 2185 habiti
1666 2132 1926 2201 colloquii
1966 2151 1998 2184 a

291 2204 527 2257 Platone
577 2202 634 2255 in
675 2200 897 2274 Olymp.
944 2202 1114 2257 XGll.
1166 2205 1215 2256 2.
1254 2203 1343 2256 vel
1381 2204 1431 2255 3.
1476 2222 1567 2250 :z
1609 2206 1731 2257 411.
1775 2222 1824 2255 a.
1864 2202 1995 2257 Chr.

290 2296 342 2328 n.
383 2274 642 2328 collatum
680 2293 818 2328 esse.
894 2273 1063 2342 Quod
1099 2275 1193 2328 ubi
1231 2275 1310 2327 ita
1343 2275 1622 2343 statuitur,
1663 2275 1844 2328 omnia
1880 2276 1995 2328 fere

291 2347 492 2400 habent
543 2346 964 2416 explicationem
1015 2346 1180 2418 longe
1225 2346 1566 2414 facillimam,
1617 2357 1680 2400 ut
1714 2345 1784 2399 ad
1818 2345 1995 2400 nodos

374 2563 426 2618 ὓ)
467 2563 722 2615 Disputavit
759 2563 816 2602 A.
857 2563 1192 2606 Boeckhius
1241 2565 1294 2605 de
1342 2564 1409 2604 his
1440 2564 1572 2604 rebus
1601 2564 1746 2606 tribus
1777 2577 1994 2606 commen-

460 2621 731 2664 tationibus:
765 2622 814 2673 Ι.)
834 2621 1040 2663 Prooem.
1062 2622 1232 2663 Indicis
1268 2623 1532 2663 Lectionum
1555 2622 1602 2663 in
1632 2623 1836 2665 Univers.
1869 2623 1993 2665 Frid.

461 2678 581 2722 Guil.
617 2692 696 2732 per
737 2685 947 2720 semestre
978 2681 1150 2721 hibern.
1195 2693 1235 2722 a.
1285 2679 1414 2724 1838.
1445 2703 1500 2711 --
1531 2679 1602 2723 39.
1647 2681 1888 2721 habendar.
1939 2681 1995 2725 12

459 2750 577 2791 pagg
631 2736 675 2780 4.
739 2736 820 2791 ΙΙ.)
864 2737 1067 2780 Prooem.
1113 2739 1248 2781 ludio.
1279 2739 1511 2780 Lectionn.
1548 2737 1655 2781 ibid.
1687 2751 1766 2792 per
1798 2745 1996 2782 semestr.

460 2802 569 2836 aest.
610 2794 737 2840 1839.
778 2796 918 2837 instit.
957 2796 1025 2841 15.
1066 2810 1200 2851 pagg.
1237 2795 1280 2840 4.
1342 2794 1445 2848 ΙΙΙ.)
1483 2795 1688 2840 Prooem.
1720 2797 1820 2838 Ind.
1851 2796 1995 2837 Lectt.

463 2855 619 2895 aestiV.
657 2867 696 2896 a.
737 2853 865 2898 1840.
908 2854 978 2897 13.
1021 2869 1153 2909 pagg.
1202 2854 1245 2898 4.
1307 2853 1423 2895 Car.
1464 2861 1612 2895 autem
1658 2854 1805 2895 Frid.
1848 2855 1993 2896 Her·

461 2923 698 2952 mannus
767 2913 1030 2963 sententiam
1091 2926 1214 2957 suam
1269 2913 1475 2966 exposuit
1530 2912 1590 2967 Ι.)
1640 2913 1687 2953 in
1731 2914 1994 2954 Zimmer-

463 2969 651 3010 manni
694 2969 804 3013 diar.
846 2971 1081 3023 Allgem.
1139 2970 1553 3022 Schulzeitung
1590 2969 1721 3015 1831.
1763 2970 1900 3012 Abth.
1942 2971 1994 3014 11.

464 3040 507 3079 p.
541 3026 638 3069 651.
673 3039 767 3079 sqq.
830 3028 907 3075 n.)
939 3029 984 3068 in
1016 3029 1146 3082 Disp.
1177 3029 1257 3069 Dc
1275 3026 1647 3080 Reipublicae
1678 3027 1820 3068 Plat.
1856 3034 1993 3069 tem·
2072 3047 2078 3055 ·

462 3084 710 3137 poribus.
741 3084 970 3138 Marburg.
1003 3086 1131 3131 1839.
1160 3085 1202 3130 4.
1263 3085 1370 3135 ΙΙΙ.)
1400 3086 1446 3125 i'n
1477 3073 1606 3138 Dis‘p.
1636 3085 1717 3126 De
1746 3085 1994 3140 Thrasy-

461 3142 653 3183 macho
701 3139 961 3186 Chalced.
995 3144 1198 3197 Gotting.
1229 3141 1357 3187 1848.
1399 3142 1442 3185 4.
1472 3156 1516 3195 p.
1549 3143 1592 3186 5.
1627 3156 1724 3196 sqq.
1786 3144 1995 3196 Denique

461 3200 655 3240 Vateri
713 3200 822 3252 disp.
880 3201 953 3241 De
1000 3216 1173 3246 scena
1215 3202 1449 3253 reipubl.
1490 3199 1828 3245 Platonicae
1873 3208 1997 3243 extat

456 3259 503 3299 in
533 3257 735 3299 Jahnii
765 3259 936 3300 Archiv
955 3259 1027 3301 ffir
1043 3261 1267 3312 Philolog.
1289 3258 1411 3302 1843.
1438 3258 1564 3300 Tom.
1590 3260 1665 3301 ΙΧ.
1701 3274 1743 3313 p.
1768 3260 1864 3304 196.
1895 3273 1992 3313 sqq.

459 3317 559 3357 coll.
600 3315 644 3368 p.
689 3314 789 3357 165.
831 3329 926 3368 sqq.
964 3320 1038 3370 qui
1077 3319 1257 3372 Lysiam
1302 3312 1472 3372 Olymp.
1514 3315 1585 3360 86.
1626 3318 1797 3359 demum
1837 3323 1991 3358 natum

456 3380 592 3427 putat.
625 3373 738 3412 Eum
772 3373 1046 3424 impugnavit
1076 3377 1401 3417 Heri-mann.
1431 3375 1501 3413 De
1525 3374 1756 3430 Thrasym.
1789 3388 1830 3428 p.
1851 3376 1890 3418 6.
1917 3388 1987 3426 sq.
