2098 3658
247 154 350 205 344
908 146 1397 202 PLATONIS

248 294 443 376 μάτων
489 298 624 366 μίαν
667 293 836 370 φύσιν
885 289 985 361 τὴν
1030 295 1142 348 τῶν
1200 295 1436 362 λευκῶν,
1493 297 1680 350 ἔπειτα
1737 313 1956 364 προπα-

240 373 686 455 ,ραοκευάζουσιν
743 376 844 434 οὐκ
894 376 1050 454 ὀλίγη
1108 380 1427 454 παρασκευῆ
1458 375 1958 450 κθεραπεύσαντες,

253 460 405 529 ὅπως
451 464 659 530 δέξεται
703 459 732 518 ὅ
780 483 834 516 τι
876 460 1120 533 μάλιστα
1166 464 1229 516 τὸ
1274 458 1496 526 ἄνθ-ος,
1559 464 1652 517 καὶ
1697 458 1842 517 οὕτω
1891 459 1958 526 δὴ

164 547 214 601 Ε
253 547 551 619 βάπτουσι.
606 550 698 602 καὶ
755 543 785 601 ὃ
846 547 946 617 μὲν
1002 542 1077 600 ἂν
1133 543 1318 615 τούτῳ
1392 548 1468 615 τῷ
1533 543 1725 615 τρόπῳ
1783 546 1959 620 βαφῇ,

257 629 591 688 δευσοποιὸν
651 635 895 701 γίγνεται
953 626 1017 684 τὸ
1071 632 1286 702 βαφέν,
1345 633 1438 684 καὶ
1493 627 1527 697 ἡ
1585 627 1778 693 πλύσις
1833 628 1952 684 οὔτ’

255 714 390 771 ἄνευ
435 714 740 790 ῥυμμάτων
784 711 911 769 οὔτε
952 711 1090 783 μετὰ
1139 711 1444 787 ῥυμμάτων
1495 711 1732 785 δύναται
1776 711 1963 767 αὐτῶν

258 798 321 855 τὸ
369 796 561 864 ἄνθος
605 797 1015 874 ἀφαιρεῖσθαι·
1074 794 1111 850 ἃ
1155 796 1204 852 δ’
1258 794 1331 853 ἂν
1376 796 1483 868 μή,
1540 797 1717 853 οἶσθα
1761 795 1852 852 οἶα
1895 794 1961 862 δὴ

255 888 515 954 γίγνεται,
564 882 664 939 ἐάν
691 890 747 938 τε
790 903 874 946 τις
917 878 1062 936 ἄλλα
1101 878 1367 956 χρώματα
1411 880 1599 959 βάπτῃ
1645 880 1743 936 ἐάν
1787 903 1842 935 τε
1873 883 1966 934 καὶ

258 971 438 1024 ταῦτα
483 966 559 1039 μὴ
609 963 1098 1042 προθεραπεύσας.
1192 964 1355 1030 Οἶδα,
1395 970 1534 1041 ἔφη,
1594 963 1681 1021 ὅτι
1729 969 1964 1022 ἔκπλυτα

258 1056 352 1110 καὶ
396 1056 603 1120 γελοῖα.
698 1051 980 1107 Τοιοῦτον
1029 1054 1248 1116 τοίνυν,
1309 1043 1379 1117 ἦν
1425 1049 1473 1106 δ’
1528 1048 1656 1122 ἐγώ,
1715 1047 1966 1119 ὑπόλαβε

259 1133 403 1192 κατὰ
450 1134 689 1206 δύναμιν
732 1135 1070 1207 ἐργάζεσθαι
1115 1137 1206 1187 καὶ
1253 1132 1415 1203 ἡμᾶς,
1461 1131 1554 1190 ὅτε
1600 1132 1965 1203 ἐξελεγόμεθα

118 1224 226 1278 430
265 1218 395 1286 τοὺς
437 1219 784 1292 στρατιώτας
827 1222 917 1275 καὶ
963 1217 1325 1288 ἐπαιδεύομεν
1367 1221 1599 1296 μουσικῇ
1636 1221 1728 1272 καὶ
1757 1239 1969 1288 γυμνα-

364 1413 431 1455 D.
493 1410 656 1466 φύσιν
687 1410 784 1463 τὴν
818 1415 915 1452 τῶν
947 1406 1301 1464 λευκῶνῙτοῦ
1330 1411 1486 1452 λευκοῦ
1521 1410 1646 1454 Βῐοὺ.
1676 1410 1820 1455 serm.
1852 1411 1969 1453 XL!-

378 1527 522 1575 ὅπως
560 1526 782 1571 δέξεται
825 1523 854 1568 δ’
894 1541 947 1566 τι
985 1541 1031 1577 μ.
1044 1525 1062 1579 ]
1097 1526 1173 1567 Sic
1204 1526 1312 1568 Par.
1342 1525 1444 1567 AD.
1477 1526 1588 1568 Ven.
1626 1525 1676 1566 ll.
1714 1528 1822 1579 Ang.
1855 1525 1970 1567 Flor.

261 1599 300 1628 a.
332 1600 374 1628 Χ.
408 1585 643 1635 stobaeus,
676 1585 886 1637 probante
919 1585 1047 1626 etiam
1083 1585 1283 1625 Porsono
1315 1582 1370 1623 nd
1402 1582 1973 1636 Eurlp.l-lecub.p.100.

264 1645 333 1688 ed.
364 1643 407 1688 3
439 1642 590 1686 Germ.
656 1642 796 1696 Vulgo
829 1641 957 1687 δέξων
939 1658 1047 1686 rm
1082 1642 1199 1683 Flor.
1234 1654 1274 1686 n.
1316 1641 1417 1682 Par.
1453 1641 1506 1684 K.
1545 1641 1640 1686 Vat.
1676 1641 1730 1682 Θ.
1765 1653 1799 1682 ι·.
1841 1642 1971 1683 vind.

264 1701 388 1746 Mon.
421 1701 606 1752 δέξηται.

380 1758 429 1800 Ε
497 1771 545 1796 οι
531 1756 672 1798 ³009oe
715 1761 803 1797 οἱα
845 1753 906 1807 δὴ
947 1755 1117 1809 raram]
1158 1752 1212 1806 δή
1246 1756 1433 1799 accessit
1471 1769 1525 1798 ex
1556 1756 1658 1796 Par.
1691 1758 1741 1796 A.
1779 1755 1884 1798 Ven.
1924 1757 1975 1799 ll.

270 1816 390 1861 Mon.
423 1815 579 1856 Ambr.
614 1817 723 1867 Aug.
758 1815 860 1855 Vnt.
893 1827 949 1857 m.
982 1812 1101 1856 Flor.
1134 1827 1172 1856 a.
1207 1826 1244 1854 c.
1279 1826 1320 1854 Χ.
1355 1829 1397 1854 α.
1432 1817 1474 1886 β.
1507 1829 1545 1866 y.
1580 1812 1707 1854 Stob.

381 1876 660 1916 Τοιοῦτον
692 1873 903 1920 τοίνυν,
939 1865 1069 1922 η’ν’δ
1105 1871 1162 1911 ἐν
1136 1868 1229 1924 Ιώ]
1263 1871 1411 1912 Verba
1445 1887 1497 1922 ην
1531 1869 1576 1910 δ’
1610 1867 1689 1923 ἐγώ
1726 1875 1826 1911 ante
1858 1870 1974 1912 Bek-

264 1932 415 1974 kerum
450 1930 823 1973 desiderabantur.
882 1929 1109 1972 Restituta
1152 1933 1252 1970 sunt
1293 1941 1347 1970 ex
1380 1928 1508 1973 codd.
1542 1927 1636 1970 fere
1672 1929 1874 1970 omnibus
1906 1935 1976 1971 at-

266 2002 354 2043 que
385 1989 597 2031 Stobaeo.

269 2130 304 2175 l.
335 2129 457 2171 Part.
490 2141 531 2181 p.
561 2128 620 2172 97
646 2140 782 2181 seqq„
813 2126 883 2168 ubi
916 2126 971 2168 de
1003 2139 1083 2168 co-

272 2189 365 2229 lore
424 2197 649 2240 purpureo
701 2186 880 2240 copiose
931 2184 1082 2238 dispu-

272 2249 404 2289 tatur.

329 2301 460 2355 μίαν
501 2315 564 2352 (pv
553 2315 667 2339 σιν
708 2297 798 2351 τὴν
838 2303 936 2340 τῶν
968 2288 1084 2340 λευ-

272 2358 401 2411 κῶν]
436 2357 475 2399 h.
515 2371 552 2400 e
585 2354 702 2411 μόνα
732 2355 785 2397 τὰ
820 2354 962 2397 λευκά.
1023 2358 1085 2398 De

276 2416 359 2459 hoc
389 2428 472 2457 usu
503 2429 540 2457 v.
575 2412 704 2468 φύσις
749 2428 788 2456 v.
826 2414 1012 2456 Phaedr.
1044 2429 1084 2467 p.

271 2475 374 2520 251.
422 2474 471 2514 Β.
513 2486 554 2526 p.
587 2473 685 2517 270.
721 2473 772 2514 Ε.
816 2472 955 2526 Legg.
985 2473 1084 2514 Xll.

272 2548 313 2586 p.
365 2531 466 2576 968.
519 2529 975 2585 Wyttenbach.
1028 2531 1083 2574 ad

274 2589 503 2633 Phaedon.
535 2602 575 2642 p.
607 2589 707 2632 232.
744 2588 813 2630 ed.
849 2589 941 2631 unt.
979 2591 1085 2630 Ast.

274 2648 328 2689 ad
359 2647 501 2700 Legg.
535 2661 576 2699 p.
599 2647 776 2692 311.—
807 2663 865 2687 το
901 2645 1087 2694 ἄνθος

272 2718 384 2746 nunc
415 2705 632 2757 significat
676 2706 927 2749 colorem
961 2717 1022 2757 pu
1046 2717 1086 2745 r·

275 2774 520 2817 pureum.
555 2776 593 2807 v.
618 2763 876 2804 Boisson.
907 2762 960 2802 ad
983 2763 1082 2804 Phi-

277 2824 400 2865 lostr.
434 2820 540 2863 Her.
574 2836 614 2874 p.
646 2820 745 2865 382.
794 2820 996 2862 lacobs
1029 2818 1083 2864 ad

278 2877 545 2979 Pllillontr.
593 2879 768 2933 Imagg.
810 2892 852 2932 p.
891 2876 992 2921 444.
1043 2881 1088 2919 et

335 2994 390 3037 Ε.
450 2990 787 3036 δευσοποιὸν
828 2992 1088 3047 γίγνεται

279 3066 338 3090 τυ
374 3050 574 3105 βαφέν]
611 3051 752 3093 Recte
771 3050 842 3092 hic
873 3049 923 3092 τὸ
948 3053 1088 3104 βιφέν

280 3107 470 3161 positum
510 3114 602 3159 est,
643 3121 773 3162 quum
814 3105 840 3149 δ’
882 3124 936 3147 αν
966 3110 1087 3164 βαφῇ

281 3164 378 3206 fere
423 3164 537 3207 idem
588 3167 643 3207 sit
689 3166 805 3218 quod
841 3161 914 3206 ἐάν
952 3169 1088 3220 βαφῆ.

285 3222 696 3266 Voc.‹5e1ooaou;v
737 3222 1086 3265 Scholiastes

285 3285 329 3321 et
371 3280 628 3322 Timaeus
666 3281 814 3330 Gloss.
846 3296 886 3335 p.
922 3281 990 3325 75.
1022 3282 1087 3321 in-

284 3341 574 3391 terpretantur
622 3337 812 3390 ἔμμονον
851 3339 921 3380 καὶ
958 3339 1084 3387 duga-

284 3393 522 3437 πόπλυιον.
599 3395 760 3437 Vocem
821 3397 1087 3438 illustrarunt

1169 2130 1347 2180 praeter
1377 2124 1587 2169 Ruhnk.
1622 2126 1646 2167 Ι.
1684 2140 1721 2168 c.
1755 2126 1974 2168 lacobs.

1167 2185 1356 2238 Epistol.
1397 2183 1451 2224 ad
1493 2184 1744 2225 Goellerum
1796 2198 1836 2237 p.
1877 2185 1977 2229 258.

1168 2243 1435 2285 Valcken.
1477 2243 1516 2284 in
1552 2241 1734 2294 Epistol.
1767 2242 1820 2282 ad
1850 2243 1889 2285 Ι.
1919 2248 1975 2287 A.

1171 2300 1403 2342 Ernesti
1444 2313 1466 2338 a
1507 2298 1831 2353 Tittmauno
1871 2300 1976 2344 edtt.

1173 2372 1214 2411 p.
1255 2357 1354 2401 155.
1422 2358 1631 2397 Proxima
1678 2357 1738 2397 sic
1776 2354 1976 2411 intelligi-

1172 2428 1294 2458 mus:
1358 2428 1537 2467 neque
1598 2415 1743 2455 lotio
1794 2421 1980 2469 potest

1172 2486 1354 2516 eorum
1389 2473 1586 2514 florem
1620 2474 1829 2524 eluere,
1862 2475 1979 2516 sive

1172 2531 1584 2575 medicamenta
1619 2533 1979 2584 repurgantla

1172 2589 1546 2632 adhibeantur
1587 2589 1705 2630 sive
1752 2602 1850 2631 non
1891 2590 1978 2631 ad-

1174 2647 1495 2696 hibentur,
1543 2646 1660 2699 quod
1707 2654 1976 2700 postremum

1173 2709 1359 2760 apparet
1403 2703 1516 2745 idem
1570 2706 1812 2758 significare
1863 2704 1978 2755 quod

1173 2764 1330 2805 nullo
1391 2761 1566 2803 modo.
1640 2762 1771 2806 Quod
1836 2757 1980 2804 αιῖτῶν

1173 2827 1275 2874 post
1315 2817 1343 2861 δ’
1386 2834 1443 2860 αν
1480 2820 1645 2863 illatum
1701 2826 1789 2872 est,
1844 2833 1883 2860 v,
1923 2819 1978 2861 ad

1173 2879 1325 2932 Sy.mp
1367 2892 1407 2931 p.
1440 2876 1536 2921 183
1575 2882 1624 2918 Α.
1667 2876 1893 2919 Phaedon.
1936 2891 1978 2930 p.

1172 2937 1268 2981 109.
1307 2935 1683 2987 D Rennp.v11.
1720 2935 1892 2988 p.536.
1930 2939 1979 2979 A.

1166 2992 1255 3035 ‘Pu‘
1263 3010 1338 3049 μμ
1351 3009 1379 3033 α
1397 3008 1420 3032 τ
1434 3008 1461 3031 α
1491 2991 1626 3034 schol.
1652 2993 1838 3047 explicat
1853 2996 1980 3064 τρίμμ’

1171 3067 1309 3106 ματα
1344 3047 1581 3102 σμήνματα
1586 3081 1598 3100 ,
1633 3050 1683 3090 τὸ
1725 3051 1769 3091 δὲ
1802 3049 1980 3104 σμῆνμᾰ

1172 3111 1264 3150 ἔστι
1283 3105 1457 3152 σποδός.
1477 3107 1980 3163 CornariusEclogg.

1173 3181 1214 3220 p.
1254 3166 1324 3210 98.
1358 3165 1422 3206 ed.
1461 3163 1651 3207 Fischer.
1712 3167 1858 3218 ‚Sunt
1901 3179 1981 3208 an-

1174 3230 1262 3267 tem
1295 3220 1520 3278 ῥύμματα,
1552 3236 1664 3275 quae
1694 3227 1980 3266 extersoriam

1176 3285 1222 3322 et
1248 3285 1555 3334 repurgantem
1585 3282 1666 3324 vim
1700 3281 1872 3331 habent.
1906 3295 1981 3323 ve-

1176 3339 1239 3381 lut.
1269 3342 1341 3379 est
1372 3339 1552 3389 nitrum,
1595 3338 1712 3392 quod
1747 3339 1814 3382 hic
1843 3340 1977 3391 χαλα·

1175 3400 1349 3450 στραῖον
1393 3409 1416 3438 a
1459 3397 1555 3439 loco
1598 3403 1752 3448 vocat,
1802 3403 1847 3438 et
1887 3398 1979 3438 lixi-
