2124 3744
750 168 966 222 LIBRI
1014 167 1358 224 SEPTIMI.
1815 162 1832 217 i
1850 170 1909 218 15

206 330 452 366 rumnam
491 313 687 365 artium
726 330 792 364 ac
827 309 1241 383 disciplinarum
1280 328 1387 379 ope
1425 307 1716 362 custodum
1746 307 1910 361 animi

204 384 285 437 sic
336 382 541 437 erudiri
593 389 826 452 queant,
880 388 944 434 ut
989 379 1061 433 ad
1099 381 1293 434 summi
1335 381 1459 433 boni
1498 380 1746 432 notitiam
1783 397 1910 433 eve-

206 453 423 508 hantur.
497 455 564 507 In
603 473 712 524 quo
750 460 1072 526 argumento
1097 451 1388 504 tractando
1426 451 1590 503 etiam
1640 450 1778 504 illud
1825 469 1909 503 re-

204 524 545 596 spiciendum
596 532 711 594 est,
753 522 903 595 quod
941 523 998 576 in
1044 523 1323 594 superiore
1361 522 1735 593 disputatione
1771 521 1910 574 dixi-

204 615 359 665 mus,
412 615 507 650 eos
542 596 715 649 fortes
754 604 920 665 atque
958 594 1252 648 bellicosos
1290 612 1413 647 esse
1450 601 1721 664 oportere,
1757 601 1821 645 ut
1855 601 1911 646 et

203 686 397 739 pacem
456 666 814 720 domesticam
887 674 942 720 et
1011 665 1289 736 publicam
1356 665 1708 717 securitatem
1767 658 1908 717 tueri

201 746 446 810 possent.
520 738 718 808 ltaque
757 757 822 791 ea
856 736 1242 809 investiganda
1263 744 1349 790 est
1386 735 1714 806 disciplinae
1748 736 1908 803 ratic,

202 826 343 880 quae
378 817 496 862 tum
520 810 761 861 animum
782 808 850 861 ad
887 807 1298 879 percipiendam
1326 805 1710 878 philosophiae
1736 806 1910 859 subli-

200 881 445 934 mitatem
490 888 806 951 praeparet,
854 888 972 949 tum
1022 880 1321 933 utilitatem
1367 877 1570 931 habeat
1604 876 1907 929 militarem.

201 949 371 1018 Quod
418 950 642 1075 guidem
692 951 1038 1004 commodum
1087 968 1268 1020 neque
1319 948 1664 1020 gymnastica
1697 946 1907 1016 afferet,

243 1041 346 1076 uae
386 1041 417 1075 a

200 1040 431 1162 (dimica,
465 1093 683 1163 qualem
721 1087 942 1164 quidem
979 1090 1603 1166 antea-descripsimus,
1643 1109 1812 1159 quum
1845 1108 1912 1142 ea

201 1165 362 1218 unice
411 1166 468 1218 in
515 1164 702 1218 decori
755 1164 1084 1234 honestique
1122 1162 1470 1217 institutione
1505 1169 1785 1230 versetur,
1838 1161 1909 1213 ad

199 1236 464 1290 scientiae
528 1236 884 1290 subtilitatem
942 1235 1079 1289 nihil
1125 1235 1389 1288 conferat.
1481 1233 1667 1287 Multo
1730 1233 1910 1286 minus

199 1308 365 1362 ctiam
413 1315 559 1362 artes
606 1307 912 1361 sellularias
957 1307 1068 1360 huc
1119 1306 1308 1359 licebit
1353 1323 1649 1372 revocare,
1701 1304 1909 1374 quippe

199 1397 342 1450 quae
378 1379 515 1432 nihil
549 1379 658 1433 nisi
704 1378 1006 1433 sollertiam
1043 1376 1320 1449 quandam
1353 1393 1720 1445 manuumque
1754 1375 1910 1429 labo-

197 1469 313 1504 rem
351 1450 591 1534 exigant.
667 1449 946 1518 Quocirca
973 1457 1245 1522 superest,
1283 1456 1348 1502 ut
1373 1465 1697 1516 quaeramus
1737 1454 1908 1500 artem

198 1522 269 1577 ab
318 1523 573 1576 omnibus
631 1522 738 1577 illis
786 1521 1076 1575 diversam.
1163 1520 1314 1574 Talis
1362 1539 1494 1573 vero
1546 1526 1632 1573 est
1678 1519 1907 1572 arith-

199 1594 488 1662 metica,
542 1612 654 1663 qua
703 1612 883 1663 neque
921 1592 1217 1664 disciplina
1254 1591 1541 1659 militariS,
1578 1609 1758 1659 neque
1796 1591 1911 1644 ulla

197 1665 307 1718 alia
355 1665 619 1720 scientiae
669 1672 726 1718 et
778 1663 1103 1718 eruditionis
1161 1682 1288 1735 pars
1338 1681 1524 1716 carere
1570 1661 1683 1715 ullo
1741 1662 1908 1717 modo

197 1744 403 1819 potest.
487 1736 686 1806 Neque
734 1754 800 1789 ea
889 1737 1098 1790 rofecto
1146 1754 1341 1807 parum
1377 1734 1525 1787 valet
1561 1733 1631 1787 ad
1669 1734 1907 1789 animum

197 1817 277 1861 ita
312 1807 659 1862 formandum
707 1756 1208 1877 excoiendumque,
1260 1813 1323 1859 ut
1369 1824 1490 1860 sese
1528 1805 1708 1877 possit
1743 1808 1907 1860 attol-

161 1926 174 1933 -
195 1879 309 1933 lere
347 1878 419 1933 ad
453 1898 633 1933 rerum
671 1878 979 1933 divinarum
1018 1877 1557 1947 contemplationem,
1596 1895 1909 1948 quanquam

196 1950 365 2024 vulgo
407 1950 542 2005 haec
575 1951 694 2004 eius
732 1951 818 2004 vis
851 1950 1080 2004 mirifice
1101 1949 1418 2021 negligitur.
1492 1948 1715 2002 Etenim
1742 1969 1905 2020 quum

196 2041 284 2077 res
322 2023 428 2088 sub
468 2040 664 2077 sensus
702 2021 966 2077 cadentes
1004 2022 1084 2075 ita
1120 2027 1468 2091 comparatae
1506 2020 1649 2088 sint,
1695 2029 1758 2073 ut
1813 2038 1910 2075 aut

194 2094 346 2150 solae
421 2113 481 2148 er
516 2113 576 2150 se
625 2096 939 2149 sentiantur
985 2101 1153 2163 atque
1200 2092 1369 2146 semel
1411 2100 1709 2162 perceptae
1755 2112 1907 2146 men-

195 2172 306 2220 tem
344 2114 509 2237 pfane
555 2185 667 2220 non
713 2165 1000 2237 impellant
1036 2164 1109 2219 ad
1146 2163 1489 2218 subtiliorem
1524 2164 1641 2217 veri
1677 2163 1907 2218 investi-

196 2238 504 2311 gationem,
551 2245 650 2291 aut
682 2237 865 2292 varios
901 2255 967 2291 ac
1003 2236 1251 2291 diversos
1288 2235 1346 2288 in
1382 2234 1541 2289 nobis
1580 2253 1776 2290 sensus
1814 2254 1908 2290 ex-

196 2309 369 2364 citent
438 2308 677 2392 ideoque
749 2316 979 2380 propter
1040 2310 1438 2362 contrariorum
1496 2307 1905 2378 perceptionem

196 2381 395 2435 mentis
432 2379 699 2435 iudicium
737 2380 1023 2451 postulent
1068 2378 1343 2448 animique
1381 2397 1414 2430 a
1456 2378 1767 2444 itationem3
1806 2378 1906 2432 du-

196 2452 360 2508 bitari
396 2471 507 2506 non
546 2459 758 2524 potest,
808 2452 943 2522 quin
992 2450 1340 2505 arithmetica
1373 2397 1454 2502 aff
1500 2450 1774 2532 posterius
1811 2469 1907 2523 ge-

197 2542 303 2579 nus
338 2522 627 2578 referenda
674 2522 778 2591 sit,
831 2523 1039 2595 quippe
1088 2540 1228 2594 quae
1278 2521 1335 2574 in
1369 2520 1766 2592 multiplicibus
1803 2541 1906 2575 nu—

197 2613 469 2651 merorum
519 2594 824 2650 rationibus
889 2592 1305 2649 considerandis
1355 2601 1625 2646 versetur.
1722 2593 1908 2647 Habet

195 2667 340 2722 enim
393 2666 571 2721 omnis
623 2683 882 2720 numerus
931 2665 1038 2720 hoc
1074 2664 1179 2720 sibi
1216 2664 1532 2737 proprium,
1585 2663 1735 2734 quod
1774 2682 1906 2718 con-

195 2738 349 2794 trarii
388 2736 523 2809 quid
559 2737 617 2792 in
662 2755 723 2792 se
759 2736 1173 2820 complectitur:
1222 2734 1397 2789 veluti
1436 2734 1586 2805 quod
1622 2754 1789 2788 unum
1824 2736 1905 2789 vi-

195 2810 388 2876 detur,
441 2808 586 2863 idem
636 2808 745 2863 alia
791 2816 1006 2863 ratione
1053 2807 1225 2862 multa
1264 2824 1384 2860 csse
1418 2805 1743 2861 iudicamus.
1816 2805 1905 2861 Ex

195 2881 397 2954 quibus
436 2888 668 2954 apparet
705 2879 846 2934 hanc
896 2878 1222 2952 disciplinae
1262 2885 1473 2948 partem
1511 2895 1544 2931 a
1581 2876 1906 2933 custodibus

196 2953 399 3009 nostris
447 2951 697 3007 studiose
746 2951 969 3006 tractari
1025 2957 1309 3023 oportere,
1362 2949 1683 3021 praesertim
1736 2966 1904 3020 quum

196 3043 314 3080 cam
365 3022 437 3079 ad
485 3023 616 3079 belli
666 3042 801 3078 usus
850 3042 916 3077 ac
966 3021 1326 3077 necessitates
1416 3019 1905 3076 lurimum·valere

196 3094 435 3151 dubitari
470 3090 581 3150 ncin
617 3095 808 3168 possit.
885 3094 1085 3165 Neque
1116 3101 1299 3149 tamen
1337 3091 1420 3145 ili
1453 3091 1510 3144 in
1548 3091 1761 3165 vulgari
1797 3092 1908 3148 ista

200 3166 543 3222 arithmetica
580 3167 903 3235 subsistent,
941 3184 1080 3236 quae
1119 3172 1238 3219 tota
1275 3161 1344 3216 ad
1383 3162 1519 3217 lucri
1556 3171 1613 3217 et
1647 3162 1904 3218 utilitatis

496 1022 745 1092 corporis
786 1029 1000 1075 tantum
1038 1023 1379 1075 curationem
1415 1019 1679 1087 refertur,
1730 1037 1910 1088 neque
1980 1081 1990 1092 ι

199 3238 462 3293 rationem
517 3247 835 3310 comparata
883 3247 994 3302 est3
1049 3235 1146 3291 sed
1198 3234 1429 3289 ulterius
1487 3234 1905 3308 progredientes
1997 3270 2009 3285 .

199 3309 267 3364 de
306 3309 427 3381 ipsa
462 3328 808 3364 numerorum
848 3309 899 3363 vi
938 3316 995 3362 et
1029 3316 1253 3374 natura,
1292 3305 1397 3360 hoc
1437 3313 1522 3361 est
1558 3305 1626 3360 de
1665 3307 1904 3362 numeris

198 3379 512 3449 abstractis,
549 3380 640 3451 qui
680 3389 976 3448 vocantur,
1017 3378 1440 3433 meditabuntur.
1516 3377 1660 3432 Nam
1701 3378 1777 3430 ita
1810 3376 1904 3430 de-

1464 3481 1566 3529 8*
