2106 3594
280 150 354 203 X.

280 299 433 344 tanta
484 288 768 362 diligentia
815 294 1079 357 tantaque
1129 289 1388 342 orationis
1439 291 1596 362 copia
1650 301 1705 345 et
1742 294 1985 348 ubertate

277 367 508 415 tractata
555 368 669 428 est,
719 368 780 413 ut
828 366 1037 431 partem
1091 360 1273 431 operis
1321 360 1444 431 plus
1497 381 1657 431 quani
1710 362 1986 418 dimidiam

278 431 511 502 expleat,
550 430 797 501 adeoque
841 430 1074 501 plurima
1105 431 1400 500 contineat,
1441 451 1581 501 quae
1620 435 1690 488 ad
1726 435 1983 505 princeps

279 508 658 581 argumentum
707 500 1091 558 illustrandum
1150 503 1364 556 minime
1420 502 1672 558 videntur
1723 525 1841 559 esse
1891 525 1984 560 ne-

283 588 537 629 cessaria.
1815 626 1818 627 γ

417 644 574 697 Haec
625 642 794 713 igitur
848 652 976 697 sunt
1032 645 1144 698 fere
1183 646 1304 713 illa,
1369 664 1510 713 quae
1562 666 1660 717 pro
1709 650 1984 702 sententia

279 734 466 770 eorum
504 713 686 768 afferri
722 723 972 785 possunt,
1000 715 1095 784 qui
1130 716 1186 769 in
1223 716 1308 769 his
1346 716 1497 770 libris
1523 716 1591 770 de
1617 737 1727 770 uno
1754 721 1982 773 maxime

281 787 489 859 optimo
531 785 768 839 civitati-s
809 794 954 840 statu
979 785 1249 857 disputari
1279 796 1628 857 censuerunt,
1670 789 1776 841 alia
1804 791 1982 843 omnia

276 878 380 929 pro
418 855 758 930 secundariis
795 856 983 911 haberi
1020 859 1326 912 voluerunt.
1404 857 1560 925 Quae
1600 859 1820 929 quidem
1857 880 1980 915 sen-

275 931 448 982 tentia
500 946 673 998 nuper
738 928 899 982 etiam
950 948 1019 982 eo
1077 929 1201 1000 plus
1250 930 1464 982 roboris
1526 950 1594 984 ac
1655 932 1982 986 firmamenti

280 1008 441 1054 nacta
491 998 725 1067 videtur,
769 999 918 1069 quod
964 1000 1326 1073 Rettigius
1375 1001 1631 1073 l’rolegg.
1673 1003 1730 1055 in
1767 1003 1981 1058 Platon.

278 1071 565 1140 Rempubl.
619 1071 838 1125 Bernae
881 1073 1038 1126 1845.
1084 1074 1136 1127 8.
1186 1071 1346 1126 editis
1397 1074 1711 1127 acutissime
1761 1073 1982 1128 demon-

277 1143 473 1196 stravit
521 1142 625 1196 hac
673 1141 889 1196 demum
936 1144 1147 1197 ratione
1185 1143 1417 1214 probata
1461 1145 1626 1198 etiam
1665 1146 1846 1215 operis
1896 1165 1982 1199 ar·

276 1224 387 1268 tem
425 1221 481 1266 et
520 1214 974 1285 compositionem
1009 1215 1131 1268 fieri
1156 1215 1518 1285 perspicuam,
1536 1216 1981 1286 quandoquidem

276 1287 354 1338 ita
395 1285 612 1338 demum
649 1286 831 1338 omnia
867 1305 933 1339 ac
970 1286 1187 1358 singula
1222 1293 1347 1355 apte
1371 1286 1680 1358 disposita,
1716 1289 1856 1341 bene
1895 1308 1982 1341 or·

273 1356 488 1424 dinata,
538 1355 775 1425 denique
829 1376 930 1411 suo
982 1358 1104 1412 loco
1168 1356 1460 1410 collocata<
1493 1365 1653 1429 atque
1713 1359 1983 1429 explicata

272 1427 450 1480 videri
488 1426 741 1493 debeant.
819 1427 1096 1495 Quocirca
1132 1428 1291 1480 facile
1329 1427 1524 1497 aliquis
1559 1430 1831 1485 existimet
1868 1450 1982 1483 rem

276 1499 383 1552 iam
421 1517 644 1569 prorsus
683 1498 754 1551 ad
790 1499 1059 1568 liquidum
1079 1518 1204 1553 esse
1228 1498 1567 1569 perductam,
1609 1509 1669 1554 ut
1693 1500 1759 1553 de
1788 1501 1981 1554 ultimo

273 1570 454 1640 operis
507 1569 636 1623 fine,
664 1577 721 1625 et
771 1571 1000 1624 consilio
1050 1571 1226 1623 omnis
1286 1569 1354 1622 de
1417 1568 1595 1624 medio
1658 1572 1875 1625 sublata
1912 1572 1984 1626 sit

274 1640 562 1694 dubitatio.
611 1680 636 1688 ..
1384 1678 1387 1680 -
1628 1665 1632 1670 ’
1687 1666 1690 1670 ·
1971 1679 1973 1681 -

414 1712 625 1765 Verum
677 1713 821 1769 enim
867 1730 998 1765 vero
1051 1731 1217 1781 quum
1270 1711 1406 1764 haec
1457 1713 1640 1765 omnia
1690 1713 1980 1782 plurimum

274 1803 339 1837 eo
377 1783 627 1850 valeant,
678 1790 741 1835 ut
788 1783 846 1835 in
882 1783 1085 1836 Politia
1121 1783 1281 1836 nobis
1321 1781 1747 1852 persuadeamus
1786 1783 1980 1853 idpo-

270 1854 542 1917 tissimum
585 1853 719 1925 agi,
785 1860 844 1906 ut
902 1854 1078 1908 civilis
1136 1854 1457 1906 informetur
1515 1854 1778 1922 societaS,
1839 1873 1979 1924 quae

274 1945 437 1995 quam
486 1925 751 1978 maximae
789 1925 1142 1996 perfectionis
1178 1923 1395 1977 laudem
1444 1924 1674 1989 habeat3
1713 1932 1828 1977 tum
1879 1945 1980 1980 nec

272 2015 460 2050 eorum
505 1996 745 2050 rationes
798 2003 852 2049 et
899 2002 1220 2068 argumenta
1279 2015 1380 2066 pro
1428 1995 1644 2049 levibus
1697 1995 1979 2050 ducendae

271 2074 429 2135 sunt,
482 2068 576 2137 qui
626 2068 954 2121 contrariam
1007 2067 1369 2121 defenderunt
1422 2067 1749 2120 sententiam
1796 2087 1860 2121 ac
1910 2068 1977 2121 de

273 2158 383 2192 una
431 2139 726 2210 praecipue
792 2139 1004 2194 iustitia
1072 2138 1471 2208 quaestionem'
1494 2139 1798 2192 institutam
1858 2158 1977 2192 esse

272 2209 671 2264 iudicaverunt.
746 2210 1170 2267 Primumenim
1207 2209 1286 2261 illi
1322 2209 1652 2281 principium
1691 2210 1976 2264 universae

272 2280 658 2352 disputationis
710 2302 821 2335 non
876 2301 908 2334 a
943 2282 1242 2351 republica,
1283 2280 1379 2333 sed
1418 2281 1694 2335 a÷iustitia
1730 2281 1857 2334 duci
1896 2281 1976 2334 di-

272 2353 507 2422 ligenter
562 2353 771 2407 attendi
806 2354 1012 2406 iubent.
1087 2351 1307 2405 Deinde
1346 2351 1626 2406 Socratem
1667 2353 1816 2405 aiunt
1852 2353 1974 2406 libr.

272 2424 348 2476 ΙΙ.
388 2444 443 2493 p.
484 2426 604 2479 368.
644 2422 706 2477 C.
756 2424 916 2477 claris
965 2424 1146 2477 verbis
1186 2422 1501 2491 ostendere,
1553 2423 1691 2476 vell'e
1730 2443 1806 2491 se,
1850 2424 1978 2492 quia

272 2496 516 2549 iustitiae
555 2504 750 2549 natura
789 2495 1067 2549 difficilius
1108 2496 1312 2554 inuno
1340 2494 1556 2547 homine
1593 2503 1974 2566 cognoscatur,

274 2566 511 2620 condere
550 2569 847 2636 civitatem,
886 2567 942 2619 in
982 2585 1089 2636 qua
1126 2566 1434 2640 expressior
1470 2565 1738 2635 quaedam
1776 2573 1830 2619 et
1862 2565 1975 2618 evi·-

273 2636 488 2693 dentior
527 2639 688 2693 huius
726 2639 945 2693 virtutis
982 2639 1164 2708 imago
1204 2646 1472 2692 cernatur.
1547 2637 1635 2690 Ex
1671 2656 1780 2705 quo
1806 2655 1974 2706 appa-

270 2729 390 2762 rere
427 2711 638 2778 volunt,
682 2709 950 2780 quidquid
989 2708 1186 2762 deinde
1225 2709 1292 2761 de
1329 2708 1609 2779 republica
1632 2706 1973 2777 disputetur,

271 2780 628 2835 illustrandae
676 2783 921 2836 iustitiae
972 2799 1139 2835 causa-
1187 2780 1447 2850 explicari
1479 2797 1544 2832 ac
1568 2778 1750 2831 -veluti
1787 2796 1973 2831 acces-

272 2851 478 2905 sionem
518 2853 788 2920 quandam
828 2873 946 2907 esse
985 2860 1041 2906 et
1078 2851 1436 2923 appendicem
1475 2868 1690 2917 eorum,
1730 2868 1869 2918 quae
1907 2849 1974 2902 de

271 2922 473 2975 virtute
535 2922 886 2977 disserantur.
996 2924 1103 2977 His
1164 2923 1384 2975 tertium
1446 2920 1524 2972 rei
1597 2927 1974 2991 argumentum

273 2992 556 3048 adiiciunt.
622 2994 878 3049 Socrates
930 3000 1101 3063 enim,
1138 2993 1420 3063 inquiunt,
1459 2991 1663 3059 sicubi,
1720 2998 1783 3044 ut
1817 2991 1882 3043 fit
1918 2991 1974 3043 in

274 3064 635 3134 disputandO,
689 3086 720 3118 a
759 3068 1078 3134 quaestione
1115 3063 1182 3118 de
1218 3064 1425 3117 iustitia
1462 3071 1721 3131 suscepta
1753 3062 1972 3133 longius

272 3134 523 3203 deflexit,
577 3136 648 3188 ad
697 3156 815 3189 eam
862 3136 1079 3190 rediens
1129 3136 1205 3189 ait
1255 3155 1311 3189 se
1363 3135 1541 3187 redire
1580 3134 1648 3186 ad
1687 3133 1778 3200 id,
1820 3133 1972 3186 cuius

272 3225 437 3262 causa
478 3207 732 3260 instituta
769 3208 841 3260 sit
875 3207 1210 3276 disputatio,
1263 3207 1411 3259 velut
1455 3207 1577 3259 libr.
1619 3205 1720 3258 IV.
1759 3225 1812 3274 p.
1850 3207 1971 3257 434.

271 3278 320 3330 E
388 3280 456 3332 V.
510 3299 562 3349 p.
614 3281 735 3334 471.
787 3279 852 3332 B.
906 3276 969 3331 C.
1024 3279 1094 3330 l).
1182 3279 1285 3330 His
1338 3278 1586 3330 omnibus
1636 3295 1765 3328 vero
1814 3275 1973 3328 etiam

271 3349 404 3403 illud
454 3349 694 3416 addunt,
749 3347 895 3420 quod
946 3357 1092 3402 totus
1145 3368 1321 3401 sermo
1372 3350 1446 3401 ita
1498 3347 1872 3413 concluditur,
1913 3354 1971 3398 ut
