2072 3730
256 163 359 213 412

860 156 1370 211 PLATONIS‘

258 310 633 376 διαλέγεσθαι,
680 301 769 359 διὰ
816 303 895 360 τὸ·
924 301 997 374 μὴ
1034 303 1324 359 δύνασθαι
1364 302 1487 358 κατ’
1542 305 1658 372 εἴδη
1702 305 1947 374 διαιρού-

258 411 411 462 μενοι
457 388 521 445 τὸ
569 387 867 460 λεγόμενον
907 395 1249 452 ἐπισκοπεῖν,
1308 388 1454 442 ἀλλα
1495 389 1628 446 ’κατ’

1693 387 1835 444 αὐτὸ
1885 387 1946 442 τὸ

259 474 438 545 ὄνομα
491 473 713 529 διώκειν
762 475 861 528 τοῦ
921 476 1223 543 λεχθέντος
1266 471 1370 539 τὴν
1413 478 1756 539 ἐναντίωσιν,
1800 476 1951 546 ἔριδι,

261 559 328 615 οὐ
374 562 635 629 διαλέκτῳ
680 555 821 628 πρὸς
859 555 1135 623 ἀλλήλους
1178 557 1468 629 χρώμενοι.
1510 554 1533 574 ''

260 651 393 717 ἔφη,
441 640 848 714 afflinem-uim
891 644 1060 697 τοῦτο
1106 639 1168 696 τὸ
1215 642 1445 705 πάθος·

246 728 402 798 ’πρὸς
449 726 595 793 ἡμᾶς
639 729 809 781 τοῦτο
854 731 1012 780 τείνει
1058 734 1115 779 ὲν
1157 728 1235 795 τῷ
1282 725 1553 798 παρόντι;

1537 561 1668 611 Ean
1711 556 1818 627 γὰρ
1866 556 1951 622 δή,

1500 640 1645 696 ἀλλά
1701 645 1821 709 μῶν
1863 644 1955 696 καὶ

1614 724 1956 780 Παντάπασι

263 817 364 882 μὲν
409 804 542 877 οὖν,
589 803 658 878 ἦν
698 810 747 865 δ’
799 810 930 879 ἐγώ·
977 811 1366 879 κινδυνεύομεν
1407 814 1544 880 γοῦν
1587 808 1814 874 ἄκοντες
1855 809 1955 864 ἀν-

263 901 506 966 τιλογίας
547 894 857 950 ἅπτεσθαι.

950 888 1109 958 ΙΙιῙῖςς

1178 893 1255 950 'Po
1299 893 1374 964 μὴ
1423 893 1522 962 τὴν
1564 894 1744 961 αὐτὴν
1779 894 1959 970 Δφύσιν

259 982 346 1037 ὅτι
394 980 461 1036 οὐ
506 984 615 1035 τῶν
657 979 844 1034 αὐτῶν
890 982 970 1033 δεῖ
994 978 1440 1050 ἐπιτηδευμάτων
1476 980 1768 1050 τυγχάνειν
1809 978 1960 1034 πάνυ

262 1067 527 1136 ἀνδρείως
571 1086 628 1120 τε
674 1067 767 1119 καὶ
809 1066 1093 1133 ἐριστικῶς
1146 1063 1289 1118 κατὰ
1338 1065 1399 1118 τὸ
1445 1060 1958 1134 ὄνομα-διώκομεν,

265 1151 703 1224 ἐπεσκεψάμεθα
750 1151 807 1202 δὲ
851 1147 970 1203 οὐδ’
1028 1146 1273 1224 ὁπῃοῦν,
1314 1153 1367 1203 τί
1410 1148 1552 1213 εἶδος
1597 1147 1661 1203 τὸ
1709 1151 1810 1215 τῆς
1846 1153 1961 1202 ’ἑτέ-

265 1258 368 1306 ρας
423 1257 480 1289 τε
544 1238 634 1288 καὶ
697 1236 796 1299 τῆς
851 1233 1028 1299 αὐτῆς

1086 1234 1299 1309 φύσεως
1352 1237 1443 1287 καὶ
1499 1232 1639 1303 πρὸς
1683 1239 1735 1286 τί
1779 1242 1962 1287 τεῖνον

267 1318 591 1387 ὡριζόμεθα
651 1316 809 1380 τότε,
865 1315 958 1370 ὅτε
1018 1314 1086 1370 τὰ
1146 1317 1552 1387 ἐπιτηδεύματα
1615 1316 1755 1393 ἄλλῃ
1799 1314 1964 1391 φύσει

267 1402 438 1467 ἄλλα,
493 1405 558 1479 τῇ
615 1405 670 1455 δὲ
729 1399 871 1475 αὐτῇ
936 1399 1003 1454 τὰ
1057 1398 1204 1455 αὐτὰ
1269 1400 1617 1471 ἀπεδίδομεν.

265 1482 392 1550 οὖν,
424 1491 572 1563 -ἕφη,
615 1486 1071 1559 ἐπεσκεψάμεθα.

1723 1401 1801 1456 Οὐ
1858 1399 1963 1471 γὰρ

1163 1488 1492 1557 Τοιγάρτοι,
1536 1485 1720 1550 εἶπον,
1765 1486 1966 1552 ἔξεστιν

269 1571 426 1640 ἡμῖν,
473 1570 546 1636 ὡς
587 1574 791 1633 ἔοικεν,
838 1569 1126 1641 ἀνερωτᾶν
1171 1569 1321 1640 ἡμᾶς
1361 1569 1595 1635 αὐτούς,
1651 1576 1697 1625 εἰ
1740 1568 1773 1637 ἡ
1819 1569 1965 1636 αὐτὴ

266 1657 434 1731 φύσις
493 1657 799 1727 φαλακρῶν
852 1659 942 1708 καὶ
1003 1658 1261 1725 κομητῶν
1315 1659 1408 1710 καὶ
1469 1655 1573 1726 οὐχ
1633 1652 1681 1721 ἡ
1723 1658 1967 1718 ἐναντία,

269 1748 359 1797 καὶ
421 1739 643 1796 ὲπειόἀν
697 1738 1054 1811 ὁμολογῶμεν
1098 1744 1359 1795 ἐναντίαν
1405 1739 1567 1803 εἶναι,
1624 1736 1723 1794 ἐὰν
1785 1743 1968 1814 φαλα-

388 1964 440 2004 Ρ.
474 1962 573 2006 454.
614 1962 662 2003 Β.
721 1961 791 2003 Τὸ
823 1961 885 2017 μὴ
923 1961 1014 2016 τὴν
1045 1960 1212 2016 ου’τὴν
1244 1962 1319 2016 φ.]
1352 1958 1407 2014 μή
1439 1963 1561 2003 deest
1594 1963 1638 2002 in
1672 1962 1772 2003 Par,
1806 1964 1968 2003 ADK.

274 2024 375 2062 Vat.
414 2019 462 2064 Θ.
496 2023 590 2061 -N'en
637 2021 700 2060 II.
736 2022 866 2062 Vind.
897 2023 1021 2062 Mon.
1058 2026 1176 2074 Ang.
1211 2023 1309 2062 Vat.
1340 2035 1396 2063 m.
1428 2033 1463 2062 r.
1506 2027 1549 2060 et
1578 2033 1656 2061 sex
1685 2022 1971 2069 Florentinis,

274 2081 425 2120 Galen.

487 2078 575 2120 Sed
617 2085 734 2119 recte
774 2081 882 2119 illud
919 2087 1067 2120 servat
1120 2081 1224 2120 ven.
1271 2079 1318 2123 Ξ.
1359 2092 1455 2118 cum
1495 2086 1598 2118 vett.
1642 2080 1765 2119 editt.
1808 2079 1971 2124 Baiter.

274 2141 389 2179 coni.
433 2134 480 2177 τὸ
514 2133 590 2188 τὴν
620 2133 747 2189 ἄλλην
786 2139 886 2177 coll.
916 2151 943 2190 p
988 2138 1088 2181 453.
1122 2139 1174 2180 E.
1206 2139 1342 2190 idque
1369 2138 1536 2189 recepit
1568 2137 1716 2178 Herm.
1750 2151 1790 2177 v.
1823 2145 1972 2179 annot.

390 2196 445 2236 Ι).
490 2192 563 2235 ,τὸ
609 2192 748 2246 πρὸς
792 2191 925 2235 αὐτὰ
957 2199 1136 2236 τεῖνον
1167 2191 1221 2235 τὸ
1254 2193 1487 2248 ἑπιτηδ.]
1527 2195 1732 2246 Plerique
1764 2197 1892 2236 codd.
1926 2194 1974 2236 τὰ

275 2266 317 2293 π.
351 2248 460 2294 αυτὰ
490 2254 630 2294 tecvm
635 2266 683 2292 τα
708 2251 1028 2306 ἐπιτηδεύματα.
1088 2255 1252 2295 Verum
1283 2258 1515 2294 servarunt
1545 2253 1628 2293 soli
1653 2253 1773 2296 Mon
1794 2260 1838 2294 et
1856 2255 1975 2296 Flor.

267 2311 332 2363 .β.,
363 2317 413 2351 ut
440 2311 543 2351 hinc
571 2325 746 2363 quoque
777 2313 945 2352 eluceat
972 2313 1126 2353 horum
1158 2313 1372 2352 librorum
1405 2312 1543 2351 virtus
1576 2317 1619 2351 et
1649 2313 1932 2364 praestantia.

392 2365 579 2422 ἰατρὸν
618 2369 706 2408 και
747 2366 995 2422 ἰατρικὸν
1019 2372 1114 2424 ——]
1161 2372 1309 2422 Vuigo
1357 2366 1549 2421 ἰατρικὸν
1578 2370 1647 2409 καὶ
1678 2367 1870 2423 ιατρικὴν
1901 2368 1978 2424 τὴν

277 2425 419 2481 ψυχὴν
449 2428 610 2478 ἔχοντα.

278 2604 363 2642 lem
409 2614 536 2641 usum
583 2600 718 2640 habes
787 2601 994 2653 Sympos„
1047 2615 1090 2654 p.

279 2659 392 2704 203-
412 2659 470 2701 A.

339 2718 391 2757 P.
422 2715 523 2760 454.
567 2710 679 2755 κατ’
713 2711 843 2756 αὐτὸ
876 2714 932 2757 τὸ
967 2714 1086 2756 ὅνο-

282 2789 348 2826 μτι
380 2776 462 2828 —]
511 2775 552 2814 h.
594 2788 630 2816 e.
689 2777 815 2815 unice
857 2775 904 2815 in
943 2775 1089 2815 verbis

281 2836 514 2883 haerentes
551 2840 880 2884 persequuntur
915 2840 1088 2874 cuntra-

284 2894 396 2932 rium
447 2892 541 2931 eius
561 2921 572 2940 ,
625 2892 746 2941 quod
797 2893 960 2932 dictum
1007 2897 1088 2932 est.

283 2949 481 3001 Sophist
528 2961 570 3000 p
607 2948 706 2990 218.
752 2949 814 2989 Cz
858 2947 922 2988 δεῖ
950 2947 996 2988 δὲ
1026 2944 1090 2988 αἐὶ

286 3004 448 3047 παντὸς
499 3006 594 3058 περὶ
643 3002 690 3045 τὸ
754 3008 924 3060 πρᾶγμα
983 3021 1035 3047 αι
1043 3022 1090 3047 το

285 3066 442 3114 μᾶλλον
473 3060 541 3103 διὰ
573 3060 716 3117 λόγων
747 3061 773 3118 ἢ
798 3063 988 3114 τοῦνομα
1011 3063 1088 3116 μό-

287 3137 366 3162 νον
397 3122 806 3175 συνωμολογῆσθαι.

348 3180 398 3219 Β.
490 3178 894 3232 κινδυνεύομεν
957 3182 1092 3235 γοῦν

288 3234 526 3278 ἄκοντες
561 3240 644 3288 ·--]
690 3240 737 3281 ln
767 3241 888 3293 ipsos
921 3253 1093 3293 quoque

287 3296 445 3336 cadere
476 3294 603 3345 dicit,
643 3298 762 3347 quod
791 3299 950 3339 multos
982 3299 1094 3337 iudi-

288 3354 454 3395 caverit
496 3353 798 3405 imprudentes
826 3363 920 3396 arte
951 3357 1095 3396 eristi-

289 3426 340 3452 ca
385 3410 535 3466 potius
596 3425 724 3463 quam
774 3415 1005 3455 dialectica
1050 3415 1094 3453 in

677 2427 764 2468 Pro
809 2425 1002 2481 ἰατρικὴν
1038 2429 1160 2469 Flor.
1195 2428 1238 2480 β.
1279 2429 1403 2468 Mon.
1435 2425 1640 2481 ἰατρικόν.
1701 2428 1797 2469 Pro
1830 2429 1977 2481 ἔχοντα

1175 2602 1446 2653 disputando
1494 2603 1573 2641 uti.
1656 2601 1810 2655 Neque
1865 2605 1977 2644 enim

1174 2660 1287 2699 iilud
1327 2661 1413 2699 iam
1447 2660 1501 2699 ab
1530 2660 1638 2711 ipsis
1669 2673 1765 2700 esse
1795 2662 1975 2702 investi-

1174 2724 1346 2769 gatum,
1376 2730 1604 2768 vquaenam
1653 2731 1768 2758 nunc
1817 2719 1978 2760 iutelli-

1174 2782 1305 2828 gatur
1335 2776 1606 2815 diversitatis
1631 2776 1747 2816 inter
1774 2778 1898 2818 viros
1926 2792 1978 2818 ac

1174 2835 1379 2874 mulieres
1405 2833 1566 2873 'forma
1613 2845 1665 2873 ac
1715 2836 1883 2885 species
1937 2842 1980 2875 et

1175 2904 1382 2939 quorsum
1417 2904 1468 2930 ea
1499 2896 1690 2943 spe‹·tet;
1723 2893 1800 2932 sed
1831 2895 1978 2945 negle—

1176 2956 1245 2989 cta
1285 2950 1351 2989 rei
1399 2949 1656 2988 definitione
1707 2953 1981 2991 accuratiore

1175 3020 1264 3047 non
1295 3007 1379 3046 nisi
1414 3003 1516 3045 κατὰ
1548 3003 1595 3046 τὸ
1630 3003 1767 3056 ὄνομα
1797 3021 1892 3049 esse
1915 3011 1978 3049 di-

1174 3070 1429 3116 sceptatum
1475 3065 1627 3117 Itaque
1663 3060 1689 3103 ἀ
1704 3080 1754 3104 vt
1769 3080 1780 3104 ι
1792 3066 1812 3104 λ
1824 3081 1848 3106 ο
1861 3081 1887 3119 γ
1898 3068 1949 3106 ιά
1961 3078 1981 3105 ς

1177 3120 1450 3163 ἅπτεσθαι
1489 3135 1605 3163 nunc
1645 3131 1712 3164 est
1751 3125 1978 3177 ingredi

1177 3196 1215 3222 s.⁴
1282 3181 1537 3220 incidere
1607 3182 1652 3221 in
1721 3181 1978 3236 ᾁντιλογίαν,

1179 3239 1545 3292 quemadmodum
1564 3235 1776 3280 ἅπτεσθαι
1799 3242 1878 3281 τοῦ
1908 3239 1977 3280 λό-

1179 3310 1263 3350 γου
1294 3302 1360 3335 est
1398 3295 1703 3338 sermonem
1738 3301 1977 3351 ingredi,

1179 3368 1249 3406 ap.
1281 3354 1534 3407 Xenoph.
1568 3358 1716 3408 Symp.
1753 3358 1824 3404 ΙΙΙ,
1843 3359 1882 3400 2.
1916 3364 1979 3398 at-

1182 3426 1267 3464 que
1306 3413 1424 3455 alibi.
1491 3414 1696 3455 Proxima
1738 3417 1894 3468 iungas
1935 3417 1979 3455 in
