2098 3658
279 146 342 196 18

274 281 400 351 plus
438 280 618 333 valeat
655 297 818 347 quam
853 277 1116 332 iniustitia
1152 279 1399 351 adeoque
1437 279 1508 332 ad
1545 297 1664 332 eam
1700 278 1862 348 plane
1899 278 1972 331 sit

273 351 598 406 necessaria.
628 349 692 402 P.
722 351 846 403 352.
883 350 1136 403 D—354.
1175 354 1245 405 A.
1282 383 1351 390 ——
1386 351 1490 404 His
1532 369 1663 403 vero
1703 348 1969 419 expositis

273 422 552 489 Socrates,
592 439 754 490 quem
791 420 1234 492 Thrasymachus
1273 422 1421 476 hisce
1470 440 1777 475 sermonum
1815 419 1970 490 dapi-

273 495 377 546 bus
414 493 470 544 in
510 492 663 546 festis
678 490 963 546 Bendidiis
993 511 1122 563 prae
1150 493 1482 566 aegrimonia
1505 493 1642 545 bene
1665 491 1773 543 frui
1795 490 1966 558 iubet,

272 565 330 616 in
383 570 538 616 tanta
593 561 912 632 disputandi
958 565 1182 617 materia
1236 565 1313 617 ait
1351 564 1453 618 sibi
1495 562 1641 616 idem
1680 560 1967 628 accidisse,

275 633 423 704 quod
463 634 520 687 in
556 634 732 705 epulis
771 633 1079 688 hominibus
1119 636 1327 707 gulosis
1370 633 1620 688 accidere
1659 633 1867 700 soleat,
1909 639 1969 684 ut

274 705 491 777 singula
541 705 702 774 quasi
752 706 959 759 fercula
1007 708 1271 761 sermonis
1323 704 1715 778 praeripuerit,
1768 721 1970 757 coenae

257 784 441 847 ‚caput
476 776 796 848 neglexerit,
812 776 1273 847 quandoquidem,
1291 785 1579 846 antequam
1610 773 1742 845 quid
1763 774 1972 827 iustitia

272 855 419 902 esset
466 847 862 918 exploraretur,
900 849 1235 918 quaesiverit
1268 849 1474 920 potiuS,
1517 867 1645 900 num
1684 854 1831 899 esset
1866 845 1971 899 sci-

272 919 420 972 entia
469 937 533 972 ac
570 919 841 989 sapientia
879 927 934 972 et
969 920 1141 974 virtus
1171 919 1415 990 quidque
1438 919 1666 972 haberet
1698 915 1970 971 commodi

273 997 330 1043 et
378 989 649 1044 utilitatis.
720 990 995 1046 Nimirum
1048 991 1154 1046 isto
1201 991 1365 1045 modo
1423 989 1700 1062 significat
1750 1007 1852 1041 nec
1901 986 1970 1040 de

271 1061 513 1115 iustitiae
551 1061 605 1115 vi
644 1067 700 1113 et
735 1071 929 1117 natura
966 1081 1068 1116 nec
1106 1062 1174 1115 de
1213 1063 1329 1116 eius
1366 1060 1703 1134 praestantia
1732 1067 1787 1112 et
1823 1058 1971 1112 utili-

271 1140 387 1186 tate
427 1131 727 1202 quidquam
765 1152 887 1187 esse
924 1141 1075 1186 certo
1116 1133 1417 1187 definitum.
1491 1130 1659 1186 Unde
1698 1131 1779 1183 sic
1815 1129 1971 1183 insti-

270 1211 450 1257 tutum
499 1211 621 1272 est,
673 1211 736 1256 ut
789 1204 896 1258 ista
946 1206 1128 1261 omnia
1175 1206 1295 1259 aliis
1346 1203 1562 1256 demum
1612 1201 1971 1272 Reipublicae

270 1274 411 1328 locis
451 1274 821 1341 lucemwuam
859 1275 1151 1346 accipiant.
1192 1278 1256 1330 P.
1298 1278 1418 1328 354.
1463 1271 1656 1327 A—C.

414 1348 604 1414 Atque
640 1345 776 1400 haec
814 1345 1036 1414 quidem
1075 1346 1378 1418 disputatio
1408 1343 1655 1400 Socratis
1693 1362 1758 1396 ac
1796 1342 1972 1396 Thra·

270 1416 516 1488 symachi
567 1423 665 1470 est.
742 1416 902 1483 Quae
939 1417 1035 1470 ubi
1075 1419 1385 1487 quaerimus
1426 1435 1684 1486 quorsum
1723 1421 1972 1484 spectare

269 1486 633 1541 existimanda
667 1488 756 1557 sit,
780 1487 926 1541 idem
962 1489 1076 1541 fere
1111 1487 1465 1542 iudicandum
1491 1494 1592 1554 est,
1621 1485 1769 1555 quod
1808 1504 1974 1556 supra

268 1557 631 1617 iudicavimus
657 1558 724 1611 de
749 1558 1128 1630 disputatione
1161 1579 1285 1615 cum
1310 1557 1670 1625 Polemarcho
1702 1557 1972 1610 instituta.

271 1628 603 1698 Quanquam
641 1629 718 1682 ibi
755 1637 1038 1701 spectatur
1073 1632 1258 1700 potius
1298 1629 1368 1683 ad
1410 1629 1777 1700 cognitionem
1817 1627 1975 1680 iusti-

269 1701 396 1769 tiae,
435 1719 602 1769 quum
641 1700 730 1755 hic
766 1701 995 1754 maxime
1035 1701 1104 1755 ad
1144 1701 1387 1756 eiusdem
1425 1701 1696 1754 actionem
1735 1707 1791 1752 et
1826 1699 1974 1752 utili-

267 1779 436 1827 tatem
473 1771 815 1841 respiciatur.
887 1773 1108 1829 Etenim
1134 1773 1413 1827 luculenta
1441 1791 1572 1825 sane
1603 1771 1973 1842 disputatione

269 1841 706 1911 demonstratur,
759 1862 923 1913 quam
983 1845 1255 1912 incertae,
1310 1863 1474 1912 quam
1534 1842 1742 1910 fluxae,
1809 1861 1974 1911 quam

267 1913 575 1980 instabiles,
605 1933 767 1983 quam
793 1915 1129 1985 perniciosae
1155 1916 1390 1984 denique
1425 1915 1535 1968 sint
1572 1933 1757 1966 eorum
1797 1913 1973 1984 opini-

269 2003 433 2053 ones,
473 1984 570 2054 qui
607 1985 976 2055 sophistarum
1024 1987 1198 2041 instar
1250 1986 1512 2040 iustitiam
1561 1984 1634 2037 ad
1681 1984 1973 2038 utilitatem

265 2056 523 2109 referant.
599 2054 768 2123 Quod
808 2055 1027 2126 quidem
1065 2077 1130 2113 eo
1165 2057 1329 2111 modo
1368 2057 1669 2128 peragitur,
1704 2063 1767 2109 ut
1805 2074 1974 2126 quum

265 2126 507 2198 ipsarum
559 2126 774 2180 illarum
831 2128 1149 2199 opinionum
1209 2129 1432 2197 levitas,
1495 2136 1614 2181 tum
1674 2127 1975 2198 sophistica

265 2198 686 2270 argumentandi
739 2200 953 2253 vanitas
1004 2200 1062 2254 in
1109 2200 1336 2254 clariore
1373 2200 1496 2253 luce
1534 2207 1770 2270 ponatur
1807 2206 1973 2268 atque

264 2288 377 2322 una
396 2268 695 2339 eademque
721 2289 890 2340 opera
907 2270 1067 2324 etiam
1086 2291 1247 2325 verae
1273 2271 1497 2325 rationis
1523 2278 1784 2339 tanquam
1812 2270 1973 2322 semi-

264 2340 426 2394 nibus
464 2341 668 2411 sparsis
707 2340 1059 2412 ostendatur,
1100 2350 1364 2412 quantum
1419 2341 1631 2396 iustitia
1668 2341 1971 2394 iniustitiae

265 2412 470 2464 virtute
518 2431 583 2465 ac
636 2413 973 2482 praestantia
1022 2433 1122 2467 sua
1160 2414 1469 2468 antecellat.
1545 2411 1712 2480 Quod
1752 2411 1972 2482 quidem

265 2501 425 2536 nemo
463 2491 547 2535 est
585 2483 717 2552 quin
754 2482 944 2537 videat
975 2503 1139 2554 quam
1178 2486 1345 2539 fuerit
1371 2483 1761 2552 necessarium,
1793 2483 1971 2555 prius-

267 2573 430 2623 quam
472 2553 542 2607 ad
581 2555 860 2624 perfectae
893 2555 1136 2610 iustitiae
1174 2557 1414 2627 speciem
1451 2564 1508 2610 et
1543 2555 1837 2627 imaginem
1874 2553 1971 2608 ad-

264 2624 620 2679 umbrandam
658 2625 1031 2682 accederetur.
