2098 3658
163 679 211 728 Β

269 194 372 242 240
877 188 1345 244 PLATONIS

268 358 410 392 σκων
437 338 529 389 καὶ
565 334 838 397 ἀπαιτῶν,
875 338 922 389 εἴ
950 358 997 390 τι
1027 337 1247 392 πώποτε
1280 335 1309 405 ἢ
1345 345 1403 391 ὲν
1426 339 1576 391 ναῶν
1604 337 1959 408 οὶκοὸομήσε·

269 441 355 475 σιν
402 419 433 484 ἢ
480 427 538 473 ἐν
582 421 742 486 ἱερῶν
788 424 1020 485 θυσίαις
1062 428 1449 493 κεχαρισμένον
1493 423 1838 493 δωρήσαιτο·
1882 418 1959 476 ὧν

266 502 332 571 δὴ
370 501 536 575 χάριν
582 503 873 573 κατεύχετο
932 516 1080 560 τῖσαι
1144 505 1274 569 τοὺς
1315 503 1575 578 Ἀχαιοὺς
1631 506 1702 560 τά
1765 504 1802 560 ἃ
1862 508 1960 562 50?-

263 610 404 660 κρυα
463 598 580 687 τοῖς
635 592 840 642 ἐκείνου
905 592 1130 659 βέλεσιν.
1194 588 1400 656 οὕτως,
1466 582 1536 657 ἦν
1597 591 1650 645 δ’
1691 591 1845 658 .ὲγω’,
1916 583 1956 646 ὦ

267 679 463 742 ἑταῖρε,
499 669 632 726 ἄνευ
678 692 954 741 μιμησεως
997 672 1146 741 ἁπλῆ
1195 674 1442 742 ὃιηγησις
1482 681 1743 744 γίγνεται.
1793 680 1962 731 Μαν-

263 756 450 819 θάνω,
495 760 621 831 ἔφη.
670 753 811 855 Cap.
863 754 991 811 VII.
1040 757 1334 814 Μάνθανε
1371 764 1579 829 τοίνυν,
1629 751 1700 826 ἦν
1744 758 1786 815 δ’
1841 760 1961 829 ἐγώ,

263 840 353 896 ὅτι
416 840 624 907 ταύτης
679 861 751 894 av
810 847 1097 897 ἐναντία
1080 849 1349 942 γίγνεται,
1414 842 1557 899 ὅταν
1615 865 1697 908 τις
1743 867 1812 899 τα
1859 849 1961 900 τοῦ

262 928 500 991 ποιητοῦ
547 946 616 979 τα
663 923 870 995 μεταξὺ
919 930 1038 981 τῶν
1081 925 1296 1001 ρήσεων
1323 930 1556 999 ἐξαιρῶν
1589 951 1657 982 τα
1688 928 1962 1001 αμοιβαῖα

261 1015 582 1086 καταλείπῃ.
671 1013 787 1065 Καὶ
833 1014 1025 1075 τοῦτο,
1054 1018 1192 1085 ἔφη,
1240 1011 1558 1083 μανθάνω,
1602 1012 1691 1068 ὅτι
1737 1018 1850 1068 ἐστὶ
1900 1012 1961 1068 τὸ

259 1099 384 1167 περὶ
427 1117 531 1159 τας
572 1098 882 1164 τρα7ῳδίας
928 1100 1205 1156 τοιοῦτον
1249 1097 1590 1168 ’Officium-a,
1634 1102 1790 1171 ἔφην,
1834 1098 1963 1154 ὑπὲ-

261 1182 441 1250 λαβες,
471 1196 579 1234 και
624 1179 780 1247 οἶμαί
825 1200 913 1235 σοι
955 1180 1060 1248 ἤδη
1107 1184 1314 1248 δηλοῦν
1379 1206 1409 1238 ο
1474 1186 1801 1252 ἔμπροσθεν
1864 1180 1964 1252 οὐχ

261 1264 380 1329 οἶός
422 1263 473 1319 τ’
529 1287 587 1331 η,
636 1260 725 1318 ὅτι
769 1267 870 1330 τῆς
929 1263 1204 1332 ποιήσεώς
1256 1288 1314 1322 τε
1370 1289 1461 1321 και
1518 1270 1874 1363 μυθολογίας
1927 1265 1962 1332 ἡ

259 1353 360 1420 μὲν
407 1346 499 1404 διὰ
545 1346 818 1420 μιμήσεως
861 1346 965 1416 ὅλη
1019 1355 1197 1415 ἐστίν,
1266 1349 1444 1424 ὥςπερ
1488 1349 1554 1406 σὺ
1601 1355 1784 1419 λὲγεις,
1829 1373 1986 1422 τρια-μ

258 1437 434 1504 γῳὸία
478 1454 535 1487 τε
580 1435 673 1486 καὶ
716 1436 1004 1503 κωμῳδία,
1061 1432 1093 1500 ἡ
1151 1438 1208 1489 δὲ
1263 1435 1324 1489 δι’
1390 1434 1732 1503 ἀπαγγελίας
1785 1435 1965 1490 αὐτοῦ

256 1522 357 1574 τοῦ
405 1520 646 1584 ποιητοῦ
677 1549 754 1557 —-
801 1514 986 1587 εὕροις
1028 1518 1068 1573 δ’
1119 1515 1192 1574 ἂν
1233 1516 1414 1587 αὐτὴν
1462 1518 1705 1591 μάλιστα
1751 1542 1862 1576 που
1905 1526 1964 1574 ὲν

256 1649 302 1684 ut
334 1642 589 1697 pronomine
625 1654 734 1695 opus
772 1643 843 1683 sit.
875 1640 1072 1682 Ficinus·
1123 1656 1314 1697 seque,
1349 1649 1404 1685 ut
1436 1645 1625 1686 salvus
1658 1643 1812 1686 abire
1844 1657 1944 1698 pos

260 1708 370 1751 set,
402 1713 503 1741 non
536 1700 782 1743 irritare.

370 1759 422 1800 P,
453 1758 552 1801 394
587 1755 612 1808 ἢ
644 1759 697 1797 ἐν
732 1762 865 1797 ναῶν
896 1756 1357 1826 οἰκοδομήσεσιν]
1395 1762 1488 1801 Par.
1524 1758 1577 1803 K.
1610 1758 1730 1800 Mon.
1761 1758 1879 1804 Flor.
1909 1759 1962 1814 β’.

258 1815 620 1870 οἰκοδομήμασιν.
653 1817 752 1856 Ast.
782 1816 892 1858 coni.
923 1813 1191 1869 κοσμήσεσιν.

370 1874 444 1915 τὰ
462 1872 490 1914 ἃ
522 1872 762 1929 δάκρυα]
804 1870 833 1913 δι’
867 1886 954 1915 om.
988 1875 1138 1927 Augei.
1178 1875 1281 1915 Vat.
1313 1887 1369 1917 m.
1402 1885 1437 1914 r.
1468 1872 1602 1914 Vind.
1643 1872 1691 1913 Φ,
1727 1887 1766 1915 v.
1798 1887 1896 1916 ann.
1977 1904 1979 1909 «

373 1934 479 1986 Cap.
524 1932 611 1972 Vll
685 1931 734 1974 Β.
774 1932 858 1975 ἐξα
877 1945 1001 1985 ιοων
1039 1949 1077 1975 τ.
1115 1930 1198 1984 ἅμ..
1240 1931 1556 1982 καταλείπῃ.
1617 1931 1672 1974 V.
1715 1931 1891 1986 ἐξαίρων
1920 1939 1963 1973 et

253 1992 481 2048 καταλίπῃ.
541 1988 649 2031 lllud
682 1989 735 2030 de
766 1990 1014 2031 coniectura
1046 1990 1230 2032 mutavit
1262 1992 1382 2041 Ast„
1418 1990 1715 2030 consentiente
1736 1995 1963 2041 praestan·

258 2050 431 2091 tissimo
465 2048 574 2090 libro
608 2047 735 2087 Paris.
772 2049 829 2088 A.
865 2051 909 2089 et
942 2047 1084 2088 Mon:
1126 2047 1209 2089 hoc
1241 2060 1294 2089 ex
1325 2047 1425 2091 Par
1456 2046 1557 2090 ΑΚ.
1594 2047 1686 2090 Vat.
1725 2045 1773 2091 Θ.
1787 2060 1821 2089 ι·.
1856 2047 1960 2090 Ven.

255 2103 707 2157 11.Mon.F10r.(3.
745 2110 971 2150 mutatum,
1007 2106 1224 2147 Praesens
1255 2106 1321 2147 vel
1352 2107 1550 2160 ἐξαιρῶν,
1592 2105 1831 2157 praesentis
1863 2118 1959 2159 par·

253 2166 464 2218 ticipium,
496 2175 591 2204 cum
625 2163 861 2219 untalaim]
892 2170 1013 2206 arcte
1046 2162 1282 2205 cohaerens
1313 2163 1441 2215 illud,
1472 2164 1689 2216 requirere
1719 2161 1957 2206 videbatur,

253 2222 472 2277 Reposuit
507 2222 635 2263 etiam
670 2221 811 2262 Bekk.

369 2279 467 2333 οὐχ
499 2275 619 2326 οιός
649 2277 692 2318 τ’
730 2272 784 2332 ἦ]
821 2279 947 2320 Hanc
978 2279 1163 2320 formam
1198 2292 1276 2333 pro
1309 2279 1423 2332 v.ulg
1453 2293 1505 2330 ην
1541 2278 1690 2322 Venet.
1722 2278 1784 2319 ΙΙ.
1815 2291 1957 2319 serv-a

252 2387 297 2425 et
336 2381 595 2435 Heynius
638 2379 691 2420 ad
730 2379 854 2423 Iliad.
895 2379 948 2421 T.
992 2379 1061 2420 lV.

255 2454 298 2494 p.
326 2439 396 2483 23.
460 2437 632 2492 Quippe
663 2439 824 2491 templa
865 2438 1065 2480 solebant

256 2499 386 2540 etiam
436 2496 691 2539 celsioribus
747 2496 889 2537 ornari
942 2495 1060 2536 fasti-

254 2558 358 2609 giis3
401 2569 438 2598 v.
482 2555 747 2596 Valcken.
791 2553 967 2595 Diatrib.
1017 2555 1061 2594 in

253 2615 407 2667 Eurip.
442 2611 594 2666 fragm.
626 2626 663 2662 p.
684 2612 784 2656 214.
803 2625 894 2665 sqq.
924 2612 1060 2666 intpp.

254 2674 307 2715 ad
341 2670 468 2714 Pind.
500 2671 670 2723 Olymp.
702 2670 838 2712 XIII.
869 2670 940 2715 39.

311 2728 370 2771 τὰ
414 2726 444 2768 δι’
478 2727 715 2782 δάκρυα]
750 2727 850 2778 “Ός,
898 2740 1055 2780 suus,

250 2802 274 2831 a
306 2787 487 2840 tragicis
519 2800 602 2827 non
635 2787 762 2828 valde
799 2786 1057 2839 frequentari

249 2845 499 2888 observavit
527 2845 842 2886 Elmsleius
879 2843 934 2885 ad
968 2844 1055 2884 Eu-

248 2906 328 2957 rip.
376 2902 496 2946 Med.
548 2916 586 2946 v.
633 2903 761 2953 925„
814 2916 837 2943 a
887 2903 1059 2943 solutae

250 2961 456 3003 orationis
500 2961 781 3014 scriptoribus
842 2971 1056 3013 nunquam

247 3025 502 3072 usurpatum
517 3032 614 3060 esse
631 3017 853 3061 contendit
862 3018 912 3058 M
923 3021 1004 3058 att
1018 3015 1057 3060 h.

250 3078 329 3119 Gr.
359 3076 398 3127 §.
433 3075 555 3127 149„
594 3078 666 3129 qui
708 3075 811 3118 illud
847 3074 1057 3116 hocloco

246 3147 300 3176 ex
341 3133 579 3175 imitatione
628 3134 801 3176 dialecti
845 3132 1055 3174 Homeri-

246 3204 324 3232 cae
370 3193 601 3243 repetitum
648 3192 894 3233 arbitratur.
970 3189 1052 3231 Ve-

246 3260 338 3290 rum
375 3248 483 3288 enim
519 3262 622 3289 vero
643 3249 723 3291 etsi
756 3249 1051 3290 lubenterlar-

245 3306 340 3360 gior
380 3305 622 3347 orationem
665 3308 849 3349 traxisse
889 3304 1050 3358 aliquid

247 3363 406 3405 coloris
436 3362 688 3414 Homerici,
728 3369 877 3406 tamen
915 3374 1048 3415 quum

245 3422 392 3462 omnia
455 3421 497 3462 in
544 3421 742 3462 Atticum
803 3433 1048 3462 sermonem

244 3482 574 3530 convertantur,
634 3478 762 3520 Plato
821 3478 889 3519 vix
943 3490 1048 3518 usus

1153 2383 1270 2420 esset
1311 2378 1390 2420 hac
1437 2378 1597 2430 forma,
1649 2380 1687 2421 si
1738 2393 1786 2420 ea
1842 2379 1956 2432 apud

1152 2436 1436 2478 Athenienses
1477 2438 1604 2490 plane
1647 2450 1671 2478 e
1705 2438 1816 2479 vitae
1846 2450 1958 2490 quo·

1149 2495 1340 2536 tidianae
1351 2494 1663 2536 consuetudine
1681 2495 1838 2536 fuisset
1855 2495 1956 2536 sub-

1150 2555 1251 2596 lata.
1314 2552 1470 2605 ltaque
1516 2553 1715 2606 suspicor
1761 2558 1955 2594 veterem

1148 2611 1375 2652 dialectum
1399 2611 1595 2652 Atticam
1626 2610 1740 2654 illam
1772 2611 1955 2652 formam

1146 2668 1406 2722 aliquamdiu
1444 2670 1699 2720 retinuisse,
1737 2667 1852 2711 unde
1890 2669 1955 2709 fa-

1143 2731 1261 2768 ctum
1303 2732 1397 2780 est,
1440 2733 1487 2767 ut
1528 2730 1648 2768 certe
1689 2727 1730 2768 in
1772 2726 1956 2779 antiquis

1142 2785 1341 2827 formulis
1380 2789 1514 2836 atque
1557 2784 1728 2837 legibus
1771 2796 1954 2836 usurpa-

1143 2847 1276 2884 retur.
1336 2842 1439 2884 Hoc
1477 2846 1524 2881 ut
1564 2842 1812 2890 coniiciam,
1851 2841 1955 2882 facit

1146 2901 1215 2942 lex
1247 2899 1360 2954 apud
1393 2898 1750 2941 Demosthen.
1782 2899 1822 2939 in
1860 2899 1951 2939 Ma-

1144 2964 1297 2999 certat.
1340 2971 1380 3010 p.
1422 2955 1550 3000 1068.
1599 2957 1639 2998 2.
1688 2956 1755 2998 ed.
1800 2955 1950 2998 Reisk.

1144 3035 1166 3055 υ
1202 3015 1247 3056 δὲ
1279 3014 1454 3068 ζυγίτης
1497 3012 1757 3072 (ἐκδιδότω)
1800 3010 1952 3053 ἕκιιτὸν

1144 3070 1413 3123 πεντήκοντα
1446 3069 1556 3126 πρὸς
1579 3075 1644 3118 οἱς
1660 3069 1810 3121 αὖτης.
1842 3069 1949 3111 Nam

1140 3131 1204 3172 ita
1252 3128 1460 3181 Reiskius
1521 3130 1660 3170 locum
1722 3127 1952 3168 verissime

1141 3186 1400 3238 emendavit,
1434 3197 1678 3238 quanquam
1703 3197 1799 3225 eum
1833 3186 1951 3226 iuxta

1139 3258 1236 3286 cum
1272 3243 1445 3296 reliquis
1489 3243 1796 3296 interpretibus
1839 3244 1950 3284 male

1136 3301 1364 3344 intellexit.

1197 3360 1306 3412 Cap.
1338 3357 1437 3399 Vll.
1499 3355 1553 3396 B.
1598 3352 1733 3396 ὅταν
1765 3370 1848 3402 τις
1879 3355 1945 3396 τὰ

1135 3420 1237 3459 τοῦ
1268 3413 1533 3468 ποιητοῦ]
1575 3414 1620 3455 si
1663 3414 1789 3466 quis
1821 3426 1948 3466 poe-

1134 3480 1228 3516 tae
1267 3473 1430 3515 verba
1478 3471 1834 3514 orationibus
1876 3471 1945 3511 in-
