2124 3744
299 181 399 231 392
917 178 1396 233 PLATONIS

204 331 257 383 D
297 330 402 388 κῶς
440 324 752 397 ἄνθ-ρωπος
799 319 1098 387 §aduenam
1161 323 1194 392 ἢ
1251 324 1429 396 ὥςπερ
1483 324 1627 381 κατα
1692 324 1795 392 τὴν
1856 323 1996 401 ὄψιν

294 411 577 476 ἐστασίαζε
618 413 711 464 καὶ
758 414 1014 474 ἐναντίας
1053 409 1190 480 εἶχεν
1235 416 1292 464 ἐν
1318 411 1496 478 ἑαυτῷ
1522 409 1686 476 δόξας
1719 409 1839 479 ἅμα
1874 416 1995 478 περὶ

299 497 407 548 τῶν
453 493 669 558 αὐτῶν,
728 490 871 548 οὕτω
932 497 1023 550 καὶ
1079 502 1137 548 ὲν
1181 505 1302 557 ταῖς
1343 493 1569 566 πράξεσι
1614 494 1896 560 στασιάζει
1939 516 1997 548 τε

296 582 389 632 καὶ
443 577 679 675 μάχεται
735 575 907 641 αὐτὸς
966 577 1155 648 αὑτῷς
1213 577 1708 648 ἀναμιμνήσκομαι
1764 583 1850 643 δέ,
1907 577 1996 633 ὅτι

298 662 470 718 τοῦτο’
530 685 589 732 γε
659 665 759 716 νῦν
820 661 981 717 οὐδὲν
1055 667 1135 717 δεῖ
1191 661 1338 732 ἡμᾶς
1382 666 1873 733 διομολοὶεῖσθαι·
1941 670 2000 717 ὲν

296 744 403 816 γὰρ
449 758 569 811 τοῖς
611 739 724 801 ἅνω
771 744 957 816 λόγοις
1013 750 1215 811 ἱκανῶς
1268 746 1456 802 πάντα
1502 750 1682 821 ταῦτα
1731 750 1998 817 διωμολο-

297 831 624 901 γησάμεθα,
680 828 771 886 ὅτι
813 837 1022 902 μυρίων
1079 831 1354 886 τοιούτων
1408 831 1834 902 ἐναντιωμάτων
1877 829 1997 900 ἅμα

297 924 635 984 γιγνομένων
682 914 714 981 ἡ
760 914 914 989 ψυχὴ
959 920 1106 986 γέμει
1163 912 1338 984 ἡμῶν.
1395 915 1631 986 Ὀρθῶς,
1675 922 1799 991 ἔφη.
1877 914 1998 985 Ὀρ-

205 996 254 1049 Ε
302 1002 426 1063 θῶς
469 999 606 1072 γάρ,
656 991 724 1067 ἦν
766 998 806 1053 ὅ
857 999 996 1070 ἐγώ·
1053 998 1176 1053 ἀλλ’
1232 998 1261 1055 ὃ
1309 999 1432 1055 τότε
1475 999 1848 1070 ἀπελίπομεν,
1893 1004 1997 1054 νῦν

295 1106 392 1155 μοι
463 1087 610 1140 δοκεῖ
659 1084 975 1153 ἀναγκαῖον
1029 1084 1170 1140 εἶναι
1233 1085 1553 1151 διεξελθεῖν.
1651 1083 1725 1139 Τὸ
1799 1095 1998 1148 ποῖον,·

297 1174 419 1243 ἔφη.
485 1167 670 1239 Ἀνήρ,
712 1160 782 1234 ἦν
830 1167 870 1222 δ’
920 1167 1040 1239 ἐγώ,
1077 1170 1313 1236 ἐπιεικὴς
1359 1172 1578 1234 τοιᾶςδε
1623 1168 1789 1239 τύχης
1832 1189 2000 1237 μετα·
2038 1200 2050 1206 -

298 1253 475 1324 σχών,
532 1251 656 1309 υἱὸν
699 1252 980 1317 ἀπολέσας
1034 1249 1067 1319 ἥ
1129 1274 1178 1307 τι
1232 1251 1372 1309 ἄλλο
1429 1247 1508 1308 ὧν
1561 1258 1683 1323 περὶ
1739 1257 1998 1307 πλείστου

297 1348 553 1399 ποιεῖται,
605 1342 854 1408 ἐλέγομέν
900 1358 1011 1393 που
1059 1340 1150 1391 καὶ
1178 1337 1302 1394 τότε
1345 1335 1435 1393 ὅτι
1476 1337 1658 1413 ῥᾷστα
1707 1337 1845 1393 οἴσει
1891 1340 1999 1390 τῶν

297 1420 495 1476 ἄλλων.
586 1421 752 1476 Πάνυ
797 1444 872 1487 γε.
967 1424 1094 1476 Νῦν
1137 1425 1192 1478 δὲ
1245 1444 1303 1490 γε
1359 1421 1478 1477 τόδ’
1545 1421 1999 1497 ἐπισκεψώμεθα,

417 1588 465 1627 Ι).
527 1586 697 1627 πάντα
737 1590 907 1626 ταῦτα
949 1587 1129 1638 διωμ.]
1196 1585 1269 1627 Sic
1305 1586 1401 1627 Par.
1438 1590 1486 1626 A.
1523 1592 1631 1639 Aug.
1667 1588 1812 1640 Vulgo
1854 1592 1996 1628 ταῦτα

305 1659 464 1685 Πανῖα.

415 1729 816 1783 ἐναντιωμάτων
847 1727 950 1783 ἅμα
983 1729 1137 1784 γιγν.]
1175 1730 1225 1770 Iu
1259 1729 1326 1770 ed.
1360 1728 1515 1783 Steph.
1549 1726 1643 1783 ἅμα
1671 1730 1847 1782 excidii,
1880 1731 1996 1784 quod

299 1789 426 1831 etiam
461 1790 505 1829 in
535 1788 655 1828 Flos.
691 1805 733 1828 α.
765 1788 1056 1828 desideratur.

415 1869 464 1909 Ε.
499 1867 729 1911 τοιᾶςδε
762 1865 954 1919 τύχης]
996 1869 1089 1906 Par.
1125 1867 1181 1906 A.
1219 1864 1322 1906 Ven.
1357 1863 1404 1905 Ξ.
1446 1863 1566 1905 Vind.
1599 1865 1670 1906 aiii
1702 1871 1857 1920 ψυχῆς.
1895 1872 1996 1909 Pes-

297 1927 422 1968 sime.
484 1924 590 1967 Mox
629 1924 812 1967 formam
852 1924 1093 1977 ἀχθέσει-αι
1142 1923 1353 1965 debemus
1396 1923 1514 1963 libris
1552 1923 1651 1964 Par.
1696 1927 1744 1965 A.
1796 1926 1906 1968 Ven.
1948 1927 1995 1971 Ξ.

298 1984 425 2024 vind.
463 1983 560 2024 vat.
594 1996 651 2024 m.
687 1983 803 2024 Flor.
836 1996 874 2023 a.
907 1995 944 2022 c.
980 1995 1020 2023 x.
1053 1998 1096 2022 α.
1136 1986 1180 2022 et
1219 1994 1281 2034 pr.
1327 1980 1428 2021 Ven.
1463 1980 1515 2021 ΙΙ.
1582 1980 1720 2031 Vulgo
1759 1980 1996 2036 α’χθεσθή,

296 2057 433 2093 σεται,
461 2040 576 2093 quod
611 2042 664 2081 ab
696 2041 945 2082 Atticorum
979 2052 1057 2080 usu
1089 2038 1323 2080 abhorrere
1353 2038 1617 2078 arbitrantur
1647 2047 1750 2081 vett.
1776 2054 1996 2093 gramma-

294 2099 378 2140 tici.
414 2100 651 2149 Utramque
683 2098 812 2139 futuri
846 2098 1027 2139 formam
1059 2098 1275 2138 illustrant
1307 2098 1444 2149 intpp.
1477 2094 1673 2138 Thomae
1698 2098 1814 2152 Mag.
1835 2113 1869 2140 s.
1894 2114 1933 2141 v.
1957 2107 1999 2141 et

295 2156 436 2198 Moer.
470 2171 511 2210 p.
546 2156 615 2199 21.

410 2238 455 2275 P.
490 2235 588 2279 604.
625 2234 754 2276 Τόδε
784 2233 841 2286 δὴ
878 2239 971 2275 νῦν
1000 2233 1118 2288 μοι]
1159 2233 1236 2274 Sic
1268 2231 1387 2274 Mon.
1424 2232 1538 2274 Flor.
1571 2235 1613 2285 β.
1649 2245 1728 2286 pro
1759 2236 1873 2287 vulg.
1927 2236 1986 2276 Τό

293 2390 411 2444 quod
428 2391 633 2443 exhibuit,
653 2390 752 2433 ferri
773 2391 972 2445 profecto
984 2392 1102 2431 nullo

294 2449 429 2491 modo
462 2455 626 2503 potest,
660 2455 890 2503 propterea
909 2449 1024 2501 quod
1045 2447 1101 2500 μή

295 2506 423 2550 habet
464 2508 546 2549 vim
579 2520 629 2548 ac
664 2513 926 2560 potestatem
969 2509 1099 2548 inter-

294 2564 491 2618 rogandi.
560 2565 711 2635 ltaque
754 2568 866 2605 Ast
900 2566 1098 2618 scripsit:

291 2621 353 2693 μή
386 2637 427 2663 τι
456 2622 566 2662 ἄλλο
607 2639 658 2675 ην
691 2638 806 2676 παρα
839 2626 1010 2676 ταῦια;
1053 2631 1100 2664 ut

294 2675 347 2731 ἤν
379 2681 621 2722 Atticorum
652 2692 773 2721 more
801 2681 987 2733 positum
1012 2682 1098 2723 vim

293 2739 534 2790 praesentis
573 2738 783 2791 temporis
822 2737 979 2779 habere
1021 2753 1099 2791 pu-

293 2801 472 2836 taretur.
521 2795 611 2837 Sed
646 2796 728 2837 etsi
760 2796 989 2842 verissime
1022 2797 1095 2838 ob·

292 2859 510 2894 servatum
542 2867 566 2894 a
599 2853 893 2906 grammaticis
925 2858 995 2894 est
1021 2856 1099 2896 im-

294 2911 533 2964 perfectum
566 2923 883 2964 saepenumero
915 2912 1099 2954 aGrae—

292 2969 358 3009 cis
420 2969 699 3022 scriptoribus
749 2970 974 3021 usurpari,
1027 2971 1099 3012 ubi

293 3026 580 3068 recentiorum
613 3028 849 3079 linguarum
877 3039 956 3066 usu
976 3042 1099 3082 prae·

292 3096 392 3123 sens
410 3084 599 3125 adhiberi
626 3084 927 3134 consueverit3
954 3090 1097 3127 tamen

293 3140 451 3181 Graeci
486 3154 568 3182 non
601 3148 719 3183 tanta
755 3141 835 3182 hoc
866 3142 910 3181 in
940 3156 1098 3194 genere

292 3198 462 3238 licentia
482 3201 545 3239 usi
566 3206 678 3248 sunt,
710 3204 757 3239 ut
785 3205 950 3240 temere
970 3215 1096 3253 prae·-

293 3255 466 3295 teritum
509 3258 732 3307 posuerint
763 3256 818 3297 de
857 3257 910 3298 iis
951 3260 1096 3308 rebus,

293 3313 331 3352 in
364 3313 517 3364 quibus
557 3316 671 3355 uuila
704 3314 828 3367 plane
860 3317 1097 3367 superioris

292 3370 506 3421 temporis
573 3372 682 3412 ratio
745 3370 890 3412 haberi
950 3379 1095 3426 queat.

293 3428 460 3480 Duplex
514 3434 657 3469 autem
707 3428 890 3470 discerni
952 3438 1097 3484 potest

1188 2388 1430 2444 imperfecti
1463 2402 1588 2441 usus,
1628 2403 1714 2443 quo
1754 2405 1834 2445 pro
1868 2407 1994 2446 prae-

1187 2448 1298 2490 senti
1320 2449 1508 2500 positum
1529 2446 1739 2490 videatur.
1774 2455 1859 2491 Aut
1882 2451 1992 2493 enim

1187 2506 1447 2560 significatur
1486 2505 1647 2558 aliquid
1690 2520 1818 2548 secus
1861 2513 1994 2561 atque

1185 2568 1482 2617 exspectatum
1528 2569 1622 2604 erat
1661 2566 1880 2617 evenisse3
1920 2573 1996 2608 aut

1184 2622 1239 2663 ad
1270 2619 1431 2674 aliquid
1462 2621 1716 2674 respicitur,
1762 2626 1878 2676 quod
1909 2625 1991 2666 iam

1184 2685 1311 2721 antea
1325 2685 1422 2720 erat
1433 2681 1845 2723 memoratum.cf.M
1860 2695 1882 2722 a
1896 2689 1912 2722 t
1926 2689 1941 2722 t
1953 2683 1989 2723 h.

1188 2738 1265 2778 Gr.
1299 2739 1339 2789 §-
1372 2735 1472 2780 505.
1502 2737 1544 2779 2.
1606 2737 1810 2781 Neutrum
1846 2754 1898 2781 ex
1931 2739 1991 2780 his

1187 2807 1299 2836 nunc
1339 2795 1486 2836 locum
1517 2794 1660 2835 babet.
1710 2796 1816 2838 Nam
1851 2809 1991 2848 neque

1186 2866 1256 2895 res
1288 2851 1526 2901 indicatur,
1557 2865 1668 2905 quae
1701 2855 1784 2896 iam
1821 2860 1992 2908 praeter

1186 2910 1435 2963 opinionem
1469 2922 1570 2951 vera
1601 2910 1822 2962 videatur3
1851 2925 1992 2964 neque

1185 2968 1413 3021 respicitur
1469 2966 1524 3007 ad
1572 2974 1740 3020 partem
1803 2969 1989 3021 aliquam

1185 3026 1397 3067 sermonis
1430 3025 1684 3077 superioris,
1715 3026 1784 3066 ubi
1821 3026 1900 3066 hoc
1919 3041 1988 3068 ar-

1184 3088 1434 3136 gumentum
1454 3083 1712 3123 illustratum
1722 3084 1864 3126 fuerit.
1882 3085 1987 3127 Nam

1186 3141 1298 3192 quod
1317 3139 1420 3181 Sch
1435 3153 1458 3180 n
1472 3139 1555 3180 eid
1569 3153 1692 3180 erus
1708 3141 1761 3182 ad
1785 3143 1852 3182 iila
1871 3144 1985 3184 Libr.

1186 3200 1257 3239 lu.
1272 3198 1422 3251 p.399.
1449 3200 1498 3237 A.
1515 3197 1561 3237 Β.
1576 3199 1731 3250 respici
1744 3201 1989 3248 arbitratur,

1183 3269 1254 3297 res
1286 3258 1413 3308 longe
1444 3256 1529 3295 alia
1559 3254 1617 3295 ibi
1649 3258 1812 3309 agitur:
1851 3271 1989 3310 neque

1185 3327 1234 3354 ea
1267 3315 1378 3354 ratio
1409 3313 1608 3353 convenit
1638 3326 1735 3355 cum
1764 3316 1988 3368 superiore

1184 3373 1346 3425 φαμέν,
1397 3369 1512 3421 quod
1554 3370 1610 3412 ita
1656 3385 1754 3414 esse
1800 3373 1988 3415 debebat

1180 3432 1352 3482 ἔφαμεν.
1414 3427 1568 3480 Itaque
1609 3431 1795 3483 amplexi
1838 3443 1986 3473 sumus
