<?xml version="1.0" encoding="UTF-8"?>
<!DOCTYPE html PUBLIC "-//W3C//DTD XHTML 1.0 Transitional//EN"
    "http://www.w3.org/TR/xhtml1/DTD/xhtml1-transitional.dtd">
<html xmlns="http://www.w3.org/1999/xhtml" xml:lang="en" lang="en">
 <head>
  <title>
</title>
<meta http-equiv="Content-Type" content="text/html;charset=utf-8" />
  <meta name='ocr-system' content='tesseract 3.04.00' />
  <meta name='ocr-capabilities' content='ocr_page ocr_carea ocr_par ocr_line ocrx_word'/>
</head>
<body>
  <div class='ocr_page' id='page_1' title='image "./operaomniarecens03platuoft_0550.png"; bbox 0 0 2072 3730; ppageno 0'>
   <div class='ocr_carea' id='block_1_1' title="bbox 246 178 1334 235">
    <p class='ocr_par' dir='ltr' id='par_1_1' title="bbox 246 178 1334 235">
     <span class='ocr_line' id='line_1_1' title="bbox 246 178 1334 235; baseline -0.002 0"><span class='ocrx_word' id='word_1_1' title='bbox 246 183 349 235; x_wconf 83' lang='lat'><strong>408</strong></span> <span class='ocrx_word' id='word_1_2' title='bbox 864 178 1334 234; x_wconf 83' lang='lat' dir='ltr'>PLATONIS</span> 
     </span>
    </p>
   </div>
   <div class='ocr_carea' id='block_1_2' title="bbox 240 325 1945 1244">
    <p class='ocr_par' dir='ltr' id='par_1_2' title="bbox 240 325 1945 1244">
     <span class='ocr_line' id='line_1_2' title="bbox 246 325 1939 396; baseline -0.001 -14"><span class='ocrx_word' id='word_1_3' title='bbox 246 326 704 396; x_wconf 85' lang='grc' dir='ltr'><em>Λακεδαιμόνιοι,</em></span> <span class='ocrx_word' id='word_1_4' title='bbox 745 325 869 391; x_wconf 79' lang='grc' dir='ltr'><em>ἐξῆν</em></span> <span class='ocrx_word' id='word_1_5' title='bbox 916 337 1033 390; x_wconf 85' lang='grc' dir='ltr'><em>τοῖς</em></span> <span class='ocrx_word' id='word_1_6' title='bbox 1078 328 1202 382; x_wconf 84' lang='grc' dir='ltr'><em>τότε</em></span> <span class='ocrx_word' id='word_1_7' title='bbox 1240 327 1481 391; x_wconf 79' lang='grc' dir='ltr'><em>ἀστείοις</em></span> <span class='ocrx_word' id='word_1_8' title='bbox 1526 326 1712 381; x_wconf 76' lang='grc' dir='ltr'><em>πάντα</em></span> <span class='ocrx_word' id='word_1_9' title='bbox 1761 329 1939 380; x_wconf 86' lang='grc' dir='ltr'><em>ταῦτα</em></span> 
     </span>
     <span class='ocr_line' id='line_1_3' title="bbox 245 406 1940 482; baseline -0.001 -17"><span class='ocrx_word' id='word_1_10' title='bbox 245 412 538 480; x_wconf 80' lang='grc' dir='ltr'><em>κωμῳδεῖν.</em></span> <span class='ocrx_word' id='word_1_11' title='bbox 588 406 620 477; x_wconf 81' lang='grc' dir='ltr'>ἢ</span> <span class='ocrx_word' id='word_1_12' title='bbox 667 408 768 465; x_wconf 86' lang='grc' dir='ltr'><strong>οὐκ</strong></span> <span class='ocrx_word' id='word_1_13' title='bbox 813 410 943 480; x_wconf 69' lang='grc' dir='ltr'><strong>οἵας</strong></span> <span class='ocrx_word' id='word_1_14' title='bbox 1015 409 1233 482; x_wconf 71' lang='lat' dir='ltr'><strong>&#39;‘Eywys.</strong></span> <span class='ocrx_word' id='word_1_15' title='bbox 1318 411 1462 466; x_wconf 84' lang='grc' dir='ltr'><strong>Ἀλλ’</strong></span> <span class='ocrx_word' id='word_1_16' title='bbox 1515 409 1718 477; x_wconf 79' lang='grc' dir='ltr'><em>ἐπειδή,</em></span> <span class='ocrx_word' id='word_1_17' title='bbox 1766 410 1940 480; x_wconf 84' lang='grc' dir='ltr'><em>οἶμαι,</em></span> 
     </span>
     <span class='ocr_line' id='line_1_4' title="bbox 240 492 1944 568; baseline 0 -20"><span class='ocrx_word' id='word_1_18' title='bbox 240 499 544 568; x_wconf 82' lang='grc' dir='ltr'><strong><em>χρωμένοις</em></strong></span> <span class='ocrx_word' id='word_1_19' title='bbox 585 492 819 564; x_wconf 79' lang='grc' dir='ltr'><em>ἄμεινον</em></span> <span class='ocrx_word' id='word_1_20' title='bbox 863 493 925 550; x_wconf 86' lang='grc' dir='ltr'><em>τὸ</em></span> <span class='ocrx_word' id='word_1_21' title='bbox 971 494 1335 551; x_wconf 75' lang='grc' dir='ltr'><em>ἀποδύεσθαι</em></span> <span class='ocrx_word' id='word_1_22' title='bbox 1391 499 1491 551; x_wconf 87' lang='grc' dir='ltr'><em>τοῦ</em></span> <span class='ocrx_word' id='word_1_23' title='bbox 1539 493 1944 563; x_wconf 79' lang='grc' dir='ltr'><em>συγκαλύπτειν</em></span> 
     </span>
     <span class='ocr_line' id='line_1_5' title="bbox 246 577 1944 654; baseline -0.001 -20"><span class='ocrx_word' id='word_1_24' title='bbox 246 580 434 634; x_wconf 82' lang='grc' dir='ltr'><em>πάντα</em></span> <span class='ocrx_word' id='word_1_25' title='bbox 493 577 561 633; x_wconf 83' lang='grc' dir='ltr'><em>τὰ</em></span> <span class='ocrx_word' id='word_1_26' title='bbox 609 581 848 634; x_wconf 85' lang='grc' dir='ltr'><em>τοιαῦτα</em></span> <span class='ocrx_word' id='word_1_27' title='bbox 899 579 1113 654; x_wconf 75' lang='grc' dir='ltr'><em>ἐφάνη,</em></span> <span class='ocrx_word' id='word_1_28' title='bbox 1170 583 1262 635; x_wconf 82' lang='grc' dir='ltr'><strong>καὶ</strong></span> <span class='ocrx_word' id='word_1_29' title='bbox 1317 580 1380 636; x_wconf 87' lang='grc' dir='ltr'><em>τὸ</em></span> <span class='ocrx_word' id='word_1_30' title='bbox 1437 588 1496 635; x_wconf 82' lang='grc' dir='ltr'><em>ὲν</em></span> <span class='ocrx_word' id='word_1_31' title='bbox 1552 590 1670 643; x_wconf 84' lang='grc' dir='ltr'><em>τοῖς</em></span> <span class='ocrx_word' id='word_1_32' title='bbox 1712 577 1944 653; x_wconf 74' lang='grc' dir='ltr'><em>ὀφθαλ-</em></span> 
     </span>
     <span class='ocr_line' id='line_1_6' title="bbox 245 662 1944 738; baseline -0.001 -19"><span class='ocrx_word' id='word_1_33' title='bbox 245 673 369 734; x_wconf 85' lang='grc' dir='ltr'><em>μοῖς</em></span> <span class='ocrx_word' id='word_1_34' title='bbox 415 662 497 729; x_wconf 59' lang='lat' dir='ltr'><strong>§vr</strong></span> <span class='ocrx_word' id='word_1_35' title='bbox 529 667 747 733; x_wconf 78' lang='grc' dir='ltr'><em>γελοῖον</em></span> <span class='ocrx_word' id='word_1_36' title='bbox 792 662 1017 738; x_wconf 78' lang='grc' dir='ltr'><em>ἐξεῤῥύη</em></span> <span class='ocrx_word' id='word_1_37' title='bbox 1053 662 1160 719; x_wconf 83' lang='grc' dir='ltr'><em>ὑπὸ</em></span> <span class='ocrx_word' id='word_1_38' title='bbox 1206 667 1305 720; x_wconf 87' lang='grc' dir='ltr'><em>τοῦ</em></span> <span class='ocrx_word' id='word_1_39' title='bbox 1350 673 1409 720; x_wconf 74' lang='grc' dir='ltr'><em>ἐν</em></span> <span class='ocrx_word' id='word_1_40' title='bbox 1451 677 1570 730; x_wconf 78' lang='grc' dir='ltr'><em>τοῖς</em></span> <span class='ocrx_word' id='word_1_41' title='bbox 1613 664 1798 731; x_wconf 61' lang='lat'><strong>262019</strong></span> <span class='ocrx_word' id='word_1_42' title='bbox 1841 685 1944 733; x_wconf 87' lang='grc' dir='ltr'><strong>μη-</strong></span> 
     </span>
     <span class='ocr_line' id='line_1_7' title="bbox 244 746 1945 819; baseline -0.001 -16"><span class='ocrx_word' id='word_1_43' title='bbox 244 751 522 811; x_wconf 75' lang='grc' dir='ltr'><em>νυθὲντος</em></span> <span class='ocrx_word' id='word_1_44' title='bbox 566 746 818 817; x_wconf 80' lang='grc' dir='ltr'><em>ἀρίστου,</em></span> <span class='ocrx_word' id='word_1_45' title='bbox 865 753 957 803; x_wconf 85' lang='grc' dir='ltr'><strong>καὶ</strong></span> <span class='ocrx_word' id='word_1_46' title='bbox 1001 751 1171 804; x_wconf 86' lang='grc' dir='ltr'><em>τοῦτο</em></span> <span class='ocrx_word' id='word_1_47' title='bbox 1218 750 1537 817; x_wconf 79' lang='grc' dir='ltr'><em>ἐνεδείξατο,</em></span> <span class='ocrx_word' id='word_1_48' title='bbox 1583 747 1672 804; x_wconf 83' lang='grc' dir='ltr'><em>ὅτι</em></span> <span class='ocrx_word' id='word_1_49' title='bbox 1706 747 1945 819; x_wconf 83' lang='grc' dir='ltr'><em>μα’ταιος</em></span> 
     </span>
     <span class='ocr_line' id='line_1_8' title="bbox 244 829 1943 902; baseline -0.001 -14"><span class='ocrx_word' id='word_1_50' title='bbox 244 831 307 898; x_wconf 79' lang='grc' dir='ltr'><strong>ὃς</strong></span> <span class='ocrx_word' id='word_1_51' title='bbox 352 836 581 902; x_wconf 55' lang='grc' dir='ltr'><em>γελοῖον</em></span> <span class='ocrx_word' id='word_1_52' title='bbox 613 829 757 887; x_wconf 80' lang='grc' dir='ltr'><em>ἄλλο</em></span> <span class='ocrx_word' id='word_1_53' title='bbox 814 843 868 887; x_wconf 79' lang='grc' dir='ltr'><em>τι</em></span> <span class='ocrx_word' id='word_1_54' title='bbox 908 830 1121 901; x_wconf 59' lang='lat' dir='ltr'><strong>{peirac</strong></span> <span class='ocrx_word' id='word_1_55' title='bbox 1163 830 1197 900; x_wconf 84' lang='grc' dir='ltr'>ἢ</span> <span class='ocrx_word' id='word_1_56' title='bbox 1242 831 1306 890; x_wconf 83' lang='grc' dir='ltr'><em>τὸ</em></span> <span class='ocrx_word' id='word_1_57' title='bbox 1353 834 1561 900; x_wconf 80' lang='grc' dir='ltr'><em>κακόν,</em></span> <span class='ocrx_word' id='word_1_58' title='bbox 1619 855 1708 886; x_wconf 91' lang='grc' dir='ltr'><strong>και</strong></span> <span class='ocrx_word' id='word_1_59' title='bbox 1769 830 1799 888; x_wconf 86' lang='grc' dir='ltr'>ὁ</span> <span class='ocrx_word' id='word_1_60' title='bbox 1858 853 1943 899; x_wconf 83' lang='grc' dir='ltr'><strong>γε-</strong></span> 
     </span>
     <span class='ocr_line' id='line_1_9' title="bbox 246 914 1945 992; baseline -0.002 -20"><span class='ocrx_word' id='word_1_61' title='bbox 246 922 570 973; x_wconf 85' lang='grc' dir='ltr'><em>λωτοποιεῖν</em></span> <span class='ocrx_word' id='word_1_62' title='bbox 614 919 899 988; x_wconf 69' lang='grc' dir='ltr'><em>ὲπιχειρῴν</em></span> <span class='ocrx_word' id='word_1_63' title='bbox 943 915 1084 988; x_wconf 79' lang='grc' dir='ltr'><em>’πρὸς</em></span> <span class='ocrx_word' id='word_1_64' title='bbox 1126 915 1303 985; x_wconf 83' lang='grc' dir='ltr'><em>ἄλλην</em></span> <span class='ocrx_word' id='word_1_65' title='bbox 1351 940 1474 973; x_wconf 88' lang='grc' dir='ltr'><em>τινα</em></span> <span class='ocrx_word' id='word_1_66' title='bbox 1524 914 1663 992; x_wconf 78' lang='grc' dir='ltr'><em>ὄψιν</em></span> <span class='ocrx_word' id='word_1_67' title='bbox 1705 915 1945 988; x_wconf 77' lang='grc' dir='ltr'><em>ἀποβλέ-</em></span> 
     </span>
     <span class='ocr_line' id='line_1_10' title="bbox 244 999 1943 1078; baseline -0.001 -21"><span class='ocrx_word' id='word_1_68' title='bbox 244 1023 362 1057; x_wconf 87' lang='grc' dir='ltr'><strong>πων</strong></span> <span class='ocrx_word' id='word_1_69' title='bbox 417 1000 490 1065; x_wconf 83' lang='grc' dir='ltr'><strong>ὡς</strong></span> <span class='ocrx_word' id='word_1_70' title='bbox 551 1004 768 1071; x_wconf 79' lang='grc' dir='ltr'><em>γελοίου</em></span> <span class='ocrx_word' id='word_1_71' title='bbox 830 999 860 1068; x_wconf 81' lang='grc' dir='ltr'>ἢ</span> <span class='ocrx_word' id='word_1_72' title='bbox 925 1001 1026 1068; x_wconf 84' lang='grc' dir='ltr'><strong>τὴν</strong></span> <span class='ocrx_word' id='word_1_73' title='bbox 1070 1005 1174 1058; x_wconf 87' lang='grc' dir='ltr'><em>τοῦ</em></span> <span class='ocrx_word' id='word_1_74' title='bbox 1216 1001 1471 1078; x_wconf 72' lang='grc' dir='ltr'><em>ἄφρονός</em></span> <span class='ocrx_word' id='word_1_75' title='bbox 1517 1025 1572 1057; x_wconf 89' lang='grc' dir='ltr'><em>τε</em></span> <span class='ocrx_word' id='word_1_76' title='bbox 1618 1005 1710 1056; x_wconf 83' lang='grc' dir='ltr'><strong>καὶ</strong></span> <span class='ocrx_word' id='word_1_77' title='bbox 1752 1003 1943 1064; x_wconf 86' lang='grc' dir='ltr'><em>κακοῦ,</em></span> 
     </span>
     <span class='ocr_line' id='line_1_11' title="bbox 243 1078 1945 1156; baseline -0.002 -14"><span class='ocrx_word' id='word_1_78' title='bbox 243 1090 334 1142; x_wconf 83' lang='grc' dir='ltr'><strong>καὶ</strong></span> <span class='ocrx_word' id='word_1_79' title='bbox 391 1078 464 1141; x_wconf 79' lang='grc' dir='ltr'><strong>αὖ</strong></span> <span class='ocrx_word' id='word_1_80' title='bbox 519 1084 818 1153; x_wconf 73' lang='grc' dir='ltr'><em>σπουδάζει</em></span> <span class='ocrx_word' id='word_1_81' title='bbox 883 1084 1024 1156; x_wconf 79' lang='grc' dir='ltr'><em>πρὸς</em></span> <span class='ocrx_word' id='word_1_82' title='bbox 1077 1087 1254 1142; x_wconf 79' lang='grc' dir='ltr'><em>ἄλλον</em></span> <span class='ocrx_word' id='word_1_83' title='bbox 1310 1085 1436 1143; x_wconf 84' lang='grc' dir='ltr'><em>τινὰ</em></span> <span class='ocrx_word' id='word_1_84' title='bbox 1483 1083 1696 1143; x_wconf 81' lang='grc' dir='ltr'><em>σκοπὸν</em></span> <span class='ocrx_word' id='word_1_85' title='bbox 1742 1085 1945 1152; x_wconf 86' lang='grc' dir='ltr'><em>στησά-</em></span> 
     </span>
     <span class='ocr_line' id='line_1_12' title="bbox 243 1162 1944 1244; baseline -0.001 -18"><span class='ocrx_word' id='word_1_86' title='bbox 243 1193 409 1242; x_wconf 84' lang='grc' dir='ltr'><em>μενος</em></span> <span class='ocrx_word' id='word_1_87' title='bbox 451 1167 485 1238; x_wconf 82' lang='grc' dir='ltr'>ἢ</span> <span class='ocrx_word' id='word_1_88' title='bbox 530 1168 629 1226; x_wconf 85' lang='grc' dir='ltr'><strong>τὸν</strong></span> <span class='ocrx_word' id='word_1_89' title='bbox 674 1173 773 1226; x_wconf 85' lang='grc' dir='ltr'><em>τοῦ</em></span> <span class='ocrx_word' id='word_1_90' title='bbox 814 1168 1070 1238; x_wconf 74' lang='grc' dir='ltr'><strong>ἀγαθοῦ.</strong></span> <span class='ocrx_word' id='word_1_91' title='bbox 1163 1172 1503 1228; x_wconf 77' lang='grc' dir='ltr'><em>Παντάπασι</em></span> <span class='ocrx_word' id='word_1_92' title='bbox 1545 1174 1646 1240; x_wconf 84' lang='grc' dir='ltr'><em>μὲν</em></span> <span class='ocrx_word' id='word_1_93' title='bbox 1674 1162 1795 1240; x_wconf 79' lang='grc' dir='ltr'><em>οὖν,</em></span> <span class='ocrx_word' id='word_1_94' title='bbox 1823 1174 1944 1244; x_wconf 74' lang='grc' dir='ltr'><strong>ἔφη.</strong></span> 
     </span>
    </p>
   </div>
   <div class='ocr_carea' id='block_1_3' title="bbox 243 1246 1962 1331">
    <p class='ocr_par' dir='ltr' id='par_1_3' title="bbox 243 1246 1962 1331">
     <span class='ocr_line' id='line_1_13' title="bbox 243 1246 1962 1331; baseline -0.002 -21"><span class='ocrx_word' id='word_1_95' title='bbox 243 1253 383 1331; x_wconf 76' lang='lat' dir='ltr'>Cap.</span> <span class='ocrx_word' id='word_1_96' title='bbox 433 1251 536 1309; x_wconf 89' lang='lat' dir='ltr'><strong>IV.</strong></span> <span class='ocrx_word' id='word_1_97' title='bbox 612 1246 740 1326; x_wconf 65' lang='lat' dir='ltr'><strong>TAp&#39;</strong></span> <span class='ocrx_word' id='word_1_98' title='bbox 789 1248 892 1310; x_wconf 83' lang='grc' dir='ltr'><em>οὖν</em></span> <span class='ocrx_word' id='word_1_99' title='bbox 938 1255 1004 1310; x_wconf 89' lang='grc' dir='ltr'><strong>οὐ</strong></span> <span class='ocrx_word' id='word_1_100' title='bbox 1050 1259 1272 1327; x_wconf 79' lang='grc' dir='ltr'><em>πρῶτον</em></span> <span class='ocrx_word' id='word_1_101' title='bbox 1312 1261 1413 1325; x_wconf 78' lang='grc' dir='ltr'><em>μὲν</em></span> <span class='ocrx_word' id='word_1_102' title='bbox 1464 1259 1637 1312; x_wconf 88' lang='grc' dir='ltr'><em>τοῦτο</em></span> <span class='ocrx_word' id='word_1_103' title='bbox 1684 1258 1805 1324; x_wconf 78' lang='grc' dir='ltr'><em>περὶ</em></span> <span class='ocrx_word' id='word_1_104' title='bbox 1844 1254 1962 1308; x_wconf 83' lang='grc' dir='ltr'><strong>αὐ-.</strong></span> 
     </span>
    </p>
   </div>
   <div class='ocr_carea' id='block_1_4' title="bbox 240 1471 1113 1571">
    <p class='ocr_par' dir='ltr' id='par_1_4' title="bbox 240 1471 1113 1571">
     <span class='ocr_line' id='line_1_14' title="bbox 240 1471 1113 1516; baseline 0.002 -4"><span class='ocrx_word' id='word_1_105' title='bbox 240 1472 442 1513; x_wconf 88' lang='lat' dir='ltr'><strong>Bekkero</strong></span> <span class='ocrx_word' id='word_1_106' title='bbox 476 1484 528 1512; x_wconf 82' lang='lat' dir='ltr'><strong>ex</strong></span> <span class='ocrx_word' id='word_1_107' title='bbox 563 1472 663 1513; x_wconf 84' lang='lat' dir='ltr'><strong>Par.</strong></span> <span class='ocrx_word' id='word_1_108' title='bbox 699 1475 746 1512; x_wconf 76' lang='grc' dir='ltr'><strong>Α.</strong></span> <span class='ocrx_word' id='word_1_109' title='bbox 783 1474 880 1514; x_wconf 88' lang='lat' dir='ltr'><strong>Vat.</strong></span> <span class='ocrx_word' id='word_1_110' title='bbox 920 1471 965 1513; x_wconf 87' lang='grc' dir='ltr'><strong>Θ.</strong></span> <span class='ocrx_word' id='word_1_111' title='bbox 1001 1474 1113 1516; x_wconf 88' lang='lat' dir='ltr'><strong>Ven.</strong></span> 
     </span>
     <span class='ocr_line' id='line_1_15' title="bbox 240 1530 672 1571; baseline 0.002 -2"><span class='ocrx_word' id='word_1_112' title='bbox 240 1544 283 1570; x_wconf 88' lang='lat' dir='ltr'>x.</span> <span class='ocrx_word' id='word_1_113' title='bbox 320 1544 360 1570; x_wconf 90' lang='grc' dir='ltr'><strong>α.</strong></span> <span class='ocrx_word' id='word_1_114' title='bbox 392 1530 672 1571; x_wconf 84' lang='lat' dir='ltr'><strong>mutavimus.</strong></span> 
     </span>
    </p>
   </div>
   <div class='ocr_carea' id='block_1_5' title="bbox 240 1599 1947 2168">
    <p class='ocr_par' dir='ltr' id='par_1_5' title="bbox 240 1599 1945 1714">
     <span class='ocr_line' id='line_1_16' title="bbox 355 1599 1945 1656; baseline -0.001 -13"><span class='ocrx_word' id='word_1_115' title='bbox 355 1602 412 1643; x_wconf 87' lang='lat' dir='ltr'><strong>D.</strong></span> <span class='ocrx_word' id='word_1_116' title='bbox 477 1599 652 1642; x_wconf 85' lang='grc' dir='ltr'><em>πάντα</em></span> <span class='ocrx_word' id='word_1_117' title='bbox 690 1603 860 1643; x_wconf 84' lang='grc' dir='ltr'><em>ταῦτα</em></span> <span class='ocrx_word' id='word_1_118' title='bbox 902 1603 1049 1656; x_wconf 49' lang='lat' dir='ltr'><strong>mogh]</strong></span> <span class='ocrx_word' id='word_1_119' title='bbox 1094 1605 1145 1643; x_wconf 89' lang='lat' dir='ltr'><strong>V.</strong></span> <span class='ocrx_word' id='word_1_120' title='bbox 1178 1606 1307 1644; x_wconf 83' lang='grc' dir='ltr'><em>ταῦτα</em></span> <span class='ocrx_word' id='word_1_121' title='bbox 1340 1601 1488 1651; x_wconf 79' lang='grc' dir='ltr'><em>πάντα,</em></span> <span class='ocrx_word' id='word_1_122' title='bbox 1521 1604 1641 1656; x_wconf 87' lang='lat' dir='ltr'><strong>quod</strong></span> <span class='ocrx_word' id='word_1_123' title='bbox 1671 1603 1945 1644; x_wconf 82' lang='lat' dir='ltr'><strong>auctoritate</strong></span> 
     </span>
     <span class='ocr_line' id='line_1_17' title="bbox 240 1661 1607 1714; baseline 0.002 -14"><span class='ocrx_word' id='word_1_124' title='bbox 240 1661 476 1701; x_wconf 88' lang='lat' dir='ltr'><strong>multorum</strong></span> <span class='ocrx_word' id='word_1_125' title='bbox 507 1661 721 1714; x_wconf 84' lang='lat' dir='ltr'><strong>codicum,</strong></span> <span class='ocrx_word' id='word_1_126' title='bbox 753 1663 869 1702; x_wconf 88' lang='lat' dir='ltr'><strong>inter</strong></span> <span class='ocrx_word' id='word_1_127' title='bbox 900 1675 1014 1714; x_wconf 80' lang='lat' dir='ltr'><strong>quos</strong></span> <span class='ocrx_word' id='word_1_128' title='bbox 1045 1669 1113 1702; x_wconf 85' lang='lat' dir='ltr'><strong>est</strong></span> <span class='ocrx_word' id='word_1_129' title='bbox 1149 1664 1245 1706; x_wconf 77' lang='lat' dir='ltr'><strong>l&#39;ar.</strong></span> <span class='ocrx_word' id='word_1_130' title='bbox 1277 1665 1350 1710; x_wconf 90' lang='lat' dir='ltr'>A.‚</span> <span class='ocrx_word' id='word_1_131' title='bbox 1382 1669 1607 1703; x_wconf 78' lang='lat' dir='ltr'><strong>mutatum.</strong></span> 
     </span>
    </p>

    <p class='ocr_par' dir='ltr' id='par_1_6' title="bbox 240 1714 1947 2168">
     <span class='ocr_line' id='line_1_18' title="bbox 290 1714 1946 1774; baseline -0.002 -16"><span class='ocrx_word' id='word_1_132' title='bbox 290 1742 303 1747; x_wconf 24' lang='grc' dir='ltr'><strong>κ-</strong></span> <span class='ocrx_word' id='word_1_133' title='bbox 360 1714 440 1758; x_wconf 88' lang='grc' dir='ltr'><em>ὅτι</em></span> <span class='ocrx_word' id='word_1_134' title='bbox 480 1715 710 1767; x_wconf 75' lang='grc' dir='ltr'><em>μάταιος</em></span> <span class='ocrx_word' id='word_1_135' title='bbox 740 1720 822 1772; x_wconf 90' lang='lat'><strong>-—]</strong></span> <span class='ocrx_word' id='word_1_136' title='bbox 866 1721 1144 1772; x_wconf 76' lang='lat' dir='ltr'><strong>Legebatnr:</strong></span> <span class='ocrx_word' id='word_1_137' title='bbox 1186 1716 1213 1774; x_wconf 81' lang='grc' dir='ltr'><em>ἢ</em></span> <span class='ocrx_word' id='word_1_138' title='bbox 1243 1717 1335 1773; x_wconf 82' lang='grc' dir='ltr'><strong>τὴν</strong></span> <span class='ocrx_word' id='word_1_139' title='bbox 1350 1721 1429 1761; x_wconf 78' lang='grc' dir='ltr'><em>τοῦ</em></span> <span class='ocrx_word' id='word_1_140' title='bbox 1459 1716 1664 1773; x_wconf 75' lang='grc' dir='ltr'><em>ἄφρονός</em></span> <span class='ocrx_word' id='word_1_141' title='bbox 1701 1732 1743 1759; x_wconf 88' lang='grc' dir='ltr'><em>τε</em></span> <span class='ocrx_word' id='word_1_142' title='bbox 1774 1717 1842 1756; x_wconf 80' lang='grc' dir='ltr'><strong>καί</strong></span> <span class='ocrx_word' id='word_1_143' title='bbox 1874 1729 1946 1756; x_wconf 87' lang='grc' dir='ltr'><strong>κα·</strong></span> 
     </span>
     <span class='ocr_line' id='line_1_19' title="bbox 243 1772 1947 1831; baseline -0.002 -15"><span class='ocrx_word' id='word_1_144' title='bbox 243 1778 344 1822; x_wconf 84' lang='grc' dir='ltr'><em>κοῦ,</em></span> <span class='ocrx_word' id='word_1_145' title='bbox 377 1773 406 1829; x_wconf 80' lang='grc' dir='ltr'><em>ἢ</em></span> <span class='ocrx_word' id='word_1_146' title='bbox 437 1774 717 1829; x_wconf 63' lang='grc' dir='ltr'><em>σπουδάζειν,</em></span> <span class='ocrx_word' id='word_1_147' title='bbox 751 1775 862 1830; x_wconf 75' lang='grc' dir='ltr'><em>πρὸς</em></span> <span class='ocrx_word' id='word_1_148' title='bbox 892 1774 1022 1818; x_wconf 73' lang='grc' dir='ltr'><em>ἄλλον</em></span> <span class='ocrx_word' id='word_1_149' title='bbox 1054 1775 1145 1818; x_wconf 83' lang='grc' dir='ltr'><em>τινὰ</em></span> <span class='ocrx_word' id='word_1_150' title='bbox 1178 1776 1346 1818; x_wconf 84' lang='grc' dir='ltr'><em>σκοπὸν</em></span> <span class='ocrx_word' id='word_1_151' title='bbox 1378 1777 1642 1831; x_wconf 73' lang='grc' dir='ltr'><em>στησάμειος</em></span> <span class='ocrx_word' id='word_1_152' title='bbox 1687 1773 1713 1828; x_wconf 82' lang='grc' dir='ltr'><em>ἢ</em></span> <span class='ocrx_word' id='word_1_153' title='bbox 1750 1772 1826 1815; x_wconf 87' lang='grc' dir='ltr'><strong>τὸν</strong></span> <span class='ocrx_word' id='word_1_154' title='bbox 1869 1774 1947 1814; x_wconf 86' lang='grc' dir='ltr'><em>τοῦ</em></span> 
     </span>
     <span class='ocr_line' id='line_1_20' title="bbox 244 1829 1945 1890; baseline -0.002 -15"><span class='ocrx_word' id='word_1_155' title='bbox 244 1834 439 1888; x_wconf 76' lang='grc' dir='ltr'><strong>ἀγαθοῦ.</strong></span> <span class='ocrx_word' id='word_1_156' title='bbox 500 1835 658 1888; x_wconf 87' lang='lat' dir='ltr'><strong>Itaque</strong></span> <span class='ocrx_word' id='word_1_157' title='bbox 690 1836 788 1876; x_wconf 87' lang='lat' dir='ltr'>Ast.</span> <span class='ocrx_word' id='word_1_158' title='bbox 823 1837 937 1876; x_wconf 90' lang='lat' dir='ltr'><strong>coni.</strong></span> <span class='ocrx_word' id='word_1_159' title='bbox 970 1837 1039 1876; x_wconf 82' lang='grc' dir='ltr'><strong>καὶ</strong></span> <span class='ocrx_word' id='word_1_160' title='bbox 1070 1837 1371 1890; x_wconf 78' lang='grc' dir='ltr'><em>γελωτοποιεῖν</em></span> <span class='ocrx_word' id='word_1_161' title='bbox 1400 1835 1596 1888; x_wconf 79' lang='grc' dir='ltr'><em>ἐπιχείρει</em></span> <span class='ocrx_word' id='word_1_162' title='bbox 1627 1859 1655 1865; x_wconf 72' lang='lat'><em>-</em></span> <span class='ocrx_word' id='word_1_163' title='bbox 1695 1830 1723 1887; x_wconf 81' lang='grc' dir='ltr'>ἡ</span> <span class='ocrx_word' id='word_1_164' title='bbox 1753 1829 1945 1874; x_wconf 84' lang='grc' dir='ltr'><em>σπουδά-</em></span> 
     </span>
     <span class='ocr_line' id='line_1_21' title="bbox 240 1891 1945 1947; baseline -0.002 -14"><span class='ocrx_word' id='word_1_165' title='bbox 240 1894 626 1946; x_wconf 72' lang='grc' dir='ltr'><strong>ζει.Βθ1(1(.ουω</strong></span> <span class='ocrx_word' id='word_1_166' title='bbox 658 1893 929 1934; x_wconf 86' lang='lat' dir='ltr'><strong>Schneidero</strong></span> <span class='ocrx_word' id='word_1_167' title='bbox 972 1894 1082 1934; x_wconf 87' lang='lat' dir='ltr'>nihil</span> <span class='ocrx_word' id='word_1_168' title='bbox 1115 1897 1302 1935; x_wconf 84' lang='lat' dir='ltr'><strong>mutavit</strong></span> <span class='ocrx_word' id='word_1_169' title='bbox 1343 1896 1427 1935; x_wconf 88' lang='lat' dir='ltr'><strong>nisi</strong></span> <span class='ocrx_word' id='word_1_170' title='bbox 1462 1895 1581 1947; x_wconf 88' lang='lat' dir='ltr'><strong>quod</strong></span> <span class='ocrx_word' id='word_1_171' title='bbox 1613 1905 1707 1932; x_wconf 86' lang='lat' dir='ltr'><strong>cum</strong></span> <span class='ocrx_word' id='word_1_172' title='bbox 1743 1891 1945 1943; x_wconf 88' lang='lat' dir='ltr'><strong>plurimis</strong></span> 
     </span>
     <span class='ocr_line' id='line_1_22' title="bbox 241 1948 1947 2005; baseline -0.001 -13"><span class='ocrx_word' id='word_1_173' title='bbox 241 1953 370 1992; x_wconf 90' lang='lat' dir='ltr'><strong>codd.</strong></span> <span class='ocrx_word' id='word_1_174' title='bbox 405 1953 581 2004; x_wconf 88' lang='lat' dir='ltr'><strong>scripsit</strong></span> <span class='ocrx_word' id='word_1_175' title='bbox 617 1949 861 2003; x_wconf 75' lang='grc' dir='ltr'><em>σπουδάζει.</em></span> <span class='ocrx_word' id='word_1_176' title='bbox 921 1952 1011 1992; x_wconf 92' lang='lat' dir='ltr'><strong>Pro</strong></span> <span class='ocrx_word' id='word_1_177' title='bbox 1047 1948 1074 2005; x_wconf 80' lang='grc' dir='ltr'><em>ἢ</em></span> <span class='ocrx_word' id='word_1_178' title='bbox 1107 1965 1176 1993; x_wconf 90' lang='grc' dir='ltr'><em>σπ.</em></span> <span class='ocrx_word' id='word_1_179' title='bbox 1210 1953 1310 1993; x_wconf 85' lang='lat' dir='ltr'><strong>Par.</strong></span> <span class='ocrx_word' id='word_1_180' title='bbox 1342 1954 1400 1992; x_wconf 88' lang='lat' dir='ltr'><strong>A.</strong></span> <span class='ocrx_word' id='word_1_181' title='bbox 1442 1953 1682 1993; x_wconf 84' lang='lat' dir='ltr'><strong>secundum</strong></span> <span class='ocrx_word' id='word_1_182' title='bbox 1721 1950 1947 1990; x_wconf 87' lang='lat' dir='ltr'><strong>Duebner.</strong></span> 
     </span>
     <span class='ocr_line' id='line_1_23' title="bbox 240 2000 1946 2063; baseline -0.002 -13"><span class='ocrx_word' id='word_1_183' title='bbox 240 2016 284 2050; x_wconf 86' lang='lat' dir='ltr'><strong>et</strong></span> <span class='ocrx_word' id='word_1_184' title='bbox 322 2009 454 2050; x_wconf 82' lang='lat' dir='ltr'><strong>Turr.</strong></span> <span class='ocrx_word' id='word_1_185' title='bbox 498 2023 594 2050; x_wconf 89' lang='lat' dir='ltr'><strong>cum</strong></span> <span class='ocrx_word' id='word_1_186' title='bbox 643 2010 746 2055; x_wconf 71' lang='lat' dir='ltr'><strong>Ven</strong></span> <span class='ocrx_word' id='word_1_187' title='bbox 789 2009 836 2049; x_wconf 88' lang='lat'><strong>11</strong></span> <span class='ocrx_word' id='word_1_188' title='bbox 890 2009 990 2050; x_wconf 81' lang='lat' dir='ltr'><strong>Par.</strong></span> <span class='ocrx_word' id='word_1_189' title='bbox 1039 2011 1143 2051; x_wconf 72' lang='grc' dir='ltr'><strong>ΒΚ.</strong></span> <span class='ocrx_word' id='word_1_190' title='bbox 1185 2011 1345 2063; x_wconf 87' lang='lat' dir='ltr'>Angel.</span> <span class='ocrx_word' id='word_1_191' title='bbox 1381 2010 1481 2052; x_wconf 82' lang='lat' dir='ltr'><strong>Vat.</strong></span> <span class='ocrx_word' id='word_1_192' title='bbox 1514 2024 1569 2050; x_wconf 90' lang='lat' dir='ltr'><strong>m.</strong></span> <span class='ocrx_word' id='word_1_193' title='bbox 1614 2008 1682 2048; x_wconf 86' lang='grc' dir='ltr'><strong>καὶ</strong></span> <span class='ocrx_word' id='word_1_194' title='bbox 1724 2008 1860 2047; x_wconf 76' lang='grc' dir='ltr'><em>καλοῦ</em></span> <span class='ocrx_word' id='word_1_195' title='bbox 1890 2000 1946 2046; x_wconf 82' lang='grc' dir='ltr'><strong>αὖ</strong></span> 
     </span>
     <span class='ocr_line' id='line_1_24' title="bbox 241 2061 1945 2120; baseline -0.002 -13"><span class='ocrx_word' id='word_1_196' title='bbox 241 2080 312 2110; x_wconf 91' lang='grc' dir='ltr'><em>σπ.</em></span> <span class='ocrx_word' id='word_1_197' title='bbox 346 2068 466 2109; x_wconf 86' lang='lat' dir='ltr'><strong>Flor.</strong></span> <span class='ocrx_word' id='word_1_198' title='bbox 499 2081 538 2108; x_wconf 86' lang='lat' dir='ltr'>a.</span> <span class='ocrx_word' id='word_1_199' title='bbox 570 2081 606 2108; x_wconf 93' lang='lat' dir='ltr'><strong>c.</strong></span> <span class='ocrx_word' id='word_1_200' title='bbox 637 2081 680 2108; x_wconf 86' lang='lat' dir='ltr'>x.</span> <span class='ocrx_word' id='word_1_201' title='bbox 717 2082 756 2107; x_wconf 90' lang='grc' dir='ltr'><strong>α.</strong></span> <span class='ocrx_word' id='word_1_202' title='bbox 779 2082 830 2120; x_wconf 86' lang='grc' dir='ltr'><strong>γ.</strong></span> <span class='ocrx_word' id='word_1_203' title='bbox 873 2068 942 2108; x_wconf 81' lang='grc' dir='ltr'><strong>καὶ</strong></span> <span class='ocrx_word' id='word_1_204' title='bbox 983 2069 1122 2108; x_wconf 82' lang='grc' dir='ltr'><em>κακοῦ</em></span> <span class='ocrx_word' id='word_1_205' title='bbox 1164 2068 1232 2108; x_wconf 81' lang='grc' dir='ltr'><strong>καὶ</strong></span> <span class='ocrx_word' id='word_1_206' title='bbox 1275 2067 1410 2108; x_wconf 75' lang='grc' dir='ltr'><em>καλοῦ</em></span> <span class='ocrx_word' id='word_1_207' title='bbox 1449 2061 1503 2108; x_wconf 74' lang='grc' dir='ltr'><strong>αὖ</strong></span> <span class='ocrx_word' id='word_1_208' title='bbox 1539 2080 1608 2110; x_wconf 91' lang='grc' dir='ltr'><em>σπ.</em></span> <span class='ocrx_word' id='word_1_209' title='bbox 1650 2067 1770 2108; x_wconf 90' lang='lat' dir='ltr'><strong>Flor.</strong></span> <span class='ocrx_word' id='word_1_210' title='bbox 1802 2065 1846 2117; x_wconf 85' lang='grc' dir='ltr'>β</span> <span class='ocrx_word' id='word_1_211' title='bbox 1877 2065 1945 2104; x_wconf 84' lang='grc' dir='ltr'><strong>καὶ</strong></span> 
     </span>
     <span class='ocr_line' id='line_1_25' title="bbox 241 2121 1943 2168; baseline -0.002 -2"><span class='ocrx_word' id='word_1_212' title='bbox 241 2125 380 2166; x_wconf 83' lang='grc' dir='ltr'><em>κακοῦ</em></span> <span class='ocrx_word' id='word_1_213' title='bbox 411 2125 480 2165; x_wconf 86' lang='grc' dir='ltr'><strong>καὶ</strong></span> <span class='ocrx_word' id='word_1_214' title='bbox 511 2139 566 2165; x_wconf 92' lang='grc' dir='ltr'><em>ου</em></span> <span class='ocrx_word' id='word_1_215' title='bbox 598 2125 734 2165; x_wconf 75' lang='grc' dir='ltr'><em>καλοῦ</em></span> <span class='ocrx_word' id='word_1_216' title='bbox 765 2121 821 2166; x_wconf 84' lang='grc' dir='ltr'><strong>αὖ</strong></span> <span class='ocrx_word' id='word_1_217' title='bbox 854 2138 924 2166; x_wconf 89' lang='grc' dir='ltr'><em>σπ.</em></span> <span class='ocrx_word' id='word_1_218' title='bbox 965 2126 1080 2168; x_wconf 76' lang='lat' dir='ltr'>Mon.</span> <span class='ocrx_word' id='word_1_219' title='bbox 1116 2127 1182 2166; x_wconf 83' lang='grc' dir='ltr'><strong>καὶ</strong></span> <span class='ocrx_word' id='word_1_220' title='bbox 1215 2121 1270 2168; x_wconf 74' lang='grc' dir='ltr'><strong>οὐ</strong></span> <span class='ocrx_word' id='word_1_221' title='bbox 1301 2127 1434 2167; x_wconf 74' lang='grc' dir='ltr'><em>καλοῦ</em></span> <span class='ocrx_word' id='word_1_222' title='bbox 1467 2121 1523 2167; x_wconf 83' lang='grc' dir='ltr'><strong>αὖ</strong></span> <span class='ocrx_word' id='word_1_223' title='bbox 1557 2138 1628 2166; x_wconf 92' lang='grc' dir='ltr'><em>σπ.</em></span> <span class='ocrx_word' id='word_1_224' title='bbox 1689 2125 1737 2165; x_wconf 92' lang='lat' dir='ltr'><strong>ln</strong></span> <span class='ocrx_word' id='word_1_225' title='bbox 1772 2122 1866 2165; x_wconf 82' lang='lat' dir='ltr'><strong>vat.</strong></span> <span class='ocrx_word' id='word_1_226' title='bbox 1895 2121 1943 2165; x_wconf 87' lang='grc' dir='ltr'><strong>Θ.</strong></span> 
     </span>
    </p>
   </div>
   <div class='ocr_carea' id='block_1_6' title="bbox 389 2183 422 2210">
    <p class='ocr_par' dir='ltr' id='par_1_7' title="bbox 389 2183 422 2210">
     <span class='ocr_line' id='line_1_26' title="bbox 389 2183 422 2210; baseline 0 -11"><span class='ocrx_word' id='word_1_227' title='bbox 389 2183 422 2210; x_wconf 54' lang='grc' dir='ltr'>Ν</span> 
     </span>
    </p>
   </div>
   <div class='ocr_carea' id='block_1_7' title="bbox 245 2179 1945 2236">
    <p class='ocr_par' dir='ltr' id='par_1_8' title="bbox 245 2179 1945 2236">
     <span class='ocr_line' id='line_1_27' title="bbox 245 2179 1945 2236; baseline -0.002 -12"><span class='ocrx_word' id='word_1_228' title='bbox 245 2184 349 2227; x_wconf 83' lang='lat' dir='ltr'><strong>Ven.</strong></span> <span class='ocrx_word' id='word_1_229' title='bbox 382 2197 430 2227; x_wconf 75' lang='grc'><strong>,.,.</strong></span> <span class='ocrx_word' id='word_1_230' title='bbox 466 2183 598 2226; x_wconf 91' lang='lat' dir='ltr'>Vind.</span> <span class='ocrx_word' id='word_1_231' title='bbox 632 2184 733 2225; x_wconf 86' lang='lat' dir='ltr'><strong>Vat.</strong></span> <span class='ocrx_word' id='word_1_232' title='bbox 754 2197 791 2224; x_wconf 92' lang='lat' dir='ltr'><strong>r.</strong></span> <span class='ocrx_word' id='word_1_233' title='bbox 826 2183 933 2223; x_wconf 85' lang='lat' dir='ltr'><strong>nihil</strong></span> <span class='ocrx_word' id='word_1_234' title='bbox 966 2185 1050 2224; x_wconf 85' lang='lat' dir='ltr'><strong>nisi</strong></span> <span class='ocrx_word' id='word_1_235' title='bbox 1086 2179 1111 2236; x_wconf 83' lang='grc' dir='ltr'><em>ἢ</em></span> <span class='ocrx_word' id='word_1_236' title='bbox 1148 2190 1248 2226; x_wconf 85' lang='lat' dir='ltr'><strong>ante</strong></span> <span class='ocrx_word' id='word_1_237' title='bbox 1283 2182 1438 2226; x_wconf 88' lang='grc' dir='ltr'><em>σπουδ.</em></span> <span class='ocrx_word' id='word_1_238' title='bbox 1470 2185 1693 2225; x_wconf 89' lang='lat' dir='ltr'><strong>omissum.</strong></span> <span class='ocrx_word' id='word_1_239' title='bbox 1726 2181 1945 2223; x_wconf 85' lang='lat' dir='ltr'><strong>Stobaeus</strong></span> 
     </span>
    </p>
   </div>
   <div class='ocr_carea' id='block_1_8' title="bbox 1148 1473 1945 1517">
    <p class='ocr_par' dir='ltr' id='par_1_9' title="bbox 1148 1473 1945 1517">
     <span class='ocr_line' id='line_1_28' title="bbox 1148 1473 1945 1517; baseline -0.006 -1"><span class='ocrx_word' id='word_1_240' title='bbox 1148 1476 1193 1516; x_wconf 88' lang='grc' dir='ltr'><strong>Ξ.</strong></span> <span class='ocrx_word' id='word_1_241' title='bbox 1231 1476 1362 1517; x_wconf 89' lang='lat' dir='ltr'>Vind.</span> <span class='ocrx_word' id='word_1_242' title='bbox 1398 1475 1496 1514; x_wconf 81' lang='lat' dir='ltr'><strong>Vat.</strong></span> <span class='ocrx_word' id='word_1_243' title='bbox 1528 1488 1582 1514; x_wconf 86' lang='lat' dir='ltr'><strong>m.</strong></span> <span class='ocrx_word' id='word_1_244' title='bbox 1614 1486 1647 1514; x_wconf 87' lang='lat' dir='ltr'><strong>r.</strong></span> <span class='ocrx_word' id='word_1_245' title='bbox 1679 1473 1799 1514; x_wconf 87' lang='lat' dir='ltr'><strong>Flor.</strong></span> <span class='ocrx_word' id='word_1_246' title='bbox 1834 1486 1874 1514; x_wconf 82' lang='lat' dir='ltr'>a.</span> <span class='ocrx_word' id='word_1_247' title='bbox 1908 1487 1945 1512; x_wconf 89' lang='lat' dir='ltr'><strong>c.</strong></span> 
     </span>
    </p>
   </div>
   <div class='ocr_carea' id='block_1_9' title="bbox 2045 548 2072 1452">
    <p class='ocr_par' dir='ltr' id='par_1_10' title="bbox 2045 548 2072 1452">
     <span class='ocr_line' id='line_1_29' title="bbox 2045 548 2072 1452; baseline 0 0"><span class='ocrx_word' id='word_1_248' title='bbox 2045 548 2072 1452; x_wconf 95' lang='lat' dir='ltr'><strong> </strong></span> 
     </span>
    </p>
   </div>
   <div class='ocr_carea' id='block_1_10' title="bbox 233 2346 1046 3501">
    <p class='ocr_par' dir='ltr' id='par_1_11' title="bbox 233 2346 1046 3203">
     <span class='ocr_line' id='line_1_30' title="bbox 238 2346 1046 2400; baseline 0.002 -13"><span class='ocrx_word' id='word_1_249' title='bbox 238 2348 446 2399; x_wconf 86' lang='lat' dir='ltr'><strong>Agonist.</strong></span> <span class='ocrx_word' id='word_1_250' title='bbox 482 2347 538 2394; x_wconf 90' lang='lat' dir='ltr'><strong>ll,</strong></span> <span class='ocrx_word' id='word_1_251' title='bbox 582 2346 625 2390; x_wconf 85' lang='lat'>4.</span> <span class='ocrx_word' id='word_1_252' title='bbox 665 2348 806 2400; x_wconf 80' lang='lat' dir='ltr'>intpp.</span> <span class='ocrx_word' id='word_1_253' title='bbox 848 2348 904 2388; x_wconf 82' lang='lat' dir='ltr'><strong>ad</strong></span> <span class='ocrx_word' id='word_1_254' title='bbox 947 2348 1046 2389; x_wconf 81' lang='lat' dir='ltr'><strong>Xe-</strong></span> 
     </span>
     <span class='ocr_line' id='line_1_31' title="bbox 238 2404 1044 2458; baseline 0.001 -12"><span class='ocrx_word' id='word_1_255' title='bbox 238 2406 398 2457; x_wconf 86' lang='lat' dir='ltr'>noph.</span> <span class='ocrx_word' id='word_1_256' title='bbox 432 2404 582 2458; x_wconf 87' lang='lat' dir='ltr'>Symp.</span> <span class='ocrx_word' id='word_1_257' title='bbox 610 2405 659 2447; x_wconf 87' lang='lat' dir='ltr'><strong>ll.</strong></span> <span class='ocrx_word' id='word_1_258' title='bbox 683 2405 753 2449; x_wconf 80' lang='lat'>18.</span> <span class='ocrx_word' id='word_1_259' title='bbox 792 2406 1044 2447; x_wconf 85' lang='lat' dir='ltr'><strong>l’erizon.</strong></span> 
     </span>
     <span class='ocr_line' id='line_1_32' title="bbox 236 2463 1046 2507; baseline 0 -3"><span class='ocrx_word' id='word_1_260' title='bbox 236 2465 291 2504; x_wconf 84' lang='lat' dir='ltr'><strong>ad</strong></span> <span class='ocrx_word' id='word_1_261' title='bbox 340 2465 438 2504; x_wconf 86' lang='lat' dir='ltr'><strong>Ael.</strong></span> <span class='ocrx_word' id='word_1_262' title='bbox 481 2464 534 2506; x_wconf 92' lang='lat' dir='ltr'><strong>V.</strong></span> <span class='ocrx_word' id='word_1_263' title='bbox 576 2464 650 2504; x_wconf 90' lang='lat' dir='ltr'><strong>H..</strong></span> <span class='ocrx_word' id='word_1_264' title='bbox 678 2464 759 2503; x_wconf 90' lang='grc' dir='ltr'><strong>ΙΙΙ.</strong></span> <span class='ocrx_word' id='word_1_265' title='bbox 797 2463 867 2507; x_wconf 84' lang='grc'><strong>38.</strong></span> <span class='ocrx_word' id='word_1_266' title='bbox 937 2464 1046 2505; x_wconf 86' lang='lat' dir='ltr'><strong>Mox</strong></span> 
     </span>
     <span class='ocr_line' id='line_1_33' title="bbox 237 2521 1044 2574; baseline 0 -12"><span class='ocrx_word' id='word_1_267' title='bbox 237 2524 293 2562; x_wconf 73' lang='lat' dir='ltr'><strong>ad</strong></span> <span class='ocrx_word' id='word_1_268' title='bbox 324 2521 560 2574; x_wconf 71' lang='grc' dir='ltr'><em>χρωμένοις</em></span> <span class='ocrx_word' id='word_1_269' title='bbox 604 2522 742 2562; x_wconf 85' lang='lat' dir='ltr'><strong>intell.</strong></span> <span class='ocrx_word' id='word_1_270' title='bbox 776 2523 1044 2573; x_wconf 77' lang='grc' dir='ltr'><em>γυμνασίοις.</em></span> 
     </span>
     <span class='ocr_line' id='line_1_34' title="bbox 237 2581 1046 2632; baseline 0.005 -15.01"><span class='ocrx_word' id='word_1_271' title='bbox 237 2582 382 2632; x_wconf 72' lang='lat' dir='ltr'><strong>saepe</strong></span> <span class='ocrx_word' id='word_1_272' title='bbox 414 2581 498 2620; x_wconf 80' lang='lat' dir='ltr'><strong>hoc</strong></span> <span class='ocrx_word' id='word_1_273' title='bbox 532 2581 710 2620; x_wconf 86' lang='lat' dir='ltr'><strong>verbum</strong></span> <span class='ocrx_word' id='word_1_274' title='bbox 750 2582 812 2620; x_wconf 87' lang='lat' dir='ltr'><strong>ita</strong></span> <span class='ocrx_word' id='word_1_275' title='bbox 843 2582 939 2620; x_wconf 86' lang='lat' dir='ltr'><strong>sine</strong></span> <span class='ocrx_word' id='word_1_276' title='bbox 971 2582 1046 2621; x_wconf 81' lang='lat' dir='ltr'><strong>da·</strong></span> 
     </span>
     <span class='ocr_line' id='line_1_35' title="bbox 237 2637 1043 2709; baseline 0.001 -32"><span class='ocrx_word' id='word_1_277' title='bbox 237 2640 330 2678; x_wconf 88' lang='lat' dir='ltr'><strong>tivo</strong></span> <span class='ocrx_word' id='word_1_278' title='bbox 363 2640 556 2691; x_wconf 86' lang='lat' dir='ltr'><strong>ponitur.</strong></span> <span class='ocrx_word' id='word_1_279' title='bbox 589 2638 847 2707; x_wconf 83' lang='lat' dir='ltr'><strong>Xenoph.</strong></span> <span class='ocrx_word' id='word_1_280' title='bbox 881 2637 1043 2709; x_wconf 84' lang='lat' dir='ltr'><strong>Cyrop</strong></span> 
     </span>
     <span class='ocr_line' id='line_1_36' title="bbox 233 2690 1044 2750; baseline 0.001 -14"><span class='ocrx_word' id='word_1_281' title='bbox 233 2696 416 2747; x_wconf 81' lang='lat' dir='ltr'>1V‚3,</span> <span class='ocrx_word' id='word_1_282' title='bbox 459 2697 538 2740; x_wconf 80' lang='grc'><strong>23·</strong></span> <span class='ocrx_word' id='word_1_283' title='bbox 583 2690 608 2735; x_wconf 89' lang='lat' dir='ltr'><strong>o‘</strong></span> <span class='ocrx_word' id='word_1_284' title='bbox 650 2694 726 2746; x_wconf 84' lang='grc' dir='ltr'><em>μὲν</em></span> <span class='ocrx_word' id='word_1_285' title='bbox 767 2692 910 2736; x_wconf 72' lang='grc' dir='ltr'><em>οὕτως</em></span> <span class='ocrx_word' id='word_1_286' title='bbox 940 2694 1044 2750; x_wconf 77' lang='grc' dir='ltr'><em>ἐπή-</em></span> 
     </span>
     <span class='ocr_line' id='line_1_37' title="bbox 237 2750 1045 2806; baseline 0.004 -14"><span class='ocrx_word' id='word_1_287' title='bbox 237 2767 346 2803; x_wconf 69' lang='lat' dir='ltr'><strong>peto,</strong></span> <span class='ocrx_word' id='word_1_288' title='bbox 382 2753 430 2794; x_wconf 84' lang='grc' dir='ltr'><strong>οἱ</strong></span> <span class='ocrx_word' id='word_1_289' title='bbox 458 2751 505 2794; x_wconf 83' lang='grc' dir='ltr'><strong>δὲ</strong></span> <span class='ocrx_word' id='word_1_290' title='bbox 537 2750 695 2795; x_wconf 70' lang='grc' dir='ltr'><em>πάντες</em></span> <span class='ocrx_word' id='word_1_291' title='bbox 726 2753 1045 2806; x_wconf 80' lang='grc' dir='ltr'><em>συνεπῃιεσαν·</em></span> 
     </span>
     <span class='ocr_line' id='line_1_38' title="bbox 235 2807 1044 2864; baseline 0.004 -13"><span class='ocrx_word' id='word_1_292' title='bbox 235 2809 341 2852; x_wconf 79' lang='grc' dir='ltr'><em>ὤςτε</em></span> <span class='ocrx_word' id='word_1_293' title='bbox 371 2812 431 2852; x_wconf 76' lang='grc' dir='ltr'><em>ἔτι</em></span> <span class='ocrx_word' id='word_1_294' title='bbox 473 2813 540 2853; x_wconf 79' lang='grc' dir='ltr'><strong>καὶ</strong></span> <span class='ocrx_word' id='word_1_295' title='bbox 573 2812 656 2852; x_wconf 82' lang='grc' dir='ltr'><strong>νῦν</strong></span> <span class='ocrx_word' id='word_1_296' title='bbox 686 2807 733 2864; x_wconf 75' lang='grc' dir='ltr'><strong>ἐξ</strong></span> <span class='ocrx_word' id='word_1_297' title='bbox 763 2810 949 2858; x_wconf 75' lang='grc' dir='ltr'><em>ἐκείνου</em></span> <span class='ocrx_word' id='word_1_298' title='bbox 968 2809 1044 2854; x_wconf 80' lang='grc' dir='ltr'><strong>οὔ·</strong></span> 
     </span>
     <span class='ocr_line' id='line_1_39' title="bbox 236 2869 1043 2922; baseline 0.005 -13"><span class='ocrx_word' id='word_1_299' title='bbox 236 2885 291 2910; x_wconf 85' lang='grc' dir='ltr'><em>τω</em></span> <span class='ocrx_word' id='word_1_300' title='bbox 322 2871 502 2922; x_wconf 79' lang='grc' dir='ltr'><em>χρῶνται</em></span> <span class='ocrx_word' id='word_1_301' title='bbox 528 2870 573 2910; x_wconf 86' lang='grc' dir='ltr'><strong>οἱ</strong></span> <span class='ocrx_word' id='word_1_302' title='bbox 593 2869 770 2922; x_wconf 78' lang='grc' dir='ltr'><em>Πέρσαι.</em></span> <span class='ocrx_word' id='word_1_303' title='bbox 817 2871 926 2911; x_wconf 86' lang='lat' dir='ltr'><strong>Infr.</strong></span> <span class='ocrx_word' id='word_1_304' title='bbox 947 2873 1043 2914; x_wconf 84' lang='lat' dir='ltr'>libr.</span> 
     </span>
     <span class='ocr_line' id='line_1_40' title="bbox 238 2925 1044 2982; baseline 0.005 -16"><span class='ocrx_word' id='word_1_305' title='bbox 238 2929 309 2967; x_wconf 83' lang='lat' dir='ltr'><strong>VI.</strong></span> <span class='ocrx_word' id='word_1_306' title='bbox 341 2942 383 2980; x_wconf 91' lang='lat' dir='ltr'>p.</span> <span class='ocrx_word' id='word_1_307' title='bbox 414 2928 514 2972; x_wconf 84' lang='grc'><strong>489.</strong></span> <span class='ocrx_word' id='word_1_308' title='bbox 554 2929 602 2968; x_wconf 74' lang='lat' dir='ltr'><strong>R:</strong></span> <span class='ocrx_word' id='word_1_309' title='bbox 650 2925 755 2968; x_wconf 73' lang='grc' dir='ltr'><strong>τούς</strong></span> <span class='ocrx_word' id='word_1_310' title='bbox 797 2925 852 2982; x_wconf 88' lang='grc' dir='ltr'><strong>μὴ</strong></span> <span class='ocrx_word' id='word_1_311' title='bbox 885 2929 1044 2982; x_wconf 82' lang='grc' dir='ltr'><em>χρωμέ-</em></span> 
     </span>
     <span class='ocr_line' id='line_1_41' title="bbox 236 2985 1042 3040; baseline 0.004 -16"><span class='ocrx_word' id='word_1_312' title='bbox 236 2997 340 3025; x_wconf 70' lang='grc' dir='ltr'><em>νους</em></span> <span class='ocrx_word' id='word_1_313' title='bbox 374 2986 515 3027; x_wconf 72' lang='grc' dir='ltr'><em>κέλευε</em></span> <span class='ocrx_word' id='word_1_314' title='bbox 547 2986 784 3028; x_wconf 76' lang='grc' dir='ltr'><em>αἰτιᾶσθαι.</em></span> <span class='ocrx_word' id='word_1_315' title='bbox 828 2985 916 3027; x_wconf 82' lang='lat' dir='ltr'><strong>Sed</strong></span> <span class='ocrx_word' id='word_1_316' title='bbox 947 2989 1042 3040; x_wconf 90' lang='lat' dir='ltr'><strong>plu-</strong></span> 
     </span>
     <span class='ocr_line' id='line_1_42' title="bbox 234 3045 1042 3099; baseline 0.001 -16"><span class='ocrx_word' id='word_1_317' title='bbox 234 3057 284 3084; x_wconf 84' lang='lat' dir='ltr'><strong>ra</strong></span> <span class='ocrx_word' id='word_1_318' title='bbox 322 3057 362 3083; x_wconf 83' lang='lat' dir='ltr'>v.</span> <span class='ocrx_word' id='word_1_319' title='bbox 413 3046 470 3086; x_wconf 79' lang='lat' dir='ltr'><strong>ad</strong></span> <span class='ocrx_word' id='word_1_320' title='bbox 511 3045 709 3097; x_wconf 82' lang='lat' dir='ltr'><strong>Sophist.</strong></span> <span class='ocrx_word' id='word_1_321' title='bbox 748 3060 790 3099; x_wconf 89' lang='lat' dir='ltr'>p.</span> <span class='ocrx_word' id='word_1_322' title='bbox 833 3045 933 3088; x_wconf 82' lang='lat'>217.</span> <span class='ocrx_word' id='word_1_323' title='bbox 977 3048 1042 3094; x_wconf 64' lang='lat'><strong>(2,</strong></span> 
     </span>
     <span class='ocr_line' id='line_1_43' title="bbox 238 3101 1040 3156; baseline 0.01 -16"><span class='ocrx_word' id='word_1_324' title='bbox 238 3101 399 3152; x_wconf 85' lang='lat' dir='ltr'><strong>quibus</strong></span> <span class='ocrx_word' id='word_1_325' title='bbox 431 3104 545 3143; x_wconf 85' lang='lat' dir='ltr'><strong>adde</strong></span> <span class='ocrx_word' id='word_1_326' title='bbox 581 3103 721 3155; x_wconf 78' lang='lat' dir='ltr'>Legg.</span> <span class='ocrx_word' id='word_1_327' title='bbox 751 3103 830 3146; x_wconf 84' lang='lat' dir='ltr'>XI.</span> <span class='ocrx_word' id='word_1_328' title='bbox 867 3117 910 3156; x_wconf 91' lang='lat' dir='ltr'>p.</span> <span class='ocrx_word' id='word_1_329' title='bbox 944 3104 1040 3148; x_wconf 66' lang='lat'><strong>920⁴</strong></span> 
     </span>
     <span class='ocr_line' id='line_1_44' title="bbox 237 3158 591 3203; baseline 0.017 -6"><span class='ocrx_word' id='word_1_330' title='bbox 237 3158 286 3198; x_wconf 89' lang='lat' dir='ltr'>C.</span> <span class='ocrx_word' id='word_1_331' title='bbox 318 3159 420 3202; x_wconf 83' lang='lat'><strong>935.</strong></span> <span class='ocrx_word' id='word_1_332' title='bbox 455 3161 503 3200; x_wconf 84' lang='lat' dir='ltr'>C.</span> <span class='ocrx_word' id='word_1_333' title='bbox 535 3161 591 3203; x_wconf 94' lang='lat' dir='ltr'>D.</span> 
     </span>
    </p>

    <p class='ocr_par' dir='ltr' id='par_1_12' title="bbox 233 3215 1040 3501">
     <span class='ocr_line' id='line_1_45' title="bbox 293 3215 1040 3269; baseline 0.005 -13"><span class='ocrx_word' id='word_1_334' title='bbox 293 3216 334 3256; x_wconf 94' lang='lat' dir='ltr'>D</span> <span class='ocrx_word' id='word_1_335' title='bbox 401 3219 485 3257; x_wconf 86' lang='grc' dir='ltr'><strong>καὶ</strong></span> <span class='ocrx_word' id='word_1_336' title='bbox 519 3219 679 3258; x_wconf 81' lang='grc' dir='ltr'><em>τοῦτο</em></span> <span class='ocrx_word' id='word_1_337' title='bbox 711 3215 1040 3269; x_wconf 79' lang='grc' dir='ltr'><em>ἐνεδείξατο,</em></span> 
     </span>
     <span class='ocr_line' id='line_1_46' title="bbox 236 3269 1040 3324; baseline 0.007 -12"><span class='ocrx_word' id='word_1_338' title='bbox 236 3269 318 3313; x_wconf 83' lang='grc' dir='ltr'><em>ὅτι</em></span> <span class='ocrx_word' id='word_1_339' title='bbox 349 3271 586 3324; x_wconf 78' lang='grc' dir='ltr'><em>μάταιος</em></span> <span class='ocrx_word' id='word_1_340' title='bbox 611 3280 696 3324; x_wconf 81' lang='lat' dir='ltr'><strong>—l</strong></span> <span class='ocrx_word' id='word_1_341' title='bbox 740 3278 907 3318; x_wconf 83' lang='lat' dir='ltr'><strong>ctiam</strong></span> <span class='ocrx_word' id='word_1_342' title='bbox 939 3278 1040 3318; x_wconf 91' lang='lat' dir='ltr'><strong>hoc</strong></span> 
     </span>
     <span class='ocr_line' id='line_1_47' title="bbox 234 3332 1037 3388; baseline 0.006 -17"><span class='ocrx_word' id='word_1_343' title='bbox 234 3332 456 3382; x_wconf 84' lang='lat' dir='ltr'><strong>docuit,</strong></span> <span class='ocrx_word' id='word_1_344' title='bbox 516 3347 710 3373; x_wconf 79' lang='lat' dir='ltr'><strong>vanum</strong></span> <span class='ocrx_word' id='word_1_345' title='bbox 764 3348 884 3376; x_wconf 85' lang='lat' dir='ltr'><strong>esse</strong></span> <span class='ocrx_word' id='word_1_346' title='bbox 942 3337 1037 3388; x_wconf 91' lang='lat' dir='ltr'><strong>qui</strong></span> 
     </span>
     <span class='ocr_line' id='line_1_48' title="bbox 233 3391 1037 3445; baseline 0.004 -15"><span class='ocrx_word' id='word_1_347' title='bbox 233 3391 395 3431; x_wconf 84' lang='lat' dir='ltr'><strong>aliud</strong></span> <span class='ocrx_word' id='word_1_348' title='bbox 443 3391 572 3443; x_wconf 83' lang='lat' dir='ltr'><strong>quid</strong></span> <span class='ocrx_word' id='word_1_349' title='bbox 615 3392 916 3433; x_wconf 85' lang='lat' dir='ltr'><strong>ridiculum</strong></span> <span class='ocrx_word' id='word_1_350' title='bbox 949 3407 1037 3445; x_wconf 89' lang='lat' dir='ltr'><strong>pu-</strong></span> 
     </span>
     <span class='ocr_line' id='line_1_49' title="bbox 235 3449 1038 3501; baseline 0.004 -14"><span class='ocrx_word' id='word_1_351' title='bbox 235 3455 317 3488; x_wconf 83' lang='lat' dir='ltr'><strong>tet</strong></span> <span class='ocrx_word' id='word_1_352' title='bbox 349 3462 503 3500; x_wconf 81' lang='lat' dir='ltr'><strong>quam</strong></span> <span class='ocrx_word' id='word_1_353' title='bbox 544 3449 690 3501; x_wconf 88' lang='lat' dir='ltr'><strong>quod</strong></span> <span class='ocrx_word' id='word_1_354' title='bbox 717 3451 908 3490; x_wconf 81' lang='lat' dir='ltr'><strong>malum</strong></span> <span class='ocrx_word' id='word_1_355' title='bbox 941 3459 1038 3495; x_wconf 83' lang='lat' dir='ltr'><strong>est,</strong></span> 
     </span>
    </p>
   </div>
   <div class='ocr_carea' id='block_1_11' title="bbox 1123 3338 1262 3386">
    <p class='ocr_par' dir='ltr' id='par_1_13' title="bbox 1123 3338 1262 3386">
     <span class='ocr_line' id='line_1_50' title="bbox 1123 3338 1262 3386; baseline -0.016 -12"><span class='ocrx_word' id='word_1_356' title='bbox 1123 3338 1262 3386; x_wconf 80' lang='grc' dir='ltr'><strong>χειρεῖ.</strong></span> 
     </span>
    </p>
   </div>
   <div class='ocr_carea' id='block_1_12' title="bbox 1125 2331 1944 3442">
    <p class='ocr_par' dir='ltr' id='par_1_14' title="bbox 1125 2331 1944 3442">
     <span class='ocr_line' id='line_1_51' title="bbox 1132 2331 1942 2402; baseline -0.005 -13"><span class='ocrx_word' id='word_1_357' title='bbox 1132 2354 1186 2389; x_wconf 86' lang='lat' dir='ltr'><strong>et</strong></span> <span class='ocrx_word' id='word_1_358' title='bbox 1217 2351 1307 2402; x_wconf 89' lang='lat' dir='ltr'><strong>qui</strong></span> <span class='ocrx_word' id='word_1_359' title='bbox 1340 2349 1663 2390; x_wconf 83' lang='lat' dir='ltr'><strong>traducere</strong></span> <span class='ocrx_word' id='word_1_360' title='bbox 1695 2347 1829 2399; x_wconf 82' lang='lat' dir='ltr'><strong>quid</strong></span> <span class='ocrx_word' id='word_1_361' title='bbox 1862 2331 1942 2386; x_wconf 57' lang='lat' dir='ltr'><strong>co*-</strong></span> 
     </span>
     <span class='ocr_line' id='line_1_52' title="bbox 1129 2405 1944 2458; baseline -0.006 -10"><span class='ocrx_word' id='word_1_362' title='bbox 1129 2413 1296 2448; x_wconf 88' lang='lat' dir='ltr'><strong>netur</strong></span> <span class='ocrx_word' id='word_1_363' title='bbox 1339 2409 1514 2448; x_wconf 82' lang='lat' dir='ltr'><strong>aliam</strong></span> <span class='ocrx_word' id='word_1_364' title='bbox 1555 2405 1796 2458; x_wconf 80' lang='lat' dir='ltr'><strong>speciem</strong></span> <span class='ocrx_word' id='word_1_365' title='bbox 1825 2411 1944 2444; x_wconf 84' lang='lat' dir='ltr'><strong>tau-</strong></span> 
     </span>
     <span class='ocr_line' id='line_1_53' title="bbox 1132 2464 1943 2516; baseline -0.004 -11"><span class='ocrx_word' id='word_1_366' title='bbox 1132 2478 1287 2516; x_wconf 85' lang='lat' dir='ltr'><strong>quam</strong></span> <span class='ocrx_word' id='word_1_367' title='bbox 1347 2465 1656 2505; x_wconf 79' lang='lat' dir='ltr'><strong>ridiculam</strong></span> <span class='ocrx_word' id='word_1_368' title='bbox 1716 2464 1943 2504; x_wconf 85' lang='lat' dir='ltr'><strong>intuens</strong></span> 
     </span>
     <span class='ocr_line' id='line_1_54' title="bbox 1132 2520 1942 2576; baseline -0.007 -12"><span class='ocrx_word' id='word_1_369' title='bbox 1132 2537 1286 2575; x_wconf 89' lang='lat' dir='ltr'><strong>quam</strong></span> <span class='ocrx_word' id='word_1_370' title='bbox 1318 2523 1661 2576; x_wconf 85' lang='lat' dir='ltr'><strong>insipientis</strong></span> <span class='ocrx_word' id='word_1_371' title='bbox 1693 2533 1754 2563; x_wconf 81' lang='lat' dir='ltr'><strong>ac</strong></span> <span class='ocrx_word' id='word_1_372' title='bbox 1784 2520 1942 2569; x_wconf 72' lang='lat' dir='ltr'><strong>mali,</strong></span> 
     </span>
     <span class='ocr_line' id='line_1_55' title="bbox 1131 2578 1941 2634; baseline -0.006 -12"><span class='ocrx_word' id='word_1_373' title='bbox 1131 2588 1223 2621; x_wconf 83' lang='lat' dir='ltr'><strong>aut</strong></span> <span class='ocrx_word' id='word_1_374' title='bbox 1293 2582 1386 2634; x_wconf 91' lang='lat' dir='ltr'><strong>qui</strong></span> <span class='ocrx_word' id='word_1_375' title='bbox 1464 2580 1721 2621; x_wconf 80' lang='lat' dir='ltr'><strong>vicissim</strong></span> <span class='ocrx_word' id='word_1_376' title='bbox 1790 2578 1941 2619; x_wconf 89' lang='lat' dir='ltr'><strong>serio</strong></span> 
     </span>
     <span class='ocr_line' id='line_1_56' title="bbox 1133 2637 1943 2691; baseline -0.005 -12"><span class='ocrx_word' id='word_1_377' title='bbox 1133 2640 1264 2691; x_wconf 90' lang='lat' dir='ltr'><strong>quid</strong></span> <span class='ocrx_word' id='word_1_378' title='bbox 1341 2645 1594 2680; x_wconf 81' lang='lat' dir='ltr'><strong>tractare</strong></span> <span class='ocrx_word' id='word_1_379' title='bbox 1671 2637 1943 2678; x_wconf 79' lang='lat' dir='ltr'><strong>instituat</strong></span> 
     </span>
     <span class='ocr_line' id='line_1_57' title="bbox 1132 2695 1939 2748; baseline -0.004 -11"><span class='ocrx_word' id='word_1_380' title='bbox 1132 2697 1296 2737; x_wconf 85' lang='lat' dir='ltr'><strong>alium</strong></span> <span class='ocrx_word' id='word_1_381' title='bbox 1354 2698 1526 2738; x_wconf 82' lang='lat' dir='ltr'><strong>finem</strong></span> <span class='ocrx_word' id='word_1_382' title='bbox 1574 2695 1686 2736; x_wconf 89' lang='lat' dir='ltr'><strong>sibi</strong></span> <span class='ocrx_word' id='word_1_383' title='bbox 1746 2707 1939 2748; x_wconf 88' lang='lat' dir='ltr'><strong>propo-</strong></span> 
     </span>
     <span class='ocr_line' id='line_1_58' title="bbox 1132 2751 1939 2809; baseline -0.009 -12"><span class='ocrx_word' id='word_1_384' title='bbox 1132 2767 1264 2803; x_wconf 79' lang='lat' dir='ltr'><strong>nens</strong></span> <span class='ocrx_word' id='word_1_385' title='bbox 1306 2769 1460 2809; x_wconf 80' lang='lat' dir='ltr'><strong>quam</strong></span> <span class='ocrx_word' id='word_1_386' title='bbox 1501 2755 1723 2794; x_wconf 91' lang='lat' dir='ltr'><strong>bonum.</strong></span> <span class='ocrx_word' id='word_1_387' title='bbox 1793 2751 1939 2791; x_wconf 82' lang='lat' dir='ltr'><strong>Muta-</strong></span> 
     </span>
     <span class='ocr_line' id='line_1_59' title="bbox 1132 2809 1942 2861; baseline -0.005 -9"><span class='ocrx_word' id='word_1_388' title='bbox 1132 2819 1201 2855; x_wconf 83' lang='lat' dir='ltr'><strong>tus</strong></span> <span class='ocrx_word' id='word_1_389' title='bbox 1244 2819 1495 2861; x_wconf 73' lang='lat' dir='ltr'><strong>structurae</strong></span> <span class='ocrx_word' id='word_1_390' title='bbox 1525 2818 1654 2852; x_wconf 89' lang='lat' dir='ltr'><strong>tenor</strong></span> <span class='ocrx_word' id='word_1_391' title='bbox 1685 2809 1854 2860; x_wconf 80' lang='lat' dir='ltr'><strong>effecit,</strong></span> <span class='ocrx_word' id='word_1_392' title='bbox 1893 2816 1942 2849; x_wconf 87' lang='lat' dir='ltr'><strong>ut</strong></span> 
     </span>
     <span class='ocr_line' id='line_1_60' title="bbox 1131 2867 1939 2919; baseline -0.007 -7"><span class='ocrx_word' id='word_1_393' title='bbox 1131 2873 1251 2912; x_wconf 85' lang='lat' dir='ltr'><strong>locus</strong></span> <span class='ocrx_word' id='word_1_394' title='bbox 1285 2885 1311 2912; x_wconf 85' lang='lat' dir='ltr'><strong>a</strong></span> <span class='ocrx_word' id='word_1_395' title='bbox 1341 2871 1538 2912; x_wconf 82' lang='lat' dir='ltr'><strong>librariis</strong></span> <span class='ocrx_word' id='word_1_396' title='bbox 1569 2868 1705 2910; x_wconf 85' lang='lat' dir='ltr'><strong>variis</strong></span> <span class='ocrx_word' id='word_1_397' title='bbox 1738 2867 1939 2919; x_wconf 81' lang='lat' dir='ltr'><strong>partibus</strong></span> 
     </span>
     <span class='ocr_line' id='line_1_61' title="bbox 1131 2925 1938 2981; baseline -0.006 -11"><span class='ocrx_word' id='word_1_398' title='bbox 1131 2935 1498 2981; x_wconf 82' lang='lat' dir='ltr'><strong>corrumperetur.</strong></span> <span class='ocrx_word' id='word_1_399' title='bbox 1559 2925 1703 2974; x_wconf 84' lang='lat' dir='ltr'><strong>Quum</strong></span> <span class='ocrx_word' id='word_1_400' title='bbox 1735 2926 1854 2965; x_wconf 90' lang='lat' dir='ltr'><strong>enim</strong></span> <span class='ocrx_word' id='word_1_401' title='bbox 1885 2926 1938 2965; x_wconf 89' lang='lat' dir='ltr'><strong>ab</strong></span> 
     </span>
     <span class='ocr_line' id='line_1_62' title="bbox 1130 2982 1937 3039; baseline -0.006 -12"><span class='ocrx_word' id='word_1_402' title='bbox 1130 2988 1258 3028; x_wconf 86' lang='lat' dir='ltr'><strong>initio</strong></span> <span class='ocrx_word' id='word_1_403' title='bbox 1293 2983 1344 3027; x_wconf 73' lang='grc' dir='ltr'><strong>ὅς</strong></span> <span class='ocrx_word' id='word_1_404' title='bbox 1376 3009 1426 3016; x_wconf 87' lang='lat'><em>—</em></span> <span class='ocrx_word' id='word_1_405' title='bbox 1470 2982 1628 3039; x_wconf 77' lang='grc' dir='ltr'><em>ἡγεῖται</em></span> <span class='ocrx_word' id='word_1_406' title='bbox 1669 2984 1832 3023; x_wconf 84' lang='lat' dir='ltr'><strong>dictum</strong></span> <span class='ocrx_word' id='word_1_407' title='bbox 1865 2983 1937 3030; x_wconf 76' lang='lat' dir='ltr'><strong>sit,</strong></span> 
     </span>
     <span class='ocr_line' id='line_1_63' title="bbox 1130 3041 1937 3097; baseline -0.005 -12"><span class='ocrx_word' id='word_1_408' title='bbox 1130 3047 1280 3097; x_wconf 90' lang='lat' dir='ltr'><strong>utique</strong></span> <span class='ocrx_word' id='word_1_409' title='bbox 1321 3050 1544 3097; x_wconf 81' lang='lat' dir='ltr'><strong>exspectes</strong></span> <span class='ocrx_word' id='word_1_410' title='bbox 1586 3042 1746 3082; x_wconf 86' lang='lat' dir='ltr'><strong>deinde</strong></span> <span class='ocrx_word' id='word_1_411' title='bbox 1793 3041 1937 3082; x_wconf 86' lang='lat' dir='ltr'><strong>subie-</strong></span> 
     </span>
     <span class='ocr_line' id='line_1_64' title="bbox 1129 3099 1936 3151; baseline -0.005 -8"><span class='ocrx_word' id='word_1_412' title='bbox 1129 3111 1244 3143; x_wconf 83' lang='lat' dir='ltr'><strong>ctum</strong></span> <span class='ocrx_word' id='word_1_413' title='bbox 1294 3103 1370 3148; x_wconf 65' lang='lat' dir='ltr'><strong>iri.</strong></span> <span class='ocrx_word' id='word_1_414' title='bbox 1413 3101 1485 3141; x_wconf 82' lang='grc' dir='ltr'><strong>καὶ</strong></span> <span class='ocrx_word' id='word_1_415' title='bbox 1527 3099 1726 3151; x_wconf 82' lang='grc' dir='ltr'><em>ἐπιχειρεῖ</em></span> <span class='ocrx_word' id='word_1_416' title='bbox 1762 3112 1798 3140; x_wconf 86' lang='grc' dir='ltr'><strong>κ.</strong></span> <span class='ocrx_word' id='word_1_417' title='bbox 1837 3113 1868 3140; x_wconf 92' lang='grc' dir='ltr'><strong>τ.</strong></span> <span class='ocrx_word' id='word_1_418' title='bbox 1902 3100 1936 3139; x_wconf 73' lang='grc' dir='ltr'><strong>λ.</strong></span> 
     </span>
     <span class='ocr_line' id='line_1_65' title="bbox 1129 3157 1937 3212; baseline -0.007 -10"><span class='ocrx_word' id='word_1_419' title='bbox 1129 3160 1217 3202; x_wconf 86' lang='lat' dir='ltr'><strong>Sed</strong></span> <span class='ocrx_word' id='word_1_420' title='bbox 1234 3173 1314 3212; x_wconf 88' lang='lat' dir='ltr'><strong>pro</strong></span> <span class='ocrx_word' id='word_1_421' title='bbox 1339 3160 1527 3206; x_wconf 75' lang='lat' dir='ltr'><strong>relativo</strong></span> <span class='ocrx_word' id='word_1_422' title='bbox 1554 3171 1650 3198; x_wconf 83' lang='lat' dir='ltr'><strong>eum</strong></span> <span class='ocrx_word' id='word_1_423' title='bbox 1674 3157 1808 3197; x_wconf 89' lang='lat' dir='ltr'><strong>verbo</strong></span> <span class='ocrx_word' id='word_1_424' title='bbox 1839 3157 1937 3197; x_wconf 88' lang='lat' dir='ltr'><strong>fini-</strong></span> 
     </span>
     <span class='ocr_line' id='line_1_66' title="bbox 1127 3212 1937 3268; baseline -0.006 -10"><span class='ocrx_word' id='word_1_425' title='bbox 1127 3227 1173 3259; x_wconf 87' lang='lat' dir='ltr'><strong>to</strong></span> <span class='ocrx_word' id='word_1_426' title='bbox 1220 3217 1407 3258; x_wconf 81' lang='lat' dir='ltr'><strong>infertur</strong></span> <span class='ocrx_word' id='word_1_427' title='bbox 1454 3212 1478 3257; x_wconf 85' lang='grc' dir='ltr'><em>ὁ</em></span> <span class='ocrx_word' id='word_1_428' title='bbox 1531 3214 1769 3268; x_wconf 79' lang='grc' dir='ltr'><em>ἐπιχειρῶν.</em></span> <span class='ocrx_word' id='word_1_429' title='bbox 1837 3214 1937 3254; x_wconf 88' lang='lat' dir='ltr'><strong>Hoc</strong></span> 
     </span>
     <span class='ocr_line' id='line_1_67' title="bbox 1126 3269 1933 3326; baseline -0.006 -10"><span class='ocrx_word' id='word_1_430' title='bbox 1126 3277 1330 3317; x_wconf 83' lang='lat' dir='ltr'><strong>nimirum</strong></span> <span class='ocrx_word' id='word_1_431' title='bbox 1362 3277 1476 3315; x_wconf 83' lang='lat' dir='ltr'><strong>idem</strong></span> <span class='ocrx_word' id='word_1_432' title='bbox 1510 3282 1576 3314; x_wconf 87' lang='lat' dir='ltr'><strong>est</strong></span> <span class='ocrx_word' id='word_1_433' title='bbox 1608 3274 1728 3326; x_wconf 88' lang='lat' dir='ltr'><strong>quod</strong></span> <span class='ocrx_word' id='word_1_434' title='bbox 1763 3269 1814 3313; x_wconf 79' lang='grc' dir='ltr'><strong>ὃς</strong></span> <span class='ocrx_word' id='word_1_435' title='bbox 1847 3269 1933 3311; x_wconf 80' lang='grc' dir='ltr'><em>ἐπι-</em></span> 
     </span>
     <span class='ocr_line' id='line_1_68' title="bbox 1331 3330 1934 3374; baseline -0.007 -2"><span class='ocrx_word' id='word_1_436' title='bbox 1331 3333 1423 3374; x_wconf 88' lang='lat' dir='ltr'><strong>Iam</strong></span> <span class='ocrx_word' id='word_1_437' title='bbox 1465 3346 1570 3374; x_wconf 84' lang='lat' dir='ltr'><strong>vero</strong></span> <span class='ocrx_word' id='word_1_438' title='bbox 1610 3333 1713 3371; x_wconf 89' lang='lat' dir='ltr'><strong>inde</strong></span> <span class='ocrx_word' id='word_1_439' title='bbox 1770 3332 1824 3372; x_wconf 86' lang='lat' dir='ltr'><strong>ab</strong></span> <span class='ocrx_word' id='word_1_440' title='bbox 1867 3330 1934 3370; x_wconf 82' lang='grc' dir='ltr'><strong>καὶ</strong></span> 
     </span>
     <span class='ocr_line' id='line_1_69' title="bbox 1125 3385 1933 3442; baseline -0.006 -11"><span class='ocrx_word' id='word_1_441' title='bbox 1125 3385 1356 3442; x_wconf 79' lang='grc' dir='ltr'><em>σπουδάζει</em></span> <span class='ocrx_word' id='word_1_442' title='bbox 1388 3391 1659 3432; x_wconf 81' lang='lat' dir='ltr'><strong>constructio</strong></span> <span class='ocrx_word' id='word_1_443' title='bbox 1694 3389 1933 3430; x_wconf 82' lang='lat' dir='ltr'><strong>revertitur</strong></span> 
     </span>
    </p>
   </div>
   <div class='ocr_carea' id='block_1_13' title="bbox 1123 3446 1931 3491">
    <p class='ocr_par' dir='ltr' id='par_1_15' title="bbox 1123 3446 1931 3491">
     <span class='ocr_line' id='line_1_70' title="bbox 1123 3446 1931 3491; baseline -0.005 -1"><span class='ocrx_word' id='word_1_444' title='bbox 1123 3451 1178 3491; x_wconf 87' lang='lat' dir='ltr'><strong>ad</strong></span> <span class='ocrx_word' id='word_1_445' title='bbox 1209 3457 1471 3490; x_wconf 82' lang='lat' dir='ltr'><strong>structuram</strong></span> <span class='ocrx_word' id='word_1_446' title='bbox 1512 3449 1754 3490; x_wconf 82' lang='lat' dir='ltr'><strong>relativam.</strong></span> <span class='ocrx_word' id='word_1_447' title='bbox 1803 3446 1877 3487; x_wconf 89' lang='lat' dir='ltr'><strong>He</strong></span> <span class='ocrx_word' id='word_1_448' title='bbox 1892 3459 1931 3485; x_wconf 90' lang='lat' dir='ltr'><strong>r-</strong></span> 
     </span>
    </p>
   </div>
   <div class='ocr_carea' id='block_1_14' title="bbox 2048 2722 2072 3730">
    <p class='ocr_par' dir='ltr' id='par_1_16' title="bbox 2048 2722 2072 3730">
     <span class='ocr_line' id='line_1_71' title="bbox 2048 2722 2072 3730; baseline 0 0"><span class='ocrx_word' id='word_1_449' title='bbox 2048 2722 2072 3730; x_wconf 95' lang='lat' dir='ltr'><strong> </strong></span> 
     </span>
    </p>
   </div>
  </div>
 </body>
</html>
