2124 3744
308 162 407 212 248
942 159 1420 214 PLATONIS

309 324 409 365 τας
453 308 498 355 εὶ
540 299 616 370 μὴ
662 301 1007 371 ἀναγκαίους
1049 314 1255 379 φαῖμεν
1314 306 1487 375 εἶναι,
1543 298 1636 376 ἆρ’
1701 303 1766 358 οὐ
1827 307 2004 366 καλῶς

309 383 381 439 ὀὲν
425 388 705 454 λέγοιμεν;
798 390 997 451 Καλῶς
1038 393 1140 460 μὲν
1184 380 1303 443 οὖν.
1391 387 1790 461 Προελώμεθα
1837 386 1905 454 δή
1953 409 2006 441 τι

311 466 659 540 παράδειγμα
706 476 1001 542 ἑκατέρων,
1061 478 1127 527 αἴ
1166 479 1329 535 εἰσιν,
1388 478 1482 527 ἵνα
1543 471 1696 541 τύπῳ
1752 472 2006 543 λάβωμεν

312 551 518 618 aurcis-3
611 550 830 609 Οὐκοῦν
870 553 996 627 χρή.
1066 549 1191 627 'Ap'
1255 549 1358 610 οὖν
1411 556 1513 628 οὐχ
1568 555 1603 624 ἡ
1656 559 1759 611 τοῦ
1804 567 2005 629 φαγεῖν

309 642 461 709 μέχρι
502 636 709 705 ὑγιείας
752 660 808 693 τε
853 645 945 695 καὶ
991 639 1196 707 εὐεξίας
1250 643 1342 694 καὶ
1387 641 1566 697 αὐτοῦ
1616 645 1770 695 σίτου
1815 660 1870 694 τε
1913 644 2005 694 καὶ

310 717 461 795 ὄψου
522 720 830 791 ἀναγκαῖος
882 720 954 778 ὀὲν
1010 725 1126 795 εἴη·,
1219 724 1406 793 Οἶμαι.
1495 724 1578 781 ‘H
1624 730 1723 794 μέν
1778 728 1836 791 γέ
1894 745 2006 778 που

307 809 407 860 τοῦ
452 809 606 859 σίτου
652 805 777 860 κατ’
825 806 1120 886 ἀμφότερα
1166 809 1478 877 ἀναγκαία,
1532 803 1563 885 ᾗ
1623 830 1680 863 τε
1736 806 2008 882 ὠφέλιμος

311 890 342 966 3‘7
390 910 444 943 τε
485 893 695 944 παῦσαι
742 893 919 957 ζῶντα
966 892 1194 959 δυνατή.

312 970 386 1049 πῄ
441 994 565 1027 τινα
626 973 899 1049 ὠφέλειαν
959 975 1098 1048 πρὸς
1161 975 1371 1043 εὐεξίαν
1426 984 1735 1050 παρέχεται.

1280 896 1411 948 Ναί.
1493 892 1567 948 ‘H
1622 896 1677 947 δὲ
1723 889 1901 967 ὄψου,
1959 892 2009 947 εἴ

1834 974 2006 1031 Πάνυ

430 1138 482 1179 Β.
544 1137 845 1193 ἆναγκαῖος
888 1139 948 1181 ἄν
993 1142 1102 1194 εἴη]
1142 1141 1217 1182 Sic
1262 1145 1354 1183 Par.
1397 1147 1446 1181 Α.
1497 1141 1599 1183 Ven.
1634 1139 1680 1181 Ξ.
1725 1140 1854 1180 Vind.
1896 1142 2006 1192 Ang.

316 1197 409 1236 Vat.
450 1211 503 1237 m.
545 1196 664 1240 Flor.
705 1209 743 1237 a.
783 1210 819 1238 c.
863 1212 902 1241 Χ.
947 1215 988 1241 α.
1032 1216 1071 1252 y.
1118 1205 1162 1240 et
1202 1213 1313 1243 corr.
1346 1198 1441 1240 Vat.
1479 1198 1531 1239 Θ.
1595 1198 1737 1251 Vulgo
1766 1196 2011 1251 ἀναγκαίως

311 1254 575 1312 Mem-Flor.
607 1257 650 1306 β.
681 1253 907 1308 ἀναγκαία.

426 1313 448 1363 ᾗ
492 1327 547 1351 τε
587 1315 790 1352 παῦσαι
829 1311 1003 1360 ζῶντα
1045 1312 1113 1366 δῖ]
1168 1313 1285 1354 Mon.
1322 1314 1444 1354 Flor.
1485 1315 1526 1365 β.
1567 1311 1625 1365 μὴ
1669 1316 1849 1353 παῦσαι.
1916 1313 2006 1353 Pro

310 1369 448 1418 ζῶντα
481 1367 733 1411 Athenaeus
765 1370 868 1413 XII.
899 1384 940 1423 p.
969 1371 1068 1414 401.
1103 1371 1170 1414 ed.
1201 1371 1337 1412 Schw.
1369 1373 1600 1418 πεινῶντα,
1640 1369 1754 1422 quod
1796 1371 1838 1411 in
1858 1383 2005 1423 marg.

308 1507 425 1551 Plut.
448 1522 489 1550 v.
510 1508 646 1551 1002:
677 1509 750 1550 καὶ
781 1510 894 1564 πρὸς
918 1511 986 1552 ἐπὶ
1007 1509 1115 1550 τού-

306 1580 400 1611 τοις
431 1565 550 1605 εἷπεν
581 1583 617 1607 κ.
649 1582 689 1607 τ.
720 1568 755 1611 λ.
794 1568 936 1623 Eurip.
969 1568 1115 1610 Phoe-

307 1623 408 1666 nise.
430 1637 468 1665 v.
490 1622 599 1668 884⁴:
632 1624 705 1663 καὶ
737 1625 847 1680 πρὸς
879 1626 1114 1681 ἠτιμασμέ-

308 1695 392 1726 νος.
456 1681 568 1723 Post
598 1685 669 1721 και
706 1685 963 1737 pervulgato
995 1697 1116 1725 more

308 1750 546 1790 pronomen
590 1740 815 1782 relativum
850 1741 1116 1784 nominativo

306 1808 412 1837 casu
454 1796 714 1838 iterandum:
757 1811 854 1840 nam
888 1802 1013 1853 plene
1054 1800 1117 1839 di·

309 1854 493 1895 cendum
517 1854 617 1895 fuit:
650 1855 723 1894 καὶ
754 1855 804 1895 αἳ
829 1860 1004 1910 προςέτι
1035 1856 1116 1898 οὕ-

309 1911 377 1951 δὲν
407 1910 594 1965 ἀγαθόν
622 1913 799 1953 ἐνοῦσαι
832 1915 1001 1968 δρῶσιν.

364 1969 660 2024 ἑκατέρων,
694 1970 753 2010 αἵ
781 1971 935 2026 εἰσιν]
970 1973 1014 2014 1η
1049 1971 1115 2012 ms

309 2027 500 2068 Astius
542 2034 586 2068 et
625 2029 683 2068 A.
724 2028 994 2071 Matthiae
1033 2030 1113 2069 Gr.

306 2087 454 2137 Ampl.
488 2099 529 2138 p.
560 2085 664 2130 907.
701 2086 752 2124 αἳ
788 2099 866 2139 pro
903 2088 1016 2132 τίνες
1048 2087 1112 2127 di-

308 2148 425 2183 ctum
470 2144 745 2184 arbitrantur.
816 2143 910 2185 Non
959 2157 1111 2186 assen-

306 2201 403 2244 tior.
472 2199 582 2242 Nam
640 2198 690 2246 ὅς
733 2214 905 2255 semper
945 2203 1109 2244 finitum

307 2264 376 2299 est
411 2259 687 2310 referturque
735 2259 788 2299 ad
832 2264 993 2300 certam
1035 2262 1110 2301 ali-

304 2328 428 2368 quam
476 2328 568 2357 rem
618 2317 686 2357 vel
737 2329 993 2369 personam:
1045 2318 1110 2364 τίς

306 2373 566 2426 quaerit-de
597 2387 676 2425 eo,
714 2374 831 2426 quod
873 2380 942 2415 est
970 2375 1110 2416 infini-

305 2438 395 2472 tum
440 2436 572 2484 atque
621 2433 845 2475 incertum.
918 2432 982 2473 Ex
1022 2445 1108 2486 quo

305 2494 428 2542 patet
475 2492 656 2530 alterum
697 2501 791 2530 cum
839 2492 975 2531 altero
1025 2503 1108 2531 non

300 2545 499 2599 potuisse
558 2548 809 2600 permutari.
889 2547 1107 2590 Quocirca

301 2603 409 2645 hunc
438 2606 588 2646 locum
616 2605 680 2645 sic
709 2605 982 2657 interpretari
1015 2619 1106 2647 ma-

298 2663 395 2705 lim:
428 2663 713 2704 Sumamus
737 2663 905 2715 igitur
927 2668 1108 2704 e'xem—

299 2722 443 2773 plum
514 2719 745 2772 aliquod
818 2720 1108 2774 cupidita-

301 2783 409 2820 tum
479 2779 780 2830 utriusque
856 2779 1104 2833 generis,

298 2848 440 2887 quae
494 2848 530 2878 s.
586 2837 822 2888 quales
902 2849 1104 2878 revera

299 2897 444 2934 sunt.
505 2893 689 2935 Poterat
718 2893 847 2946 igitur
878 2895 1006 2935 etiam
1041 2895 1105 2934 sic

299 2949 466 2992 dicere:
513 2949 803 3003 προελώμεθα
845 2950 898 3003 δή
938 2968 984 2992 τι
1021 2967 1106 2991 πα-

298 3006 512 3063 ράδειγμα
542 3014 628 3049 τῶν
646 3007 787 3049 οὐσῶν
807 3007 1007 3061 ἑκατέρου
1038 3011 1104 3062 γέ·

297 3079 401 3110 vom,-
431 3067 692 3122 ἐπιθυμιῶν.
753 3066 951 3107 Aliorum
984 3069 1103 3108 loco-

299 3135 405 3168 rum,
437 3135 548 3175 quos
584 3124 662 3164 huc
692 3133 979 3174 revocarunt,
1021 3125 1103 3165 etsi

298 3180 442 3233 paullo
474 3181 554 3220 alia
587 3182 697 3222 ratio
723 3186 805 3231 est,
839 3187 984 3222 tamen
1018 3195 1103 3222 non

298 3237 438 3278 maior
487 3243 555 3277 est
602 3240 666 3278 vis
709 3239 762 3279 ad
808 3251 935 3280 usum
981 3240 1102 3280 illum

296 3294 462 3335 relativi
493 3293 893 3338 demonstrandum.
926 3297 981 3339 cf.
1006 3298 1100 3340 libr.

300 3353 375 3393 lV.
409 3364 449 3405 p.
478 3350 578 3395 444.
611 3354 668 3395 A.
705 3348 781 3395 Vl.
831 3367 873 3407 p.
901 3353 1000 3397 504.
1042 3355 1101 3396 A.

296 3409 472 3453 Menon.
511 3423 552 3463 p.
604 3410 672 3454 80.
715 3410 766 3453 D.
802 3435 855 3440 -—
917 3412 1101 3453 Senten-

1205 1512 1306 1552 tiam
1340 1511 1574 1552 verborum
1613 1508 1668 1556 ὦς
1706 1507 1828 1562 τόπῳ
1869 1508 2008 1563 λάβω-

1199 1583 1278 1622 μεν
1309 1581 1553 1621 cognosces
1587 1581 1640 1610 ex
1668 1573 1811 1610 annot,
1832 1567 1886 1608 ad
1911 1569 2005 1610 libr.

1200 1627 1287 1667 III.
1317 1639 1352 1669 c.
1385 1626 1454 1670 20.

1239 1686 1416 1738 ,μέχρι
1448 1681 1664 1735 ὑγιείας
1695 1697 1747 1721 τε
1777 1682 1870 1722 καὶ
1895 1681 2004 1724 εὖε-

1201 1739 1332 1795 ξίας]
1363 1745 1640 1794 quatenus
1674 1741 1853 1793 exigit
1886 1753 2005 1782 cor-

1202 1801 1356 1851 poris
1407 1798 1676 1839 valetudo
1727 1804 1781 1839 et
1833 1799 2005 1839 bouus

1200 1856 1435 1900 habitus.
1470 1856 1578 1897 Dein
1611 1857 1737 1908 vulgo
1761 1861 1852 1896 erat
1873 1855 2004 1908 ἄναγ-

1198 1915 1324 1960 natm
1340 1913 1393 1954 ἂν
1409 1916 1490 1966 εἴη,
1504 1913 1618 1966 quod
1639 1918 1784 1953 tuetur
1798 1918 1827 1953 A
1842 1919 1891 1954 st
1904 1915 2003 1963 ius,

1197 1984 1278 2012 nec
1310 1986 1391 2024 ego
1425 1984 1600 2025 prorsus
1640 1983 1921 2024 aspernarer,
1967 1972 2004 2012 si

1198 2030 1424 2070 meliorum
1477 2030 1680 2070 librorum
1743 2029 2005 2070 auctoritate

1198 2088 1448 2129 muniretur.
1494 2086 1619 2127 Solet
1652 2086 1763 2127 enim
1795 2086 1923 2138 εἶναι,
1957 2091 2005 2127 ut

1197 2144 1298 2185 Lat.
1341 2158 1492 2195 esse,
1530 2143 1742 2185 interdum
1782 2157 1878 2184 cum
1923 2143 2001 2184 ad-

1196 2203 1354 2243 verbiis
1387 2203 1605 2255 copulari,
1648 2202 1683 2242 si
1723 2214 1807 2242 non
1841 2203 2004 2254 simpli-

1196 2273 1286 2301 cem
1320 2261 1438 2301 verbi
1471 2259 1728 2300 substantivi
1763 2259 1893 2300 habet
1921 2273 2002 2312 po-

1195 2323 1417 2369 testatem,
1449 2317 1525 2358 sed
1558 2317 1685 2357 simul
1718 2316 2004 2372 comprehen-

1195 2377 1258 2417 dit
1288 2376 1525 2428 praedicati
1569 2376 1814 2425 notionem,
1856 2379 1903 2414 nt
1934 2376 2002 2414 vel

1194 2447 1250 2474 se
1295 2433 1502 2475 habere
1550 2435 1617 2474 vel
1662 2432 1908 2485 reperiri
1965 2446 2002 2475 s.

1195 2497 1391 2532 extare
1454 2489 1798 2544 (vorbanden
1850 2490 2002 2540 sein)

1193 2548 1415 2601 significet.
1450 2562 1490 2588 v,
1522 2549 1575 2589 ad
1610 2547 1851 2600 Euthyphr.
1883 2560 1923 2600 p.
1944 2548 2002 2591 10

1193 2620 1260 2658 sq.
1324 2606 1540 2649 Quocirca
1572 2605 1678 2647 baec
1698 2608 1847 2658 utique
1875 2605 2001 2647 liceat

1192 2666 1254 2705 sic
1295 2665 1555 2717 intelligere:
1615 2662 1701 2715 „W
1723 2664 1748 2703 ii
1766 2677 1787 2704 r
1806 2676 1830 2704 e
1878 2675 1905 2702 n
1924 2676 1951 2704 u
1972 2676 1999 2704 n

1191 2720 1340 2762 nicht
1399 2722 1488 2763 die
1545 2720 1822 2773 Begierde
1879 2734 1996 2761 zum

1189 2780 1370 2820 Essen
1450 2804 1502 2810 —-
1575 2776 1998 2830 nothwendiger

1195 2837 1373 2878 Weise
1406 2835 1796 2878 vorhanden?“
1839 2836 1995 2877 Verum

1190 2896 1302 2936 enim
1342 2908 1446 2936 vero
1488 2906 1618 2947 quum
1661 2893 1755 2933 libri
1793 2894 1995 2935 meliores

1189 2951 1424 3006 ἀναγκαῖος
1479 2953 1689 3003 scriptum
1751 2949 1994 3002 exhibeant,

1191 3023 1326 3063 eaque
1358 3010 1487 3051 lectio
1517 3009 1597 3062 ipsi
1634 3009 1873 3049 sententiae
1904 3021 1993 3049 ma-

1191 3068 1256 3119 gis
1289 3067 1616 3109 accommodata
1643 3063 1851 3116 videatur,
1884 3063 1994 3108 alte-

1190 3139 1278 3166 ram
1313 3127 1567 3178 scripturam
1596 3121 1696 3163 inde
1716 3127 1858 3164 natam
1895 3138 1995 3166 esse

1191 3183 1408 3234 existimo,
1440 3182 1554 3234 quod
1578 3180 1825 3222 terminatio
1857 3195 1990 3235 gene-

1188 3242 1248 3280 ris
1289 3240 1478 3280 feminini
1519 3240 1562 3279 in
1604 3238 1650 3283 a}
1693 3238 1992 3291 subsequente

1187 3297 1332 3339 statim
1371 3295 1584 3350 ἀναγκαία
1621 3295 1819 3338 librarios
1849 3298 1990 3339 offen-

1187 3354 1324 3398 deret.
1395 3355 1459 3396 De
1508 3353 1631 3395 huius
1678 3355 1990 3395 terminationis

1186 3411 1396 3454 varietate.
1431 3410 1484 3455 εἴ.
1519 3412 1590 3456 IV.
1622 3427 1661 3467 p.
1682 3411 1781 3455 425.
1803 3412 1853 3453 D.
1878 3413 1987 3473 Vlll.
