2106 3594
300 120 552 176 CXXIV
1035 136 1051 162 ⁸

301 263 403 315 bus
453 263 737 314 arctiorem
784 263 1021 315 inierunt
1088 261 1322 316 foederis
1382 262 1859 330 necessitudinem,
1926 272 1986 315 ut

300 334 519 403 saepius
545 334 675 385 illuc
712 332 936 386 deducti
958 334 1069 387 sint
1091 333 1289 386 milites
1329 334 1663 394 mercenarii.
1704 355 1756 386 v.
1797 333 1987 391 Thu-

299 405 445 475 cyd.
471 405 581 456 Vll.
609 405 693 457 27.
734 405 930 474 Itaque
952 406 1262 458 factumest
1302 405 1555 474 denique,
1582 412 1645 458 ut
1681 406 1846 458 etiam
1870 425 1986 475 .pu-

300 476 437 529 blice
472 475 934 529 Bendidis'sacra
959 476 1374 530 'celebrarentur
1407 485 1573 546 atque
1607 476 1744 530 adeo
1788 496 1989 546 pompa

297 547 575 600 sollemnis
598 548 654 599 in
680 547 938 600 honorem
966 547 1103 600 deae
1123 547 1389 601 Thraciae
1416 548 1722 615 duceretur,
1754 547 1910 600 cuius
1937 555 1992 600 et

298 618 474 670 theori
495 619 770 689 (θεωροί)
802 619 1023 672 Thracii
1038 627 1098 672 ct
1113 637 1242 672 vero
1267 620 1427 673 etiam
1455 619 1605 672 cives
1624 619 1991 672 Athenienses

298 697 484 743 essent
516 691 831 762 participes.
904 691 972 745 Id
1010 690 1151 744 euim
1191 691 1506 763 significant
1540 691 1706 744 verba
1739 691 1988 744 Platonis

296 761 448 817 Libr.
469 761 514 815 I.
537 782 592 832 p.
613 764 734 816 327.
757 765 828 816 A.
854 764 991 829 καλὴ
1011 765 1117 833 ’μὲν
1145 761 1245 817 ov’v
1261 784 1361 832 μοι
1387 766 1477 816 καὶ
1507 762 1677 827 ἡτῶν
1689 768 1994 832 ἐπιχωρίων

297 833 490 902 πομπὴ
539 836 733 901 ἔδοξεν
785 834 954 899 εἶναι,
1006 833 1071 888 οὐ
1119 839 1316 902 μέντοι
1362 825 1535 900 ἦττον
1571 838 1829 904 ἐφαίνετο
1868 838 1989 902 πρέ-

296 924 419 957 πειν
474 902 544 970 ἢν
593 909 648 959 οὶ
702 907 914 974 Θρᾶκες
959 908 1242 976 ,ἕπεμπονε
1304 905 1399 959 ubi
1443 904 1555 959 noli
1603 904 1671 958 de
1727 904 1991 958 militibus

298 975 548 1035 Thraciis
584 978 935 1032 mercenariis
972 997 1095 1031 cum
1134 975 1199 1031 C.
1247 977 1354 1030 Fr.
1393 977 1791 1029 Hermanno
1831 975 1989 1029 Cum.

296 1047 385 1100 De
435 1048 693 1119 Reipubl.
737 1049 880 1102 Plat.
934 1049 1303 1121 temporibuS‚
1353 1069 1405 1119 p.
1448 1051 1528 1103 12.
1567 1067 1687 1118 sqq.
1727 1047 1992 1119 cogitare,

297 1138 462 1188 quum
523 1121 872 1191 requirantur
911 1127 1036 1192 -pros
1096 1120 1355 1174 militibus
1408 1120 1594 1190 potius
1640 1119 1848 1186 theori‚
1898 1120 1994 1188 qui

296 1191 490 1260 quovis
521 1196 774 1261 ‘tempore
811 1192 1063 1246 Athenas·
1097 1192 1236 1246 mitti
1284 1191 1581 1263 potuerint.
1665 1191 1862 1260 ltaque
1885 1209 1991 1243 .νο-

295 1262 482 1315 risime
516 1263 932 1318 Boeckhius
970 1263 1281 1332 contendit,
1335 1263 1560 1334 exvvipsa
1597 1262 1846 1315 Platonis
1882 1261 1994 1315 Re-

333 1333 514 1387 ublica
559 1334 680 1387 fieri
730 1334 1106 1407 perspicuum,
1129 1333 1539 1388 'Bendidiorum
1572 1333 1858 1388 sollemnia
1893 1334 1994 1404 puss

294 1354 437 1458 filice
473 1405 695 1474 quidem
735 1414 790 1459 et
824 1425 948 1460 cum
1002 1413 1222 1478 pompa
1242 1406 1505 1460 sollemni
1555 1405 1848 1459 coniuncta
1881 1405 1993 1475 pri-

293 1495 440 1529 mum
471 1477 763 1530 celebrata
789 1496 956 1547 =esse5
1001 1497 1116 1547 quo*
1146 1486 1397 1547 tempore
1433 1477 1769 1546 Respublica
1806 1476 1991 1530 Plato—

294 1547 379 1600 nis
414 1547 645 1619 fingitur
678 1557 959 1620 perorata,
1011 1549 1118 1602 hoc
1151 1548 1496 1620 estss-Olymp.
1534 1546 1721 1603 XCII.
1743 1550 1902 1601 2.·—-
1939 1549 1990 1600 3.

293 1639 341 1671 a.
381 1617 513 1674 Chr.
552 1639 604 1672 n.
640 1624 763 1675 411.
795 1645 869 1671 v-2
907 1623 1034 1676 410.
1066 1621 1126 1673 in
1161 1619 1689 1691 quamsententiam
1727 1619 1998 1673 concessit

293 1690 455 1743 etiam
493 1693 563 1745 A.
610 1691 910 1755 Meinek.
954 1693 1173 1770 Fragm.
1213 1689 1369 1751 Com.
1420 1689 1519 1744 Gr.
1569 1691 1699 1747 V01.·
1734 1691 1812 1744 11.1
1843 1692 1994 1757 Part.

292 1762 350 1816 11.
427 1802 440 1814 .
499 1764 673 1832 1096.,
716 1765 812 1833 qui
851 1763 1002 1834 quod
1039 1763 1282 1818 nondum
1315 1781 1502 1816 omnes
1537 1762 1785 1817 sublatas
1818 1762 1995 1816 videri

295 1833 382 1886 diff
419 1833 651 1888 cultates
689 1834 979 1906 professus-
1012 1845 1113 1903 est,
1151 1835 1460 1888 meminisse
1482 1834 1693 1887 iuvabit
1714 1834 1770 1887 in
1791 1834 1994 1887 talibus

295 1905 705 1976 quaestionibus
744 1907 1091 1961 coniecturae
1125 1907 1440 1978 exploratae
1468 1905 1996 1960 verisimilitUdinem

295 1977 543 2031 veritatis
581 1977 792 2032 vicibus
819 1978 1018 2048 'utique
1056 1977 1285 2050 defungi
1321 1985 1592 2048 oportere.
1868 2000 1870 2004 ’

436 2049 641 2118 Atque
664 2049 808 2103 ¹haec
848 2049 1080 2120 quidem
1132 2049 1199 2102 de
1224 2050 1585 2119 >temporibus
1635 2047 1900 2101 sermonis
1937 2049 1995 2100 in

296 2119 605 2190 Republica
655 2120 826 2175 habiti
873 2121 943 2174 ad
993 2120 1216 2193 Olymp.
1254 2119 1423 2176 XCII.
1459 2123 1508 2174 2.
1545 2121 1633 2174 vel
1672 2122 1720 2173 3.
1759 2120 1996 2173 referen-

296 2190 431 2259 dis„
482 2190 702 2252 Contra
741 2212 904 2263 quam
964 2194 1230 2246 rationem
1291 2191 1356 2248 C.
1405 2192 1509 2246 Fr.
1556 2192 1992 2245 Hermannus

296 2263 396 2316 etsi
433 2262 491 2315 in
515 2262 687 2317 diario
710 2265 876 2318 litter.
906 2263 1220 2318 Darmstad.
1258 2264 1704 2333 Allgemeine
1743 2261 1992 2317 Schul-

296 2334 598 2407 zeitung
642 2355 691 2390 a.
746 2338 899 2390 1831.
949 2335 1096 2391 Sect.
1135 2336 1190 2388 ll.
1245 2335 1316 2390 N.
1371 2335 1466 2389 82.
1503 2355 1559 2405 p.
1607 2336 1728 2387 6511.
1778 2352 1899 2404 sqq.
1940 2342 1996 2387 et

294 2405 352 2458 in
390 2406 552 2476 Disp.
575 2406 680 2460 'De
706 2408 935 2479 reipubl.
959 2408 1104 2461 Plat.
1129 2407 1482 2479 temporibus.
1510 2406 1796 2477 Marburg.
1841 2407 1993 2460 1839.

297 2482 347 2532 4.
372 2476 519 2530 edita
548 2479 928 2550 >gravissimam
955 2479 1127 2533 movit
1151 2478 1599 2546 controversiam,
1641 2480 1802 2548 quam
1826 2478 1991 2530 'etiam

296 2549 548 2620 inDisp.
572 2551 660 2603 De
686 2550 1094 2623 Thrasymacho
1121 2549 1515 2606 Chalcedonio.
1545 2549 1796 2620 Gotting.
1838 2551 1993 2603 1849.

296 2625 344 2675 4.
399 2635 455 2673 et
497 2623 554 2674 in
605 2621 751 2675 dian·
778 2622 993 2676 laudat.
1049 2642 1097 2675 a.
1151 2623 1303 2677 1840.
1352 2622 1423 2676 N.
1479 2623 1564 2675 78.
1617 2642 1670 2693 p.
1712 2622 1830 2676 634.
1869 2639 1991 2689 sqq.

296 2693 525 2747 ulterius
576 2694 872 2763 protraxitg
938 2702 1121 2747 tamen
1146 2714 1270 2748 ‘nos
1318 2693 1536 2762 quidem
1583 2692 1830 2744 fatemur*
1875 2692 1993 2745 eius

298 2762 667 2834 disputatione
717 2766 936 2820 minime
997 2773 1276 2836 permotos
1326 2783 1473 2831 esse,
1521 2771 1583 2816 ut
1631 2783 1778 2830 eam,
1830 2782 1992 2833 quam

297 2833 461 2887 modo
512 2836 942 2907 explicavimus,
986 2838 1251 2891 rationem
1301 2834 1655 2890 deserendam
1702 2834 1992 2888 arbitrare-

298 2923 433 2957 mur.
510 2906 676 2973 Quod
726 2910 869 2963 enim
917 2909 1002 2962 vir
1047 2907 1444 2963 eruditissimus
1505 2913 1839 2975 conquestus
1889 2913 1990 2973 est,

299 2976 567 3029 violenter
603 2981 770 3031 statui
805 2982 915 3034 isto
964 2987 1127 3051 pacto
1175 2998 1314 3049 quae
1362 2978 1705 3046 antiquitatis
1743 2977 1990 3030 testimo-

297 3047 403 3100 niis
453 3050 725 3102 contraria
769 3052 905 3120 sint,
928 3068 929 3071 ’
955 3054 1073 3122 ipse
1122 3060 1270 3104 certe
1329 3049 1521 3103 sumsit
1566 3058 1731 3119 atque
1785 3049 1989 3119 posuit,

299 3137 440 3187 quae
486 3119 677 3173 iisdem
728 3123 889 3183 etiam
927 3124 1144 3193 saepius
1182 3130 1346 3191 atque
1385 3120 1759 3174 vehementius
1798 3120 1990 3173 adver-

301 3196 507 3243 santur.
595 3189 814 3263 Quippe
862 3195 1074 3248 censuit
1124 3193 1213 3246 ille
1274 3211 1573 3246 sermonem
1635 3192 1988 3262 Reipublicae

299 3261 544 3315 habitum
581 3262 719 3334 fingi
755 3262 827 3317 Ol
868 3285 974 3335 mp.
1013 3264 1359 3319 LXXXVII.
1400 3266 1450 3316 2.
1478 3263 1563 3316 vel
1603 3265 1651 3317 3.
1688 3263 1740 3321 h.
1782 3282 1826 3316 e.
1865 3271 1988 3315 ante

302 3329 433 3387 Chr.
485 3353 534 3389 n.
588 3336 707 3388 431.
760 3354 830 3388 vev
895 3338 1015 3390 430.
1066 3337 1145 3389 ita
1194 3343 1254 3388 ut-
1304 3333 1517 3388 Glauco
1566 3343 1621 3387 et
1659 3334 1987 3387 Adimantus
