2124 3744
311 199 376 246 5⁶
933 193 1402 245 PLATONIS

308 341 594 439 προςήκει,
662 345 867 411 ἔρημον
928 362 1019 393 και
1088 340 1256 406 ἀτελῆ
1326 344 1665 414 φιλοσοφίαν
1731 343 2010 402 λείποντες

310 425 476 480 αὐτοί
522 446 578 479 τε
621 427 746 495 βίον
793 424 860 479 οὐ
908 424 1262 496 προςήκοντα
1307 423 1420 479 οὐδ’
1470 422 1671 490 ἀληθῆ
1719 425 1860 490 ζῶσι,
1904 421 2008 490 τὴν

310 512 392 571 δέ,
452 506 626 581 ὥςπερ
685 508 953 583 ὀρφανην
1003 509 1298 579 ξυγγενῶν,
1367 505 1529 563 ἄλλοι
1594 507 2009 571 ὲπειςελθόντες

307 592 535 659 ἀνάξιοι
585 589 830 669 ᾔσχυνάν
886 614 941 664 τε
1000 598 1089 647 καὶ
1151 592 1339 657 ὀνείδη
1395 594 1711 696 περιῆψαν,
1768 589 1859 646 οἶα
1914 594 2007 646 καὶ

305 676 372 732 σὺ
416 675 553 775 φῂς
568 677 846 744 ὀνειδίζειν
891 698 1024 741 τους
1067 677 1467 742 ὀνειδίζοντας,
1524 675 1597 739 ὡς
1657 681 1711 731 οὶ
1755 675 2009 741 ξυνόντες

305 760 448 839 αὐτῇ
515 767 569 817 οἱ
624 767 726 834 μὲν
769 760 1027 826 οὐδενός,
1086 767 1140 817 οἱ
1183 763 1239 815 δὲ
1299 765 1496 816 πολλοὶ
1557 763 1778 815 πολλῶν
1823 763 2009 814 κακῶν

303 843 454 912 ἄξιοί
497 852 616 902 εἰσι.
667 848 780 901 Καὶ
821 844 930 919 γὰρ
971 838 1090 910 οὗν,
1133 850 1257 920 ἔφη,
1305 844 1376 900 τά
1422 867 1481 914 γε
1507 844 1770 915 λεγόμενα
1808 848 2008 900 ταῦτα.

310 931 550 995 Εικότως
594 954 683 1001 γε,
739 922 811 998 ἦν
851 931 908 986 δ’
960 930 1094 999 ἐγώ,
1150 927 1436 1001 λεγόμενα.
1490 932 1852 1000 καθορῶντες
1896 926 2006 1000 γὰρ

306 1012 467 1072 ἄλλοι
508 1014 908 1086 ἀνθρωπίσκοι
949 1012 1111 1083 κενὴν
1168 1013 1273 1083 τὴν
1322 1013 1514 1086 χώραν
1567 1012 1779 1080 ταύτην
1820 1035 2009 1083 γιγνο-

213 1100 268 1152 D
304 1108 490 1172 μένην,
533 1103 720 1156 καλῶν
760 1103 818 1156 δὲ
863 1099 1161 1171 ὀνομάτων
1197 1103 1290 1154 καὶ
1334 1097 1744 1171 προσχημάτων
1787 1096 2005 1167 μεστήν,

304 1183 478 1284 ὥςπερ
521 1190 575 1239 οἱ
620 1191 676 1239 ἐκ
722 1188 835 1240 τῶν
879 1188 1114 1256 ειργμῶν
1159 1191 1233 1247 εὶς
1277 1182 1346 1238 τὰ
1397 1182 1515 1255 ἱερα
1548 1180 2008 1252 ἀποδιδράσκον-

305 1292 406 1334 τες,
443 1264 677 1339 ἅσμενοι
735 1273 828 1324 καὶ
870 1272 1028 1326 οὑτοι
1071 1275 1127 1323 ἐκ
1168 1271 1281 1323 τῶν
1327 1271 1532 1338 τεχνῶν
1575 1269 1879 1333 ἐκπηδῶσιν
1934 1270 2010 1330 εἰς

302 1352 406 1422 τὴν
450 1357 831 1428 φιλοσοφίαν,
878 1357 930 1409 οἳ
973 1351 1045 1408 ἂν
1089 1351 1450 1428 κομψότατοι
1495 1350 1651 1416 ὄντες
1694 1349 2006 1423 τυγχάνωσι

304 1441 428 1508 περὶ
474 1437 536 1493 τὸ
585 1435 773 1493 αὑτῶν
821 1444 1051 1509 τέχνιον
1120 1434 1270 1507 ὅμως
1328 1434 1438 1508 γὰρ
1493 1433 1560 1503 δὴ
1622 1436 1762 1506 πρός
1803 1458 1861 1506 γε
1907 1456 2009 1498 τας

305 1520 482 1587 ἄλλας
527 1528 719 1594 τέχνας
747 1526 942 1596 καίπερ
991 1518 1134 1578 οὕτω
1161 1522 1518 1595 πραττούσης
1556 1525 1897 1596 φιλοσοφίας
1937 1517 2002 1575 τὸ

422 1690 767 1743 φιλοσοφίαν
807 1689 1128 1740 λείποντες]
1192 1687 1267 1728 Sic
1305 1699 1400 1728 cum
1434 1686 1537 1727 Bas.
1569 1687 1610 1730 2.
1645 1686 1854 1740 scriptum
1889 1684 2009 1727 exhi-

306 1748 410 1788 bent
441 1748 542 1790 Par.
574 1751 624 1789 A.
662 1749 766 1788 Vat.
803 1745 850 1787 Θ.
893 1746 996 1789 Ven.
1038 1759 1085 1788 ....
1116 1745 1250 1787 Vind.
1292 1744 1410 1786 Mon.
1453 1746 1605 1798 Angel.
1654 1742 1752 1786 vat.
1794 1757 1848 1785 m.
1890 1756 1922 1784 r.
1965 1747 2010 1784 et

305 1805 563 1849 Florentini.
615 1806 761 1859 Vulgo
793 1803 1002 1852 λιπόντες.
1067 1803 1155 1846 Pro
1187 1798 1253 1851 οἷς
1281 1800 1471 1856 μάλιστα
1501 1799 1706 1858 προςήκει
1742 1801 1874 1842 Vind.
1905 1802 2006 1843 Vat.

305 1876 340 1907 r.
377 1868 447 1910 οἱς
476 1862 695 1932 μάλιστα
705 1861 756 1903 ου’
794 1861 1019 1917 προςήκει.
1052 1874 1092 1902 v.
1125 1868 1271 1904 annot.

420 1923 474 1962 οἱ
504 1924 604 1976 μὲν
635 1937 691 1961 ου
712 1920 930 1974 dnae]
942 1919 1165 1962 Heusdius
1195 1919 1294 1963 Init.
1325 1917 1439 1961 Phil.
1473 1916 1590 1960 Plat.
1622 1930 1663 1970 p.
1697 1915 1767 1959 83.
1790 1915 1876 1956 III.
1907 1919 2007 1969 post

304 1978 490 2025 οὐδενὸς
521 1985 676 2021 censet
708 1978 927 2020 excidisse
957 1977 1030 2032 ἀγ
1016 1981 1158 2021 ιθοῦ.

419 2040 780 2092 καθορῶντες
806 2035 906 2092 γὰρ
939 2034 1116 2089 ἄλλοι]
1150 2050 1204 2074 av
1243 2038 1344 2087 post
1372 2031 1456 2093 γὰρ
1493 2030 1795 2074 adduntMon.
1817 2036 1862 2072 et
1884 2029 2002 2072 Flor.

302 2098 341 2148 β.
375 2096 563 2149 Recepit
599 2095 783 2137 Bekker.

1200 2238 1558 2288 comparatae
1644 2229 2008 2284 splendidior

1199 2292 1444 2346 dignitas
1477 2290 1833 2357 relinquitur.
1861 2285 2006 2341 Ὅμως

1197 2352 1256 2391 ita
1286 2349 1515 2407 participio
1547 2348 1832 2402 praemissum
1864 2345 2006 2387 Phae-

305 2237 463 2280 ducere
515 2239 724 2292 proximis
785 2237 1002 2290 cognatis·
1041 2242 1115 2277 aut

304 2297 565 2349 permissum
615 2302 690 2338 aut
729 2296 966 2338 iniunctum
1016 2294 1111 2336 fuit.

304 2367 343 2395 v.
379 2353 739 2395 Schoemann.
774 2353 1000 2406 Antiquitt.
1031 2352 1111 2396 Gr.

303 2411 915 2466 p.194.sq.PetitiLegg.
948 2409 1112 2462 p.539.
1199 2408 1300 2452 don.
1350 2421 1389 2460 ρ.
1433 2408 1502 2451 91.
1551 2405 1600 2448 C.
1643 2402 1882 2458 Xenoph.
1916 2402 2007 2458 cy-

303 2470 492 2512 Meier.
553 2471 618 2511 De
652 2470 750 2512 Lite
794 2471 892 2510 Att.
933 2482 976 2522 p.
1008 2467 1114 2512 469.
1199 2479 1293 2521 rop.
1482 2458 1606 2516 ‚25.
1668 2462 1890 2514 V111‚2,
1933 2461 2005 2505 21.

304 2528 654 2582 Hincexpendas
677 2529 758 2570 loci
777 2527 1112 2580 elegantiam.—
1199 2525 1367 2566 Oecon.
1394 2466 1478 2576 14,
1513 2521 1557 2567 8.
1598 2519 1843 2564 Memorab.
1884 2518 1932 2571 l,
1963 2516 2007 2570 2,

301 2588 693 2637 ἐκπίπτοντες,
740 2598 802 2626 sc.
843 2589 923 2625 τοῦ
964 2585 1114 2638 ἐπι-τη·
1199 2583 1270 2626 20.
1305 2582 1358 2624 al.

307 2641 522 2698 δεύματος
591 2649 670 2694 τῆς
717 2643 996 2696 φιλοσοφία.ς
1060 2666 1115 2671 --

305 2700 471 2753 ἀτελῆ
502 2714 578 2756 per
606 2701 809 2755 dilogiam
844 2700 1024 2742 dictum.
1059 2723 1115 2730 -—

309 2759 498 2801 Voculae
547 2775 592 2800 τε
633 2766 736 2814 post
784 2755 918 2799 αὗτοί
958 2757 1117 2800 deinde

305 2818 545 2871 respondet
574 2816 654 2870 τὴν
684 2818 727 2859 δὲ
759 2818 849 2857 κτλ.
881 2817 945 2858 De
972 2814 1116 2868 ονείδη

304 2879 538 2930 περιῆψαν.
579 2888 620 2916 v.
655 2873 913 2929 Euthydem.
943 2887 985 2927 p.
1014 2874 1114 2918 272.

306 2933 356 2975 C.
390 2933 452 2974 De
485 2936 660 2975 Aoristo
701 2947 738 2978 v.
784 2932 839 2975 ad
878 2932 1041 2974 Phaed.
1075 2946 1116 2986 p.

366 3049 415 3091 D.
482 3045 656 3100 ὥςπερ
696 3048 748 3088 οἱ
779 3047 831 3087 ἐκ
862 3051 962 3088 τῶν
1008 3049 1115 3101 εἱρ-

305 3110 449 3159 γμῶν
479 3105 557 3151 εἰς
586 3105 646 3146 τὰ
684 3104 803 3157 ἱερὰ
833 3103 1114 3158 ἆτιοδιδρ.]

307 3162 762 3215 quemadmodum
792 3164 880 3217 qui
913 3177 974 3204 ex
1006 3164 1118 3204 vin-

306 3222 451 3261 culis
497 3222 545 3262 in
608 3223 816 3275 templa
870 3219 1119 3274 confugi-

307 3284 422 3327 unt,
453 3291 564 3331 quae
597 3281 715 3332 asyla
746 3280 1020 3333 putabantur.

363 3333 504 3388 ὁίιως
534 3334 634 3389 γάρ
666 3335 725 3387 δὴ
761 3336 898 3391 πρός
931 3352 987 3389 γε
1016 3333 1115 3380 τὰς

302 3390 469 3441 α’λλας
499 3393 562 3446 τ.]
610 3395 833 3436 tametsi
865 3395 1004 3436 enim
1037 3393 1113 3434 ita

303 3464 418 3493 cum
472 3449 834 3504 philosophia
889 3452 1110 3505 agitur,

300 3514 486 3551 tamen
518 3509 565 3551 ei
597 3507 657 3552 ad
713 3514 930 3551 ceteras
964 3514 1112 3550 artes

1255 2633 1320 2680 οιῖ
1371 2638 1429 2691 δὴ
1476 2639 1761 2692 ἐφιέμενοι
1807 2650 1836 2675 π
1854 2633 2011 2675 onoc

1200 2722 1252 2728 —
1275 2714 1300 2738 τ
1315 2696 1515 2751 υγχαίνο
1531 2710 1592 2736 υσ
1606 2695 1682 2762 ιν]
1726 2692 2006 2745 participium

1197 2757 1414 2809 ἐφιέμενοι
1444 2753 1685 2808 primariam
1715 2750 1906 2792 continet
1924 2761 2006 2790 no-

1199 2815 1376 2857 tionem.
1440 2812 1554 2856 Nam
1587 2810 1758 2863 proprie
1789 2808 2006 2848 sententia

1199 2873 1257 2913 ita
1291 2869 1381 2912 fere
1417 2864 1625 2912 enuntiari
1656 2865 1822 2907 debuit.
1855 2877 1882 2917 q
1894 2877 1918 2904 u
1933 2877 1960 2905 o
1977 2864 2003 2905 d

1198 2920 1418 2983 quidem
1468 2925 1655 2974 multi,
1706 2935 1871 2976 quum
1917 2935 2006 2964 na-

1199 2995 1376 3028 turam
1406 2985 1656 3029 habeant
1692 2979 2004 3022 inchoatam

1199 3050 1416 3087 tantum
1456 3053 1630 3094 neque
1670 3038 2004 3092 perfectam,

1201 3107 1255 3144 et
1314 3113 1498 3153 quum,
1573 3096 1737 3138 sicuti
1797 3099 2003 3137 artium

1200 3159 1549 3202 tractatione
1601 3160 1658 3197 et
1705 3153 2006 3195 laboribus

1200 3229 1436 3271 corpore
1493 3212 1807 3255 debilitati
1855 3216 2004 3260 aunt,

1199 3278 1274 3317 ita
1334 3274 1493 3316 etiam
1555 3275 1790 3325 propter
1847 3275 2004 3311 artes

1198 3332 1520 3375 illiberales
1563 3341 1698 3382 quas
1738 3328 2004 3368 factitant

1199 3390 1393 3432 animis
1431 3386 1703 3430 confracti
1752 3390 1809 3426 et
1856 3385 2002 3438 peni—

1199 3454 1285 3490 tus
1327 3446 1580 3489 confecti
1625 3445 1764 3494 sint,
1822 3447 2000 3485 tamen

1199 3498 2000 3558 studioseappetunt.1'roc}no-
