2106 3594
320 182 428 235 1111

323 325 524 392 cuique
571 339 794 374 munera
845 320 1123 390 imposuit,
1175 320 1325 374 istud
1364 321 1541 391 ipsum
1591 328 1742 372 ratus
1790 319 2030 373 iustitiae

323 395 563 448 rationes
612 393 909 463 postulare.
1000 391 1087 443 Ex
1126 392 1324 461 quibus
1374 391 1520 461 quod
1561 391 1869 461 superiores
1907 400 2029 444 tan-

322 474 438 519 tum
484 463 710 534 publica
770 462 1117 515 educatione-
1144 462 1342 534 dignos
1393 482 1514 515 esse
1565 463 1860 516 arbitratus
1925 469 2028 531 est,

323 536 631 589 meminisse
678 534 918 601 iuvabit,
974 533 1299 604 gravissima
1345 534 1411 587 iis
1465 534 1678 606 patriae
1711 533 1796 586 vel
1838 531 1908 585 ad
1943 552 2030 586 sa·-

323 606 565 678 pientia'e
613 606 766 676 leges
819 604 1207 676 gubernandae
1255 606 1341 658 vel
1394 607 1460 659 ab
1501 605 1752 658 hostibus
1792 605 2029 657 externis

324 687 490 746 atque
527 676 842 730 domesticis
881 675 1257 729 defendendae
1297 677 1483 730 officia
1522 695 1641 730 esse
1682 675 2029 742 demandata,

325 758 489 817 atque
539 749 607 802 iis
660 766 907 817 quoque,
967 748 1061 817 qui
1113 767 1281 819 opera
1330 768 1429 801 sua
1476 749 1682 800 victum
1734 766 1927 817 parare
1977 754 2032 798 et

324 821 467 873 vitae
507 827 763 872 externae
801 819 1219 873 necessitatibus
1256 820 1571 890 prospicere
1606 820 1895 886 iubentur,
1944 824 2032 870 ut-

323 900 453 963 pote
490 892 558 944 ab
597 891 719 961 ipsa
756 898 954 943 natura
990 890 1156 946 ad2id
1193 892 1403 962 negotii
1432 889 1706 956 destinati,
1747 890 1794 942 si
1832 890 2032 942 virtute

327 983 391 1016 ac
425 970 657 1015 naturae
695 962 943 1015 bonitate
980 962 1364 1031 excelluerint,
1407 961 1615 1014 aditum
1663 961 1733 1013 ad
1782 961 2030 1031 superio—

325 1054 444 1087 rum
482 1033 735 1087 ordinum
772 1032 1097 1103 dignitatem
1134 1041 1339 1104 patere,
1380 1032 1837 1102 quemadmodum
1871 1031 2032 1085 vicis*-

325 1107 425 1159 sim
461 1104 753 1159 custodum
788 1104 906 1171 filii,
947 1105 1123 1158 sicubi
1160 1125 1193 1156 a
1228 1113 1457 1174 paterna
1482 1105 1686 1157 virtute
1712 1103 2031 1170 defecerint,

324 1178 379 1230 in
417 1178 663 1229 ultimam
702 1172 903 1229 civium
941 1178 1171 1230 classem
1210 1176 1556 1229 deiiciuntur.
1594 1195 1646 1229 v.
1671 1175 1828 1228 Libr.
1862 1174 1939 1228 lll.
1976 1194 2030 1245 p.

325 1251 447 1304 415.
487 1248 571 1302 Ut
593 1247 763 1318 igitur
801 1248 961 1300 Plato
1005 1247 1233 1319 opifices
1267 1255 1322 1300 et
1356 1247 1626 1319 agricolas
1665 1246 1842 1299 minus
1879 1265 2035 1299 cura-

326 1321 496 1388 verit,
550 1320 753 1390 quippe
811 1337 1053 1387 quorum·
1087 1319 1376 1390 occupatio
1415 1338 1630 1371 omnem
1666 1319 1779 1371 fere
1815 1316 2033 1370 virtutis

326 1392 535 1444 cultum
585 1390 864 1461 aspernari
912 1389 1222 1457 videretur,
1282 1410 1333 1446 V.
1382 1390 1504 1443 libr.
1556 1390 1656 1443 IV.
1706 1409 1762 1459 p.
1799 1389 1923 1443 4⁶21.
1962 1388 2032 1441 A.

327 1463 450 1516 coll.
501 1462 719 1514 Politic.
774 1481 830 1530 p.
886 1463 1007 1514 290.
1059 1461 1236 1533 Legg.
1285 1461 1332 1514 I.
1381 1482 1436 1532 p.
1489 1462 1612 1515 644.
1663 1462 1734 1513 A.
1784 1459 2035 1529 adeoque

327 1534 396 1586 iis
434 1552 602 1586 unam
645 1533 880 1585 maxime
918 1552 1293 1604 o‘wcppoavvnv
1333 1539 1390 1586 et
1425 1530 1787 1596 δικαιοσύνην
1824 1539 1888 1583 ut
1926 1531 2034 1584 vir-

327 1612 473 1658 tutes
510 1604 761 1675 proprias
799 1603 1192 1675 assignaverit,
1245 1611 1432 1656 tamen
1487 1603 1623 1675 ipsis
1676 1621 1896 1672 quoque
1932 1621 2034 1673 pro

327 1675 537 1728 viribus
577 1694 610 1728 a
646 1682 844 1728 natura
881 1675 1124 1745 acceptis
1162 1689 1218 1728 et
1252 1675 1460 1746 ingenii
1501 1675 1776 1744 animique
1814 1673 2035 1728 dotibus

328 1747 397 1800 ad
441 1746 648 1817 optima
688 1765 937 1816 quaeque
987 1746 1120 1799 eniti
1157 1751 1480 1800 concessum
1517 1753 1616 1801 est.
1690 1743 1838 1799 illud
1863 1764 2032 1798 unum
2098 1762 2106 1799 1

329 1819 461 1890 ergo
502 1837 602 1887 pro
650 1818 894 1871 iustitiae
933 1817 1239 1872 rationibus
1275 1837 1464 1871 severe
1496 1824 1606 1871 vest
1657 1815 2031 1885 interdictum,

328 1908 399 1943 ne
461 1889 802 1959 diversorum
865 1889 1120 1943 ordinum
1176 1889 1394 1942 diversa
1461 1889 1687 1961 negotia
1747 1887 2034 1941 arbitrarie

327 1961 663 2014 misceantur
708 1968 872 2029 atque
920 1959 1345 2013 confundantur.
1421 1959 1536 2013 Iam
1574 1980 1704 2014 vero
1744 1958 1895 2029 quod
1930 1959 2035 2012 rei-

327 2032 581 2104 publicae
621 2032 1054 2103 gubernaculum
1092 2032 1187 2084 uni
1237 2031 1512 2102 sapientes
1549 2039 1738 2085 tenere
1781 2031 2038 2084 iubentur

329 2111 496 2173 atque
522 2103 789 2157 civitates
826 2122 936 2156 non
975 2104 1127 2174 prius
1154 2103 1344 2157 beatas
1384 2104 1500 2157 sore
1537 2103 1831 2171 iudicatur,
1873 2120 2034 2172 quam

329 2175 376 2228 si
422 2187 686 2246 regantur
739 2194 772 2227 a
820 2174 1198 2246 philosophiS,
1239 2193 1307 2227 ne
1358 2175 1462 2228 hoc
1514 2174 1734 2244 quidem
1783 2173 1895 2226 tale
1930 2181 2031 2241 est,

330 2245 482 2315 quod
528 2253 822 2316 perspecto
873 2246 1122 2299 Platonis
1171 2247 1401 2300 consilio
1441 2254 1493 2299 et
1538 2244 1819 2318 cogitandi
1854 2244 2033 2318 philo-

329 2316 706 2389 sophandique
743 2317 907 2371 modo
944 2318 1140 2370 mirum
1167 2326 1262 2371 aut
1290 2317 1588 2372 absurdum
1614 2317 1789 2370 videri
1820 2316 2033 2370 debeat.

330 2389 436 2442 Est
482 2390 626 2442 enim
686 2389 882 2443 civitas
941 2388 1187 2443 Platonis
1249 2388 1319 2442 ad
1388 2408 1628 2443 summae
1680 2387 2034 2459 perfectionis

330 2460 568 2530 speciem
595 2461 686 2514 vel
709 2459 888 2513 ideam
926 2460 1058 2514 boni
1082 2460 1400 2531 composita.
1477 2459 1846 2527 Quamobrem
1875 2459 2036 2530 plane

331 2539 417 2584 est
464 2531 865 2600 necessarium,
921 2532 1116 2602 utqui
1153 2532 1204 2584 ei
1238 2532 1503 2603 praefecti
1541 2539 1699 2600 sunt,
1739 2531 1898 2584 etiam
1936 2531 2035 2584 ho·
2103 2558 2106 2560 ·

329 2604 503 2657 mines
551 2604 663 2670 sint
714 2622 839 2656 vere
888 2604 1194 2673 sapientes,
1254 2603 1348 2672 qui
1395 2611 1632 2670 mentem
1688 2604 2034 2672 animumque

331 2693 490 2727 suum
540 2674 610 2727 ad
661 2674 806 2743 eius,
858 2673 1008 2743 quod
1052 2694 1178 2727 vere
1226 2675 1429 2728 bonum
1479 2682 1592 2743 est,
1643 2673 2033 2745 cogitationem
2102 2719 2103 2745 3

333 2746 561 2799 attolere
601 2753 655 2798 et
700 2747 846 2799 illius
883 2746 995 2799 vim
1034 2746 1104 2798 ad
1140 2746 1308 2799 vitam
1335 2746 1624 2799 humanam
1651 2743 2035 2798 transfundere

334 2825 556 2883 queant.
633 2818 905 2870 Nimirum
955 2819 1051 2887 qui
1099 2817 1206 2871 hoc
1242 2817 1492 2871 Platonis
1529 2817 1794 2887 placitum
1831 2816 2033 2869 ridicu·
2104 2843 2106 2866 3

331 2886 443 2937 lum
492 2888 839 2957 iudicarunt,
892 2890 930 2942 ii
981 2908 1158 2959 neque
1209 2890 1342 2942 satis
1380 2888 1634 2941 videntur
1670 2889 2031 2958 reputavisse,
2095 2929 2097 2954 3

333 2957 547 3025 qualem
585 2960 675 3011 ille
713 2961 990 3013 civitatem
1029 2959 1263 3014 condere
1300 2960 1563 3026 voluerit,
1616 2978 1795 3028 neque
1845 2958 2034 3027 quales
2094 2974 2097 3014 Ῑ

332 3028 660 3081 intellexerit
688 3031 1066 3103 philosophos,
1108 3031 1398 3102 diligenter
1435 3049 1619 3083 secum
1654 3029 2031 3099 perpendisse.
2092 3055 2094 3082 :

333 3099 726 3169 Intelliguntur
774 3103 915 3183 enim
952 3103 1010 3171 ii,
1052 3103 1148 3172 qui
1186 3101 1554 3155 doctrinarum
1591 3101 2031 3172 gravissimarum
2090 3127 2091 3150 i

334 3168 530 3222 studiis
581 3170 777 3222 eruditi
826 3181 878 3225 et
930 3173 1186 3226 diuturna
1234 3191 1413 3224 rerum
1451 3172 1806 3224 humanarum
1845 3172 2031 3224 obser·
2088 3215 2089 3218 η

332 3240 549 3293 vatione
598 3242 878 3295 exercitati
930 3252 1087 3313 sunt,
1148 3251 1209 3297 ut
1258 3243 1392 3312 quid
1446 3263 1633 3305 verum
1699 3250 1753 3295 et
1814 3243 2029 3304 falsum,

335 3310 465 3380 quid
527 3312 660 3364 utile
726 3320 780 3365 et
834 3314 1025 3369 inutile
1076 3316 1178 3383 sit,
1223 3313 1384 3367 facile
1435 3314 1735 3368 diiudicare
1784 3314 2029 3385 possint3
2084 3346 2085 3349 =

332 3381 712 3451 intelliguntur
770 3384 838 3454 ii,
891 3387 980 3454 qui
1032 3386 1159 3439 inde
1213 3405 1243 3437 a
1282 3386 1455 3454 prima
1493 3386 1778 3442 iuventute
1816 3387 1893 3438 ita
1930 3404 2030 3455 pu-
2082 3398 2083 3401 ’
