2098 3658
283 138 348 188 82
885 132 1372 188 PLATON-IS

283 285 376 336 καὶ
418 277 887 347 δεσποτικώτερον
943 278 1130 344 ἀδικία
1155 338 1157 343 ,
1186 278 1538 347 δικαιοσύνης
1581 284 1727 337 ἐστὶν
1771 285 1977 346 ἱκανῶς

281 369 600 435 γιγνομένη,
655 367 777 429 καί,
835 359 971 434 ὅπερ
1032 363 1086 431 ἐξ
1119 363 1315 440 ,ἀρχῆς
1356 368 1568 434 ἔλεγον,
1614 363 1678 420 τὸ
1722 369 1823 436 μὲν
1876 369 1972 423 τοῦ

284 451 600 518 κρείττονος
658 447 934 519 ξυμφέρον
988 444 1052 503 τὸ
1115 451 1330 505 δίκαιον
1376 447 1631 520 τυγχάνει
1678 446 1769 517 ὅν,
1812 449 1876 507 τὸ
1923 451 1966 506 δ’

282 530 479 587 ἄδικον
524 533 702 600 ἑαυτῷ
747 534 1067 587 λυσιτελοῦν
1112 554 1167 588 τε
1212 535 1303 587 καὶ
1346 533 1640 607 ξυμφέρον.

411 611 552 691 Cap.
598 611 790 673 XVII.
885 619 1075 672 Ταῦτα
1112 615 1278 672 εἰπών
1317 615 1346 672 ὁ
1382 616 1753 689 Θρασύμαχος
1794 623 1853 671 ὲν
1894 619 1974 686 νῷ

284 695 422 769 εἶχεν
484 698 737 764 ἀπιέναι,
794 697 970 772 ὥςπερ
1037 699 1312 772 βαλανεὺς
1378 699 1534 773 ἡμῶν
1591 701 1976 770 καταντλήσας

283 779 426 839 κατά
488 786 598 837 τῶν
643 778 801 838 ὤτων
860 783 1093 856 ἀθρόον
1153 789 1243 840 καὶ
1301 783 1479 841 πολὺν
1533 784 1632 841 τὸν
1676 787 1865 855 λόγον.
1908 784 1974 841 οὐ

282 864 396 939 μὴν
440 866 636 922 εἴασάν
675 890 733 938 γε
782 867 960 925 αὐτὸν
1005 875 1058 926 οἱ
1112 869 1416 939 παρόντες,
1463 868 1577 925 ἀλλ’
1646 870 1978 937 ἠνάγκασαν

284 950 586 1010 ὑπομεῖναί
648 973 704 1006 τε
765 956 857 1008 καὶ
917 964 1221 1024 παρασχεῖν
1283 957 1391 1008 τῶν
1447 960 1744 1026 εἰρημένων
1787 953 1974 1023 λόγον.

286 1039 379 1091 καὶ
417 1033 484 1103 δὴ
533 1040 696 1105 ἔγωγε
740 1060 829 1093 και
874 1035 1046 1103 αὐτὸς
1088 1036 1239 1103 πάνυ
1282 1039 1512 1109 ἐδεόμην
1558 1061 1614 1095 τε
1658 1042 1751 1094 καὶ
1795 1038 1976 1094 εἶπον·

271 1112 348 1174 ,Ω
393 1118 642 1191 δαιμόνιε
690 1120 1051 1193 Θρασύμαχε,
1098 1116 1222 1176 οἷόν
1265 1121 1520 1192 ἑμβαλων
1563 1120 1734 1191 λόγον
1797 1130 1855 1177 ἐν
1899 1124 1977 1192 νῷ

286 1209 421 1275 ἔχεις
479 1202 736 1269 άπιέναι,
794 1210 923 1277 πρὶν
983 1204 1201 1273 διδάξαι
1250 1209 1449 1270 ἱκανῶς
1507 1204 1541 1272 ὴ
1597 1211 1812 1276 μαθεῖν
1875 1206 1979 1262 εἴτε

287 1285 462 1352 οὕτως
519 1289 622 1344 εἴτε
682 1292 862 1354 ἄλλως
934 1296 1063 1363 ἔχει;
1133 1287 1164 1357 ἢ
1230 1287 1461 1360 σμικρὸν
1525 1290 1628 1346 οἴει
1694 1297 1981 1363 ἐπιχειρεῖν

289 1375 519 1444 πρᾶγμα
581 1375 954 1441 διορίζεσθαι,
1011 1373 1125 1429 ἀλλ’
1192 1373 1259 1428 οὐ
1314 1376 1440 1444 βίου
1485 1375 1787 1445 διαγωγήν,
1831 1368 1863 1452 ᾗ
1908 1371 1982 1430 ἂν

287 1456 615 1527 διαγόμενος
673 1463 899 1522 ἕκαστος
952 1457 1108 1530 ἡμῶν
1152 1459 1606 1527 λυσιτελεστάτην
1650 1458 1794 1527 ζωὴν
1838 1460 1979 1530 ζῴης,

283 1539 415 1611 Ἐγώ
474 1539 583 1614 γάρ
645 1541 831 1615 οἶμαι,
885 1547 992 1619 ἔφη
1050 1541 1080 1598 ὁ
1147 1540 1543 1615 Θρασύμαχος,
1603 1549 1761 1601 τουτὶ
1802 1543 1984 1610 ἄλλως

405 1781 512 1835 Cap.
543 1782 693 1823 XVII.
751 1783 806 1823 E.
859 1780 1099 1834 Ἔοικας,
1147 1778 1208 1838 ἦν
1255 1778 1291 1824 δ’
1324 1781 1463 1836 ἐγώ,
1519 1780 1650 1852 ἤτοι
1703 1776 1847 1834 ἡμῶν
1896 1780 1981 1833 —]

292 1839 380 1879 Pro
419 1836 516 1892 ἤτοι
550 1839 1110 1894 Mon.F10r.‚6.013101.
1178 1843 1382 1887 toeniam
1415 1855 1463 1895 γε
1493 1846 1595 1893 post
1626 1834 1744 1892 ημῶν
1769 1837 1983 1891 Stephan.

289 1910 386 1937 cum
416 1898 523 1938 solis
555 1898 668 1939 Ven.
701 1898 750 1941 Ξ.
789 1900 930 1940 ‘Ambr.
964 1902 1085 1944 Flor.
1118 1901 1157 1942 b.
1192 1901 1236 1952 β.
1267 1914 1304 1953 γ.
1337 1901 1498 1940 omisit.
1559 1899 1669 1938 Dein
1710 1892 1814 1936 ουδὲ
1847 1909 1984 1949 φρον-

291 1956 412 2007 τίζειν
442 1957 605 1996 omisso
639 1970 674 1996 τι
706 1958 842 1999 Vind.
880 1957 930 1998 Φ.
967 1960 1120 2000 Ambr.
1156 1960 1251 1999 iat.
1283 1971 1318 1999 r.
1350 1957 1473 1998 Flor.
1503 1970 1541 1999 a.
1565 1969 1601 1996 e.
1625 1969 1664 1995 α.
1697 1970 1734 2008 γ.
1755 1960 1799 1995 et
1827 1968 1894 2008 pr.
1927 1952 1983 1996 Π.

350 2109 399 2150 C.
491 2110 689 2151 ικανῶς·
766 2126 1025 2166 γιγνοαει
1038 2110 1087 2167 η]
1173 2111 1334 2152 mosth.
1367 2108 1408 2166 §.
1443 2111 1521 2154 16·
1563 2104 1591 2165 ἦ
1632 2107 1747 2150 πού
1759 2124 1827 2164 γε,
1859 2110 1984 2164 ἔφην,

292 2166 350 2208 Η.
398 2181 435 2209 e.
475 2167 519 2209 εἰ
550 2168 708 2210 ἱκαναῖς
745 2171 951 2224 γίγνεται,
995 2173 1089 2213 sive

287 2222 329 2266 εἰ
359 2223 584 2280 τελεωτάτη
624 2225 755 2276 ἐστι’,ν
787 2235 834 2268 ut
864 2235 996 2270 antea
1026 2230 1089 2269 lo-

288 2284 524 2335 quebatur:
552 2287 876 2327 siomnibus
904 2300 1088 2328 nume-

287 2342 364 2381 ris
398 2344 474 2382 sit
503 2344 787 2385 absoluta.

347 2397 404 2439 τὸ
461 2394 497 2438 δ’
550 2398 743 2442 ἄδικον
798 2401 971 2457 εαυτῷ
1010 2403 1087 2455 -—]

287 2456 564 2499 iniustum
624 2473 752 2524 vero
808 2461 883 2509 id,
946 2462 1090 2513 quod

289 2517 482 2567 cuique
549 2516 660 2569 ipsi
720 2519 896 2559 affert
958 2532 1090 2559 com-

286 2574 499 2613 modum
531 2580 583 2615 et
612 2577 944 2618 utilitatem.
1007 2576 1090 2617 Ce-

288 2635 429 2670 terum
470 2634 766 2685 turpissimam
797 2635 910 2676 hanc
941 2635 1088 2688 sophi-

287 2693 452 2728 starum
485 2691 730 2733 doctrinam
770 2694 918 2746 attigit
946 2694 1090 2746 philo·
1119 2734 1126 2744 Ι

289 2746 455 2799 sophus
489 2749 620 2789 etiam
657 2750 791 2803 legg.
827 2752 878 2792 V.
911 2765 954 2804 p.
987 2749 1087 2794 714.

286 2801 340 2843 Β.
372 2804 421 2844 C.
454 2805 511 2845 D.
545 2807 604 2847 X.
637 2807 737 2852 889.
759 2811 915 2863 Asqq.
949 2808 1088 2862 Gorg.

288 2873 331 2912 p.
363 2860 464 2904 483.
503 2864 546 2903 Α
578 2879 672 2918 sqq.

348 2918 454 2972 Cap.
488 2921 644 2963 XVII.
686 2923 744 2964 D.
790 2920 1093 2977 ὥςπερβα·

807 2978 1092 3034 καταντλή-

288 2974 487 3017 λαι·εὐς

290 3044 386 3074 σαι·
416 3034 500 3087 —-]

577 2975 721 3033 ἡμῶν

288 3152 629 3202 setcopiosa
657 3157 939 3209 multaque
972 3168 1088 3196 ora-

284 3207 454 3247 tione.
523 3210 652 3250 Hunc
687 3227 815 3255 usum
856 3214 979 3255 verbi
1020 3227 1086 3253 κα-

287 3265 471 3304 ταντλεῖν
519 3273 561 3307 et
614 3275 804 3322 καταχεῖν
860 3272 1084 3324 eleganter

282 3322 521 3364 illustravit
570 3325 715 3369 Heus
733 3330 854 3369 dius
896 3330 1083 3382 Specim.

285 3377 394 3421 Crit.
422 3395 465 3434 p.
496 3382 581 3426 126
608 3397 704 3438 sqq
740 3387 936 3428 imitatur
965 3388 1082 3427 hune

280 3439 425 3480 locum
456 3439 734 3485 Lucianus
775 3444 958 3485 Encom.
989 3445 1078 3484 De-

555 3051 716 3089 quum
758 3042 942 3081 veluti
981 3041 1093 3080 bal·

286 3096 484 3132 neator
507 3096 667 3137 nobis
687 3111 782 3138 aur
795 3113 848 3140 es
871 3099 1038 3139 obru
1027 3111 1095 3138 ls-

1175 2167 1344 2209 διανοεῖ
1381 2173 1574 2222 καταχεῖν
1612 2183 1697 2219 μου
1742 2169 1828 2208 τιῦν
1859 2165 1984 2209 ὤτων

1175 2224 1314 2279 ωςπερ
1346 2223 1562 2279 βαλανεὺς
1588 2224 1877 2280 καταντλήσας
1907 2223 1985 2268 τὸν

1175 2282 1330 2326 λοιπὸν
1361 2282 1515 2338 Myon),-

1235 2339 1357 2384 οἷον
1404 2339 1652 2396 ἐμβαλών
1702 2339 1867 2396 λόγον
1897 2341 1980 2397 -]

1174 2402 1351 2442 Acriter
1383 2403 1450 2442 vel
1482 2407 1611 2442 acute
1625 2402 1742 2441 dicta
1759 2403 1983 2453 eleganter

1176 2472 1273 2500 cum
1303 2460 1402 2500 telis
1424 2466 1758 2513 comparantur,-
1780 2473 1819 2499 v.
1833 2458 1930 2511 Wy
1946 2464 1983 2497 t-

1175 2517 1435 2558 tenbach.
1468 2515 1523 2559 ad
1532 2517 1781 2629 pPlutarch.
1813 2518 1867 2557 de
1887 2515 1983 2557 Ser.

1175 2575 1308 2616 Num.
1355 2576 1489 2616 Vind.
1609 2575 1650 2618 6.
1694 2571 1793 2616 coll.
1827 2580 1980 2616 annot.

1176 2634 1234 2675 ad
1266 2634 1439 2674 Phileb.
1477 2589 1618 2687 pp23.
1650 2627 1703 2674 Β.
1745 2634 1978 2686 l'rotagor.

1174 2705 1216 2745 p.
1248 2691 1346 2735 5-342.
1391 2692 1445 2732 E.
1478 2691 1681 2761 Sympos.
1712 2705 1754 2744 p.
1793 2665 1906 2735 189?
1924 2690 1980 2731 B.

1233 2749 1290 2790 Ε.
1352 2750 1516 2797 τουτὶ
1573 2749 1754 2789 ancus
1816 2749 1982 2801 ἔχειν,·

1174 2805 1425 2862 Ἔοικας,
1459 2801 1527 2861 ἦν
1559 2801 1594 2847 δ’
1626 2803 1835 2861 ἐγώ,--]
1876 2807 1983 2848 Post

1181 2865 1296 2917 ἔχειν
1329 2866 1462 2917 vulgo
1495 2866 1646 2914 deerat
1676 2865 1981 2917 interrogandi

1180 2929 1301 2975 nota,
1321 2936 1451 2980 quam
1482 2937 1610 2964 nemo
1642 2936 1725 2963 non
1757 2923 1980 2963 desidera-

1180 2982 1266 3033 bit,
1305 2981 1379 3032 qui
1421 2986 1587 3021 attente
1632 2981 1786 3031 legerit
1827 2981 1978 3033 proxi·

1179 3052 1272 3079 ma.
1300 3035 1488 3086 Ἔοικας,
1521 3031 1575 3091 ἦν
1606 3032 1642 3078 δ’
1670 3035 1767 3091 ἐγώ,
1804 3052 1842 3078 κ.
1875 3053 1909 3078 τ.
1943 3039 1977 3079 λ.

1179 3091 1397 3136 Nimirum
1451 3096 1829 3149 Thrasymachus,
1878 3097 1981 3137 licet

1175 3155 1303 3194 aliter
1334 3159 1465 3206 atque
1485 3155 1688 3194 Socrates
1720 3155 1974 3195 felicitatem

1174 3212 1399 3262 definiret,
1451 3224 1538 3265 non
1593 3218 1738 3253 tamen
1784 3213 1975 3264 negabat

1172 3283 1219 3310 se
1258 3282 1354 3310 cum
1395 3282 1446 3309 eo
1479 3271 1532 3310 de
1563 3283 1610 3310 re
1640 3272 1773 3322 longe
1805 3271 1974 3323 gravis-

1172 3329 1284 3368 sima
1315 3328 1456 3379 deque
1486 3329 1621 3368 totius
1654 3335 1771 3369 vltae
1804 3341 1974 3369 summa

1171 3382 1416 3438 sermonem
1488 3387 1741 3428 contulisse.
1839 3385 1973 3427 Recte

1168 3444 1255 3484 iam
1287 3441 1532 3484 Ficinus:
1593 3445 1718 3497 „An
1749 3450 1880 3496 ego,
1914 3445 1971 3484 in
