2098 3658
290 121 393 172 130
899 116 1372 172 PLATONIS

290 269 453 321 σθαι.
500 262 638 318 εἶναι
684 265 785 332 μὲν
829 258 934 333 γὰρ
967 260 1145 318 αὐτὸν
1191 268 1426 333 ποιμένα
1474 263 1798 329 θητεύοντα
1844 264 1996 333 παρα

292 353 366 419 τῷ
414 346 540 403 τότε
587 349 801 408 Λυδίας
846 343 1105 416 ἄρχοντι,
1160 346 1376 418 ὄμβρου
1424 349 1478 402 δὲ
1522 349 1733 403 πολλοῦ
1780 353 1993 418 γενομέ-

292 454 391 487 νου
448 434 538 485 καὶ
595 433 820 500 σεισμοῦ
880 428 1124 502 ῥαγῆναί
1179 453 1231 485 τι
1290 434 1387 496 τῆς
1446 433 1547 501 γῆς
1597 434 1690 486 καὶ
1733 435 1998 501 γενέσθαι

287 515 474 587 χάσμα
537 511 679 568 κατὰ
751 511 850 568 τὸν
920 515 1126 580 τόπον,
1192 508 1224 590 ᾗ
1278 519 1482 586 ἔνεμεν.
1543 515 1734 570 ἰδόντα
1797 518 1852 570 δὲ
1909 518 2002 569 καὶ

294 599 685 669 θαυμάσαντα
742 601 1059 669 καταβῆναι
1121 605 1210 653 καὶ
1266 602 1402 654 ἰδεῖν
1462 595 1606 653 ἄλλα
1663 621 1720 654 τε
1780 601 1846 666 δὴ
1902 621 2002 669 μυ·

298 686 615 753 θολογοῦσι
669 681 983 753 θαυμαστὰ
1048 689 1138 738 καὶ
1220 687 1393 738 ἵππον
1457 685 1756 754 χαλκοῦν,;
1798 687 2001 745 κοῖλον,

298 771 544 838 θυρίδας
595 771 823 837 ἔχοντα,
895 768 1036 820 καθ’
1114 766 1184 831 ἂς
1247 768 1569 842 ἐγκύψαντα
1643 771 1777 822 ἰδεῖν
1849 765 2004 822 ἐνόν-

234 915 237 918 ,
300 874 371 907 τα
445 850 675 923 νεκρόν,
753 849 827 914 ὡς
911 855 1252 924 φαίνεσθαι,
1334 854 1492 921 μείζω
1581 847 1613 918 ἢ
1695 848 1820 906 κατ’
1904 849 2005 906 ἄν-

206 935 253 987 E
303 941 562 1009 θ’ρωπον.
613 937 818 990 τοῦτον
863 938 918 988 δὲ
973 934 1269 1004 ἄλλο-μὲν
1326 942 1463 1006 ἔχειν
1524 935 1710 999 οὐδέν,
1771 939 1892 1007 περὶ
1948 938 2003 989 δὲ

298 1023 364 1098 τῇ
413 1022 555 1091 χειρὶ
609 1021 855 1090 χρυσοῦν
908 1017 1236 1088 δακτύλιον,
1294 1018 1358 1073 ὃν
1409 1017 1800 1090 περιελόμενον
1845 1021 2003 1090 ἐκβῆ-

296 1126 408 1159 ναι.
464 1102 734 1172 συλλόγου
781 1106 836 1157 δὲ
884 1109 1180 1174 γενομένου
1237 1114 1352 1166 τοῖς
1408 1109 1658 1175 ποιμέσιν
1714 1103 2004 1167 εἰωθότος,

414 1233 440 1293 ᾗ
482 1241 700 1293 ἔνεμεν]
751 1232 776 1292 ᾗ
822 1239 987 1280 ἐκεῖνος
1027 1241 1170 1290 ἔνεμεν
1216 1241 1370 1280 Ambr.
1413 1244 1520 1293 Aug.
1564 1241 1679 1281 Fior.
1719 1254 1757 1283 a.
1800 1253 1835 1280 e.
1882 1254 1921 1284 x,
1965 1255 2004 1283 α.

298 1300 484 1342 Damnst.

413 1355 501 1395 καὶ
545 1353 687 1395 ἰδεῖν
734 1351 862 1395 ἄλλα
906 1369 956 1394 τε
987 1352 1047 1407 δὴ
1087 1353 1538 1408 μυθολογοῦσιν]
1576 1354 1711 1407 Vulgo
1744 1352 1770 1395 ἂ
1801 1359 1901 1396 ante
1929 1369 2006 1405 μυ-

298 1413 572 1467 θολογοῦσιν
605 1414 762 1466 iegitur
795 1413 1137 1466 interpositum,
1180 1412 1294 1464 quod
1337 1425 1446 1453 nunc
1487 1412 1716 1453 omisimus
1749 1413 2007 1454 auctoritate

298 1473 403 1513 Par.
443 1473 498 1515 A.
546 1471 638 1513 vat.
691 1467 770 1510 ΘΓ.
816 1471 925 1513 Ven.
969 1469 1019 1513 Ξ.
1064 1469 1186 1511 vind.
1237 1468 1284 1509 Φ.

298 1529 453 1572 Herm.

416 1586 614 1626 τοῦτον
644 1583 701 1624 δὲ
735 1581 862 1625 ἄλλο
901 1584 992 1635 μὲν
1036 1585 1182 1636 ἔχειν
1226 1580 1420 1639 οὐδὲν]
1454 1583 1735 1638 Addidimus‚
1768 1590 2004 1638 praeeunte

301 1646 529 1694 Bekkero‚
573 1644 690 1696 quod
733 1644 862 1695 vulgo
903 1644 1055 1685 aberat
1094 1643 1202 1695 ἔχειν
1241 1656 1296 1684 ex
1339 1643 1448 1684 Ven.
1495 1641 1546 1685 Π.
1593 1643 1688 1683 Par.
1737 1643 1839 1684 ΒΚ.
1891 1643 2008 1684 Mon.

300 1703 448 1744 Ambr.
491 1703 606 1754 Aug.
646 1702 746 1741 Vnt.
780 1715 834 1743 m.
882 1700 997 1743 Fior.
1039 1714 1078 1741 a.
1112 1715 1148 1744 c.
1180 1714 1221 1741 x.
1256 1713 1296 1743 cc.
1330 1700 1518 1740 Darmst.
1581 1699 1745 1741 Contra
1783 1701 2006 1743 omisimus

301 1760 416 1814 quod
461 1761 588 1811 vulgo
631 1765 730 1812 post
769 1759 964 1812 χρυσοῦν
1005 1756 1232 1798 δακτύλιον
1270 1758 1515 1799 addebatur
1554 1757 1722 1811 φέρειν,
1767 1759 1882 1809 quod
1925 1760 2006 1800 etsi

299 1826 417 1860 recte
448 1817 528 1858 dici
561 1816 712 1857 docuit
746 1816 935 1858 Lobeck.
970 1816 1023 1856 ad
1056 1817 1215 1868 Phryn.
1249 1830 1274 1869 p
1321 1816 1419 1859 585.
1462 1821 1606 1856 tamen
1649 1817 1688 1856 in
1722 1828 1806 1856 uno
1841 1820 2005 1857 tantum

302 1876 407 1918 Ven.
441 1874 490 1919 Ξ.
523 1879 742 1928 repertum
777 1880 869 1924 est,
913 1873 1026 1915 unde
1069 1875 1250 1928 arripuit
1282 1873 1539 1927 Stephanus.
1582 1872 1784 1915 Baiterus
1824 1879 2009 1927 utroque

1362 1471 1595 1511 iniecerunt
1634 1471 1761 1512 etiam
1803 1470 1930 1511 Turr.
1964 1476 2007 1512 et

1203 1989 1355 2039 batur3
1386 2001 1426 2031 v.
1465 1988 1500 2028 Η
1515 1987 1656 2040 eynii
1679 1987 1861 2031 Excurs.
1879 1987 2008 2031 XIII.

1203 2046 1256 2087 ad
1291 2048 1383 2088 iibr.
1418 2047 1449 2089 1.
1469 2044 1665 2086 Aeneid.
1682 2045 1832 2097 Virgii.
1856 2059 1900 2098 p.
1924 2046 2010 2090 168

1202 2116 1296 2156 sqq.
1376 2103 1593 2146 Quoniam
1639 2108 1783 2144 autem
1833 2107 2008 2146 numina

363 1991 414 2031 D.
476 1985 630 2031 εἶναι
668 1987 762 2039 μὲν
801 1986 900 2042 γὰρ
947 1983 1116 2029 αὐτὸν

307 2047 479 2103 ποιμ.]
548 2048 613 2088 De
661 2046 742 2087 hoc
799 2059 878 2087 usu
925 2046 1114 2087 infinitivi

307 2105 554 2159 praesentis
577 2105 620 2145 in
640 2106 885 2145 narratione
906 2105 1115 2157 frequen-

306 2165 382 2205 tati
412 2163 630 2204 subtiliter
646 2163 884 2214 disputavit
919 2163 961 2202 M
977 2160 1113 2204 attii.

307 2222 385 2264 Gr.
427 2224 469 2274 ξ.
499 2220 600 2264 499.
672 2220 872 2260 Proxima
913 2219 1114 2261 Cicero

308 2281 335 2320 i.
368 2292 404 2322 c.
438 2280 499 2320 sic
532 2278 768 2330 expressit:
810 2290 966 2330 quum
1007 2282 1114 2318 ter-

310 2350 365 2378 ra
447 2336 819 2377 discessisset
899 2335 1109 2388 magnis

306 2394 642 2447 quibusdam
685 2391 988 2444 imbribus,
1031 2392 1116 2433 de·

306 2451 544 2493 scendit
597 2453 646 2492 iu
699 2451 852 2492 iilum
903 2449 1117 2499 hiatum,

306 2521 657 2561 aeneumque
690 2520 908 2560 equum,
957 2513 1012 2549 ut
1041 2508 1116 2550 fe-

307 2572 431 2608 runt
476 2566 726 2617 fabulae,
776 2563 1114 2607 anima'dver-

306 2627 398 2673 tit,
430 2625 598 2665 cuius
643 2626 693 2665 in
728 2624 1007 2664 lateribus
1039 2623 1116 2665 fo-

306 2695 392 2724 res
441 2687 650 2724 essent.
739 2679 868 2730 Quod
925 2678 1117 2734 epitheta

307 2741 578 2781 cumulantur
631 2752 714 2781 non
763 2738 988 2780 interiecta
1042 2751 1117 2779 co-

309 2799 437 2849 pula,
480 2797 687 2850 χαλκοῦν,
727 2797 896 2844 κοῖλον,
926 2793 1120 2849 θυρίδας

309 2855 476 2906 ἔχοντα,
534 2855 572 2894 id
635 2868 712 2896 cur
765 2854 840 2895 fiat
887 2854 1119 2908 explicavit

312 2911 499 2955 Matth.
536 2911 612 2954 Gr.
646 2912 681 2962 ᾗ.
716 2910 816 2956 444.
850 2934 908 2942 ——
954 2912 1119 2963 μείζω

311 2965 338 3022 ἢ
378 2965 492 3010 κατ’
533 2966 864 3023 ἄνθρωπον.
906 2969 1118 3011 Cicerot

312 3028 547 3079 „quibus
599 3027 837 3079 apertis,
885 3025 1118 3068 hominis

313 3085 510 3125 mortui
566 3084 702 3124 vidit
760 3096 961 3137 corpus
1017 3098 1116 3125 ma-

310 3140 610 3195 gnitudine
659 3140 948 3183 inusitata.

310 3199 476 3251 gustior
508 3198 799 3251 grandiorque
825 3199 982 3241 mortui
1014 3212 1116 3252 spe-

311 3256 398 3297 cies
435 3257 622 3308 pertinet
662 3256 715 3295 ad
757 3257 950 3298 miraculi
983 3256 1117 3309 signi-

310 3314 585 3364 ficationem,
627 3318 758 3365 atque
797 3315 836 3354 in
879 3314 1012 3366 signis
1054 3313 1117 3354 di-

310 3372 431 3414 vinae
462 3373 643 3412 naturae
674 3375 747 3411 aut
780 3371 952 3424 originis
987 3369 1114 3412 habe·

1022 3143 1126 3182 Au—v

1202 2167 1351 2202 natura
1402 2160 1584 2201 humana
1637 2161 1897 2213 excelsiora,
1953 2162 2008 2202 ab

1201 2219 1278 2268 iis,
1311 2219 1466 2271 quibus
1504 2222 1740 2271 apparent,
1784 2231 1808 2259 e
1844 2219 2008 2273 vulgari
2050 2260 2057 2271 ‚

1201 2282 1398 2317 veterum
1449 2277 1662 2317 sententia
1728 2289 1862 2329 saepe
1923 2289 2008 2317 non

1202 2335 1285 2375 nisi
1325 2334 1521 2375 obscuris
1562 2333 1819 2386 quibusdam
1876 2334 2008 2386 signis

1203 2396 1549 2445 cognoscuntur,
1602 2397 1836 2444 propterea
1886 2391 2007 2433 addi-

1203 2449 1273 2490 tur
1310 2462 1422 2490 nunc
1461 2444 1521 2489 ais
1573 2448 1832 2501 φαίνεσθαι,
1889 2448 2010 2502 quod

1203 2509 1366 2550 nollem
1399 2506 1782 2548 Schneiderus
1826 2508 1852 2550 Ι.
1884 2520 1922 2550 c.
1953 2506 2007 2548 ad

1203 2562 1357 2619 νεκρόν
1381 2566 1615 2608 retulisset.
1679 2565 1866 2618 Scripsit
1896 2565 2009 2606 euim

1201 2624 1261 2664 ita
1293 2623 1346 2664 ad
1379 2621 1493 2663 hunc
1524 2624 1689 2663 iocum:
1722 2622 1882 2674 „Haec
1911 2634 2009 2663 ver-

1203 2682 1255 2720 ba
1274 2711 1286 2732 ‚
1316 2693 1426 2733 quae
1456 2679 1682 2720 Ficiuus
1715 2692 1798 2720 non
1827 2692 2009 2732 expres-

1202 2739 1282 2790 sit,
1325 2737 1378 2778 ad
1425 2734 1582 2791 νεκρόν
1618 2737 1844 2779 reserenda
1890 2742 2007 2778 sunt:

1202 2800 1345 2836 utrum
1387 2808 1491 2836 vere
1533 2800 1731 2836 mortuus
1772 2799 1913 2845 esset,
1955 2806 2008 2834 an

1204 2855 1377 2905 specie,
1431 2853 1575 2894 fabula
1620 2853 1832 2893 incertum
1879 2851 2008 2892 reiiu-
2087 2883 2089 2894 .

1203 2911 1344 2963 quit.“
1404 2909 1611 2952 Nimirum
1658 2909 1885 2950 videbatur
1915 2908 2008 2961 Gy·

1202 2981 1279 3019 ges
1343 2979 1521 3007 cernere
1582 2979 1742 3021 corpus
1815 2965 2007 3007 hnmana
2084 2971 2087 3008 ἱ

1201 3025 1336 3078 figura
1366 3025 1506 3065 maius
1537 3029 1665 3077 atque
1695 3023 1920 3077 grandius,
1949 3024 2009 3064 ita

1205 3089 1252 3122 ut
1296 3082 1391 3123 eius
1431 3082 1619 3123 animum
1662 3082 1805 3123 subire
1855 3085 2008 3179 ponget
2082 3097 2085 3132 ς

1967 3143 2009 3179 st
2082 3144 2084 3179 τ

1205 3139 1338 3180 mirae
1397 3139 1572 3180 visionis
1631 3140 1849 3191 cogitatio.

1205 3201 1350 3238 autem
1377 3197 1494 3238 verbi
1519 3195 1662 3237 δοκεῖν
1694 3202 1739 3239 et
1771 3195 2007 3248 φαίνεσθαι
2081 3215 2083 3237 ι

1205 3266 1312 3294 usus
1353 3252 1434 3295 hoc
1474 3255 1512 3295 iu
1559 3267 1721 3307 genere
1768 3253 2006 3304 sollemnis,
2079 3253 2082 3307 J

1208 3311 1263 3352 de
1313 3324 1399 3363 qua
1446 3325 1493 3353 re
1529 3325 1667 3364 pauca
1717 3311 1905 3353 diximus
1953 3310 2007 3352 ad

1205 3369 1365 3411 Criton.
1402 3383 1439 3421 p.
1475 3367 1544 3414 44.
1578 3371 1633 3413 A.
