2098 3658
282 169 385 220 340
896 162 1371 217 PLATONIS

411 315 522 366 Καὶ
567 314 667 381 μὲν
713 307 779 374 δι’]
823 308 1046 377 πρῶτόν
1090 333 1149 380 γε
1193 331 1287 382 μοι
1317 309 1481 365 ιδοκεῖ
1524 316 1583 364 ὲν
1620 307 1775 377 αὐτῷ
1816 306 1988 363 κατά-

180 414 226 465 Β
283 401 453 465 δηλον
493 390 706 460 εἶναι-ἡ
755 398 958 466 σοᾳιά·
1005 399 1098 449 καί
1144 416 1195 448 τι
1236 391 1459 450 ἄτοπον
1501 397 1624 467 περὶ
1649 391 1832 459 αὐτὴν
1858 397 1990 467 φαί-

281 503 452 538 νεται.
505 483 604 548 Τι’,·
654 469 688 544 ἦ
735 475 774 531 δ’
829 474 908 541 ὅς.
957 479 1136 554 Σοφὴ
1183 482 1284 548 μὲν
1331 480 1407 547 τῷ
1454 475 1571 532 ὄντι
1618 482 1768 533 δοκεῖ
1802 500 1914 547 μοι
1956 477 1989 543 ὴ

279 564 442 630 πόλις
486 562 626 620 εἶναι
672 558 741 628 ἣν
787 561 1119 633 διήλθομεν·
1167 561 1431 633 εὔβουλος
1473 561 1599 632 γάρ.
1649 560 1804 633 οὐχί,ι
1855 564 1989 617 Ναί.

282 653 400 705 Καὶ
439 647 561 719 μὴν
600 644 770 701 τοῦτό
813 667 871 715 γε
917 646 1079 711 αὐτό,
1116 645 1146 714 ἡ
1195 647 1477 717 εὐβουλία,
1523 649 1696 712 δῆλον
1741 643 1829 701 ὅτι
1875 652 1991 700 ἐπι·
2093 670 2098 709 i

282 733 460 810 στήμῃ
506 737 588 795 τίς
627 738 800 784 ἐστιν·
851 729 919 785 οὐ
969 732 1076 800 γάρ
1127 754 1234 786 που
1281 730 1520 800 ἀμαθίᾳ
1563 752 1652 801 2⁸>
1697 727 1822 784 ἀλλ’
1875 736 1987 784 ἐπι-
2092 723 2098 751 “³

281 817 459 894 στήμῃ
500 809 557 871 εὖ
602 813 982 886 βουλεύονται.
1027 817 1228 881 Δῆλον.
1278 819 1504 870 ΙΙολλαὶ
1549 818 1603 868 δέ
1627 836 1688 883 γε
1719 818 1811 868 καὶ
1850 835 1992 868 παν-

284 905 528 959 τοδαπαὶ
572 902 868 969 ἐπιστῆμαι
914 907 971 952 ὲν
1017 902 1084 975 τῇ
1126 900 1280 955 πόλει
1335 904 1457 955 εισί.
1548 902 1680 963 Πῶς
1734 896 1842 970 γὰρ
1889 896 1992 966 οὕς

193 1007 238 1059 (3
269 981 382 1060 'Ap’
435 978 536 1041 οὖν
581 981 671 1039 διὰ
721 981 824 1048 τὴν
879 986 990 1038 τῶν
1034 985 1307 1040 τεκτόνων
1350 983 1659 1054 ἐπιστήμην
1704 981 1854 1058 σοφὴ
1900 986 1991 1038 καὶ

285 1069 554 1144 εὔβουλος
598 1067 629 1135 ἡ
675 1066 832 1131 πόλις
875 1075 1215 1140 προςρητὲας
1277 1068 1573 1138 Οὐδαμῶς,
1618 1074 1750 1140 ἔφη,
1796 1066 1889 1137 διά
1935 1089 1992 1133 γε

286 1156 516 1223 ταύτην,
563 1151 707 1208 ἀλλὰ
759 1153 1057 1220 τεκτονική.
1110 1152 1223 1208 Οὐκ
1267 1151 1380 1225 ἄρα
1427 1153 1517 1206 διὰ
1556 1152 1660 1219 τὴν
1695 1152 1831 1222 ὑπὲρ
1882 1155 1993 1206 τῶν

282 1243 513 1309 ξυλίνων
556 1239 762 1293 σκευῶν
807 1237 1111 1305 ἐπιστήμην
1167 1241 1574 1308 βουλευομένην
1625 1235 1698 1300 ὡς
1751 1234 1825 1291 ἄν
1881 1241 1992 1307 ἔχοι

281 1329 555 1396 βέλτιστα,
597 1319 746 1395 σοφὴ
791 1324 988 1388 κλητέα
1038 1321 1210 1384 πόλις.
1261 1320 1338 1376 Οὐ
1383 1326 1591 1391 μέντοι.
1650 1326 1718 1375 'st'
1762 1324 1847 1387 δές
1893 1321 1993 1388 τὴν

283 1409 420 1481 ὑπὲρ
471 1408 581 1461 τῶν
636 1412 692 1460 ἐκ
749 1408 848 1459 τοῦ
901 1407 1110 1476 χαλκοῦ
1159 1404 1189 1472 ἦ
1247 1426 1374 1460 τινα
1431 1404 1609 1472 ἄλλην
1655 1408 1764 1460 τῶν
1811 1405 1993 1462 τοιού-

288 1514 429 1563 τωνς
478 1488 610 1548 Οὐδ’
664 1487 947 1556 ἡντινοῦν,
990 1494 1124 1564 ἕψῃ·
1189 1490 1329 1547 Οὐδὲ
1380 1487 1483 1557 τὴν
1527 1489 1664 1564 ὑπὲρ
1710 1493 1811 1546 τοῦ
1859 1514 1992 1564 καρ-

406 1660 457 1704 Β
490 1655 647 1710 Σοφὴ
679 1655 772 1707 μὲν
804 1657 869 1711 τῷ
902 1654 1046 1727 ὄντι]
1073 1655 1224 1710 Steph.
1243 1656 1515 1699 cumVen.'·'·''
1453 1672 1524 1702 .,’-·.
1540 1656 1675 1712 Σοφὴ
1692 1657 1835 1708 μέντοι
1861 1656 1992 1702 δοκεῖ.

505 1713 933 1769 βουλευομένην
978 1710 1045 1755 ως
1075 1711 1139 1755 ἂν
1168 1715 1282 1766 ἔχοι
1313 1714 1601 1771 βέλτιστα]
1650 1715 1791 1757 Codd.
1837 1730 1991 1758 omnes
2084 1730 2098 1789 ᾗ

290 1788 385 1819 cum
404 1718 539 1817 Cvett.
585 1773 707 1815 editt.
749 1772 1071 1826 βουλευομένη,
1120 1773 1235 1825 quod
1281 1773 1335 1814 de
1377 1775 1625 1816 coniectura
1674 1773 1898 1816 Heindorfi
1937 1774 1991 1816 ad
2096 1784 2098 1789 ’

291 1833 513 1877 Phaedon.
555 1845 597 1885 p.
629 1831 699 1875 37.
738 1833 778 1873 in
810 1830 1138 1884 βουλευομέιην
1169 1832 1444 1873 mutasimus.
1488 1833 1577 1873 Pro
1616 1832 1686 1884 ἔχῃ
1719 1845 1772 1873 ex
1804 1832 1903 1874 Par.
1934 1834 1992 1877 A.

294 1894 389 1934 Vat:
426 1889 474 1935 Θ.
519 1890 620 1933 Ven.
658 1890 710 1932 ΙΙ.
751 1891 865 1943 Ang.
901 1888 1014 1932 Flor.
1047 1903 1086 1932 x.
1120 1889 1370 1942 scripsimus
1403 1890 1503 1942 ἔχοι,
1536 1891 1653 1942 quod
1687 1891 1816 1930 etiam
1855 1891 1992 1934 Bekk.

289 1951 446 2003 aliique
487 1948 622 1990 critici
664 1960 801 2000 nuper
840 1946 1138 1991 restituerunt.
1202 1953 1314 1987 Ante
1356 1945 1479 1988 πόλις
1525 1948 1654 2002 vulgo
1697 1943 1721 2002 ἡ
1758 1947 1992 2003 adiectum,

288 2007 431 2078 quod
438 2006 521 2048 soii
554 2006 659 2048 Ven.
693 2006 741 2049 Ξ.
775 2004 892 2046 Flor.
928 2005 973 2056 β.
1008 2019 1047 2058 γ.
1077 2015 1116 2045 n.
1152 2008 1316 2046 tenent.

406 2061 548 2117 ὑπὲρ
595 2076 698 2103 των
736 2061 793 2103 ἐκ
832 2063 931 2103 τοῦ
982 2063 1213 2115 χαλκοῦ]
1259 2063 1338 2102 τοῦ
1376 2076 1462 2106 om.
1506 2063 1605 2108 Par.
1649 2063 1747 2105 ΒΚ.
1789 2064 1905 2106 Flor.
1946 2064 1990 2117 β.

287 2123 408 2165 Μοη.
442 2120 488 2164 ln
518 2122 637 2162 Flor.
670 2135 709 2163 α.
742 2133 782 2164 n.
815 2134 856 2164 x.
890 2127 957 2162 est
988 2118 1065 2174 τὴν
1095 2117 1202 2174 ὑπὲρ
1236 2121 1317 2161 τοῦ
1345 2122 1520 2172 χαλκοῦ.

406 2177 531 2221 ἀλλὰ
573 2176 855 2233 γεωργική.
919 2178 1101 2219 Δοκεῖ
1127 2179 1265 2230 μοι,]
1329 2179 1404 2220 Sic
1435 2179 1662 2221 verissime
1694 2180 1855 2233 Angel.
1888 2180 1991 2224 Vat.

288 2252 345 2283 m.
377 2250 411 2283 r.
463 2237 583 2280 Flor.
623 2249 663 2278 a.
709 2249 745 2280 c.
788 2249 829 2277 n.
863 2250 905 2278 x.
949 2251 989 2278 α.
1026 2237 1070 2290 β.
1103 2251 1142 2290 γ.
1198 2235 1298 2278 Par.
1331 2236 1386 2278 K.
1450 2236 1802 2290 inteliigendnm·
1846 2238 1993 2291 κλητέα

286 2295 422 2345 πόλις,
453 2295 848 2350 agriculturae
889 2294 1078 2346 perita
1120 2293 1372 2335 vocanda
1406 2300 1504 2338 est.
1557 2294 1696 2348 Vulgo
1736 2293 1991 2350 γεωργικήν,

285 2355 401 2409 quod
439 2353 592 2403 Bekk„
623 2353 704 2393 inm
737 2353 791 2393 ab
827 2353 949 2393 Astio
982 2353 1036 2393 de
1067 2365 1215 2394 errore
1240 2352 1443 2421 monitus,
1474 2366 1558 2394 non
1585 2353 1776 2395 debebat
1801 2367 1990 2398 servare.

401 2412 459 2456 D.
497 2408 523 2465 ἢ
556 2424 650 2463 ουχ
684 2406 824 2463 νπὲρ
858 2426 890 2451 τ.
908 2409 922 2464 ]
959 2409 1110 2453 Herm.
1145 2423 1260 2455 corr.
1292 2402 1333 2462 ᾗ.

1235 2552 1643 2604 βουλευομένην
1673 2550 1738 2600 ῶς
1778 2551 1840 2593 ιῖν
1871 2555 1992 2607 31⁰⁶

286 2554 343 2594 tis
375 2559 521 2608 partes
559 2553 741 2605 singuiis
781 2553 913 2594 animi
955 2554 1090 2594 virtu·

1176 2609 1469 2665 βέλτιστα]
1491 2610 1805 2653 Accusativum
1828 2624 1904 2652 cur
1921 2625 1990 2653 re·

286 2612 400 2653 tibus
431 2611 714 2664 respondere.

347 2670 395 2710 Β.
422 2671 474 2710 ἐν
504 2665 642 2724 αὐτῷ
680 2665 1022 2721 κατάδηλον]
1052 2668 1093 2708 in

286 2740 356 2778 cc,
390 2727 446 2769 de
476 2739 566 2780 quo
585 2738 698 2768 nunc
720 2726 984 2780 quaerimus,
1014 2726 1095 2767 hoc

287 2790 355 2826 est
389 2787 431 2826 in
464 2785 656 2826 civitate.
709 2783 742 2824 S
756 2781 814 2823 cii
830 2785 838 2824 Ι
855 2784 947 2824 eie
960 2796 979 2823 r
993 2797 1032 2825 m
1047 2797 1094 2824 a·

287 2843 349 2884 ch
365 2856 490 2884 erus
531 2855 583 2885 ex
625 2841 723 2882 cod.
755 2842 935 2883 Monac.
981 2840 1095 2894 αὐτῇ

287 2900 599 2943 restituendum
633 2904 796 2940 censet.

342 2958 392 3002 C,
433 2957 568 3012 σοφὴ
615 2951 1093 3008 καὶεῦβουλοςῆ

284 3014 445 3062 πόλις
474 3015 690 3069 προςρ.]
723 3013 994 3066 Sapientiam
1015 3013 1096 3054 do-

285 3078 355 3113 cet
385 3073 547 3114 civitati
565 3071 834 3114 tribuendam
867 3084 979 3119 esse,
1012 3083 1094 3112 non

283 3128 382 3171 ideo
413 3130 514 3182 quia
531 3132 691 3173 multos
724 3130 879 3170 habeat
901 3130 1096 3183 opifices,

284 3187 355 3239 qui
394 3187 500 3228 artis
539 3201 642 3229 suae
694 3188 818 3240 periti
860 3188 966 3238 sint3
1015 3186 1091 3228 sed

283 3243 399 3296 quod
448 3257 525 3286 eos
559 3245 716 3287 habeat
756 3246 1007 3299 praefectos
1040 3256 1093 3285 ac

281 3302 574 3354 magistratus,
607 3302 678 3355 qui
701 3304 946 3345 nniversam
973 3314 1090 3343 rem-

280 3359 501 3410 publicam
524 3361 762 3414 prudenter
783 3373 935 3414 regere
946 3365 991 3403 et
1007 3358 1085 3401 ad·

280 3417 521 3461 ministrare
552 3417 734 3472 possint.

1179 2668 1466 2719 stituerimus‚
1496 2667 1659 2709 veiilia
1677 2668 1852 2720 docent,
1880 2682 1990 2723 quae

1180 2739 1282 2768 mox
1315 2727 1539 2794 leguntur·
1580 2725 1673 2766 ἔστι
1712 2741 1778 2772 τις
1815 2726 1989 2779 ἐπιστή-

1179 2799 1327 2838 μη-
1342 2813 1355 2834 ,
1401 2779 1426 2834 ἦ
1469 2782 1552 2835 οὐχ
1595 2779 1700 2833 ιῖπὲρ
1739 2788 1820 2824 τῶν
1861 2786 1904 2823 ἐν
1938 2789 1990 2837 τῇ

1180 2839 1303 2883 πόλει.
1346 2840 1469 2887 τινὸς
1508 2839 1786 2893 βουλεύεται.
1850 2845 1990 2895 Atque

1184 2902 1367 2952 propter
1395 2896 1534 2938 hano·
1523 2910 1661 2951 ipsam
1684 2900 1891 2953 participii
1911 2901 1987 2942 ad-

1181 2957 1410 2998 iectionem
1453 2954 1533 3006 τὴν
1563 2953 1667 3011 ὑπὲρ
1701 2961 1783 2996 τῶν
1814 2957 1990 3000 ξυλίνων

1181 3017 1342 3055 σκευῶν
1376 3012 1615 3066 ἐπιστήμην
1665 3015 1873 3067 scriptum
1904 3022 1987 3067 est,

1179 3084 1308 3124 quam
1351 3070 1550 3122 loquendi
1590 3072 1774 3113 formam
1815 3074 1988 3116 notavi-

1180 3142 1276 3170 mus
1307 3128 1362 3169 ad
1396 3129 1585 3180 Apolog.
1619 3129 1743 3170 Socr.
1777 3143 1818 3183 p.
1839 3131 1910 3175 32,
1931 3132 1984 3174 Β,

1179 3185 1342 3229 Piiaed.
1358 3199 1397 3238 p.
1410 3185 1480 3229 57.
1497 3185 1547 3226 Ε.
1567 3199 1606 3238 ρ.
1623 3187 1692 3231 76.
1715 3188 1764 3230 Ι).
1779 3187 1986 3245 Sympon.

1178 3258 1221 3298 p.
1239 3243 1338 3287 202.
1365 3243 1565 3297 E.Gorg.
1589 3258 1628 3296 p.
1641 3245 1743 3289 523.
1761 3246 1810 3286 B.
1830 3247 1986 3300 Neque

1175 3313 1287 3343 nunc
1319 3314 1431 3355 opus
1464 3306 1547 3352 est,
1585 3307 1634 3344 ut
1665 3303 1746 3355 τὴν
1777 3305 1984 3357 βουλευο-

1172 3357 1306 3412 μένην
1340 3359 1573 3412 scribatur,
1609 3363 1796 3415 repetito
1826 3362 1984 3403 articu-

1171 3417 1242 3467 io;
1287 3417 1559 3470 participium
1613 3420 1723 3460 enim
1766 3421 1982 3474 explican-
