2098 3658
293 123 389 174 136
904 119 1375 174 PLATONIS

184 263 230 317 C
289 268 629 342 ἀφαιρετέον
675 264 738 332 δὴ
780 264 842 320 τὸ
893 269 1089 322 δοκεῖν.
1148 275 1192 322 εἰ
1239 266 1346 337 γὰρ
1392 265 1534 334 δόξει
1579 269 1788 330 δίκαιος
1831 266 1987 331 εἶναι,

288 354 508 406 ἔσονται
555 347 708 418 αὐτῷ
754 354 909 419 τιμαὶ
953 354 1046 406 καὶ
1091 354 1289 423 δωρεαὶ
1335 354 1594 405 δοκοῦντι
1639 348 1874 420 τοιούτῳ
1918 348 1990 405 εἶ-

223 441 227 445 ’
289 453 411 489 ναι·
456 430 668 500 ἄδηλον
713 425 843 498 οὗν,
887 434 991 490 εἴτε
1036 439 1136 490 τοῦ
1182 439 1395 491 δικαίου
1454 434 1557 489 εἴτε
1616 438 1729 488 τῶν
1776 437 1991 505 δωρεῶν

289 540 346 573 τε
394 521 489 572 καὶ
531 520 704 587 τιμῶν
747 523 904 573 ἕνεκα
950 522 1210 584 τοιοῦτος
1237 522 1334 586 εἴη.
1383 526 1693 589 γυμνωτέος
1737 515 1803 584 δὴ
1848 516 1992 573 παν-

291 623 399 656 των
444 599 590 668 πλὴν
632 602 986 670 δικαιοσύνης
1038 607 1130 659 καὶ
1188 611 1444 670 ποιητέος
1489 607 1750 666 ἐναντίως
1794 605 1994 657 διακεί-

287 706 453 757 μενος
495 687 572 755 τῷ
621 691 903 758 προτέρῳ·
962 690 1134 758 μηδὲν
1192 687 1300 758 γὰρ
1358 686 1567 742 ἀδικῶν
1623 685 1791 752 δόξαν
1835 692 1990 757 ἐχέτω

287 770 391 838 τὴν
444 773 706 841 μεγίστην
762 770 1013 836 ἀδικίας,
1073 777 1164 827 ἵνα
1222 765 1253 848 ᾗ
1296 774 1763 842 βεβασανισμένος
1795 777 1870 835 εὶς
1912 773 1993 825 δι-

287 854 590 921 καιοσύνην
636 857 713 923 τῷ
758 853 835 925 μὴ
880 860 1181 925 τέγγεσθαι
1221 854 1332 911 ὑπὸ
1370 856 1699 923 κακοδοξίας
1743 857 1834 909 καὶ
1881 858 1993 909 τῶν

291 937 392 994 ἀπ’
446 937 622 1006 αὐτῆς
664 945 1031 1012 γιγνομένων·
1075 939 1200 995 ἀλλ’
1256 945 1388 996 ἔστω
1425 937 1816 1008 ἀμετάστατος
1839 945 1995 1011 μέχρι

184 1027 236 1079 D
295 1023 588 1088 θανάτου,
644 1027 819 1079 δοκῶν
874 1027 977 1095 μὲν
1020 1022 1159 1080 εἶναι
1203 1021 1395 1089 ἄδικος
1443 1023 1531 1079 διά
1580 1027 1736 1094 βίου,
1800 1020 1877 1077 ὢν
1936 1026 1992 1077 δὲ

401 1218 452 1260 C.
514 1221 686 1272 τιμῶν
715 1217 866 1259 ἕνεκα
903 1220 1171 1263 τοιοῦτος
1199 1217 1309 1273 εἴη]
1342 1217 1458 1258 Flor.
1492 1231 1534 1258 x.
1566 1221 1666 1272 post
1695 1220 1903 1265 τοιοῦτος
1931 1216 1996 1256 in-

288 1276 394 1318 serit
421 1275 491 1327 ἅν,
524 1275 640 1329 quod
671 1276 712 1317 in
742 1275 860 1319 Flor.
894 1289 931 1317 a.
950 1289 988 1317 c.
1018 1287 1147 1328 supra
1179 1288 1352 1317 versum
1385 1275 1664 1329 adscriptum.
1701 1273 1780 1316 sed
1811 1287 1851 1317 v,
1884 1275 1995 1328 expl.

402 1331 570 1378 δόξαν
611 1334 772 1386 ἐχέτω
812 1330 906 1386 τήν
951 1333 1240 1387 μεγίστην]
1289 1332 1449 1375 Euseb.
1493 1338 1537 1375 et
1580 1331 1852 1375 Theodoret.
1889 1332 1919 1371 l.
1960 1344 1995 1372 c.

287 1389 366 1442 τῆς
395 1392 616 1445 μεγίστης,
647 1389 763 1445 quod
793 1392 961 1444 recepit
990 1390 1157 1432 Astius.

403 1452 505 1489 τῶν
554 1446 646 1489 ἀπ’
690 1447 869 1500 αὐτῆς
908 1449 1278 1503 γιγνομένων]
1320 1448 1393 1488 Sic
1434 1447 1595 1493 Euseb‚
1639 1453 1683 1490 et
1723 1446 1994 1491 Theodorei.

287 1505 407 1547 Libri
446 1506 639 1547 Platonis
673 1518 826 1546 omnes
859 1519 1010 1560 prave=
1043 1504 1121 1546 v‘n'
1157 1503 1311 1557 αὐτῆς.
1345 1518 1383 1545 ν.
1415 1507 1644 1559 explicatt.
1705 1503 1870 1558 Nuperi
1904 1504 1996 1546 edi-

286 1568 405 1604 tores
450 1565 561 1618 proh
594 1563 720 1604 dolor
759 1562 920 1604 faciunt
969 1575 1068 1604 cum
1102 1563 1229 1606 codd.
1266 1564 1461 1605 Platonis
1503 1563 1734 1604 manifesto
1781 1563 1997 1617 corruptis

285 1633 369 1662 nno
419 1626 605 1675 excepto
638 1622 686 1662 C.
716 1620 791 1662 Fr.
834 1621 1114 1673 Hermanno,
1156 1621 1226 1674 qui
1274 1620 1340 1662 hic
1381 1621 1614 1674 aliquando
1659 1634 1684 1661 a
1718 1621 1888 1662 ratione
1920 1632 1997 1662 sua

286 1681 470 1721 recessit
499 1693 586 1733 qua
617 1678 799 1731 vestigia
833 1679 1016 1720 Parisini
1045 1680 1104 1720 A.
1141 1679 1488 1721 constantissime
1520 1677 1802 1733 persequitur.

400 1735 517 1777 ἀλλ’
557 1739 689 1778 ἔστω
732 1735 1159 1791 ἀμετάστατος]
1199 1737 1274 1778 Sic
1311 1737 1433 1778 Flor.
1471 1753 1510 1792 γ.
1546 1737 1678 1779 Vind.
1714 1737 1773 1780 D.
1813 1735 1996 1778 Schnei—

288 1794 396 1847 deri,
417 1795 684 1853 Tlieodoret.
717 1794 878 1839 Euseb.
910 1795 939 1835 1.
963 1807 999 1837 c.
1031 1807 1111 1849 pro
1143 1797 1317 1848 vulgato
1348 1794 1445 1835 ἀλλ’
1477 1795 1583 1847 ἤτω,
1615 1794 1735 1848 quod
1771 1799 1839 1836 est
1858 1794 1996 1835 Grae-

348 1935 399 1980 C.
460 1937 509 1977 εἰ
546 1935 646 1990 γὰρ
690 1935 848 1979 δόξει
881 1936 1102 1983 δίκαιος

291 2019 342 2026 —-—
390 1999 654 2042 τοιοῦτος
709 1994 816 2047 εἴη]
880 1994 1006 2036 Nam
1057 1995 1099 2035 si

290 2056 480 2095 iustus
515 2065 638 2094 esse
678 2051 979 2101 videbitur,
1014 2051 1101 2094 lio-

291 2122 458 2152 nores
494 2123 611 2152 eum
643 2113 697 2151 et
728 2110 866 2150 dona
907 2123 1099 2152 conse-

293 2173 557 2223 quentur,
601 2180 760 2221 quum
802 2167 938 2208 talis
971 2181 1099 2209 esse

295 2226 584 2277 videatur3
626 2227 702 2267 ita
733 2231 791 2266 ut
822 2227 1097 2267 incertum

293 2286 537 2327 futurum
566 2284 687 2334 sit,
738 2284 989 2335 ipsiusne
1029 2284 1098 2324 iu-

293 2343 487 2385 stitiae
519 2356 577 2383 an
623 2340 890 2383 donorum
927 2347 979 2382 et
1011 2339 1100 2382 ho-

293 2413 490 2443 norum
560 2411 725 2441 causa
797 2400 965 2440 talem
1042 2413 1100 2441 se

293 2459 575 2513 praebeat.
614 2457 666 2498 In
704 2456 766 2497 his
797 2457 940 2498 verbis
973 2469 1099 2510 prae-

290 2524 358 2560 ter
409 2518 654 2558 ubertatem
698 2514 935 2565 sermonis,
987 2527 1099 2567 qnae

290 2575 479 2618 cernitur
507 2575 548 2615 in
578 2571 876 2614 additamento
902 2573 991 2623 illo,
1025 2572 1098 2612 ‹50-

289 2638 439 2674 κοῦντι
478 2629 665 2680 τοιούτῳ
709 2630 843 2681 εἶναι,
884 2630 1094 2684 imprimis

290 2688 699 2733 animadvertendus
733 2694 800 2729 est
831 2701 936 2729 usus
969 2695 1098 2742 opta-

291 2750 364 2790 tivi
407 2750 499 2800 εἴη,
540 2748 610 2801 qui
650 2746 890 2788 cavendum
933 2751 999 2787 est
1044 2759 1097 2787 ne

291 2813 458 2848 temere
499 2806 539 2846 in
580 2804 745 2846 fraudis
803 2803 1097 2857 suspicionem

291 2863 547 2906 adducatur.
634 2862 810 2904 Etenim
879 2862 1098 2916 optativus

291 2934 404 2963 nunc
441 2921 603 2962 indicat
646 2919 958 2973 cogitationem
1013 2931 1097 2960 non

291 2980 506 3031 loquentis
539 2977 838 3032 (subiecti),
873 2977 950 3018 sed
985 2977 1098 3018 illius

291 3037 455 3090 ipsius,
495 3036 549 3078 de
579 3048 667 3088 quo
699 3047 846 3076 sermo
880 3040 971 3085 est,
992 3044 996 3047 ’
1017 3046 1095 3074 vo-

292 3097 506 3137 luntatem
528 3098 660 3145 atque
683 3093 890 3136 studium.
925 3093 987 3133 De
1007 3103 1096 3144 quo

290 3164 454 3207 genere
484 3149 684 3202 loquendi
716 3162 884 3191 summo
915 3162 1011 3191 cum
1030 3149 1097 3190 in·-

293 3209 408 3264 genii
440 3208 636 3249 acumine
680 3206 886 3248 disseruit
917 3206 1096 3249 Reisi-

293 3269 415 3322 gius
448 3267 742 3308 Commentat.
777 3264 831 3306 de
865 3266 903 3305 vi
938 3270 983 3306 et
1017 3276 1095 3305 usu

292 3324 346 3366 οἷν
388 3324 621 3379 particulae
651 3334 693 3374 p·
727 3320 814 3364 132
843 3335 936 3375 sqq.
984 3322 1097 3364 Ger-

295 3383 461 3425 manice
488 3382 629 3423 dicas:
666 3392 722 3421 es
756 3379 826 3419 ist
858 3381 975 3421 also
1009 3391 1094 3420 un-

1187 1936 1404 1989 gewiss,
1437 1937 1503 1978 ob
1541 1949 1598 1978 er
1618 1934 1750 1978 wohl
1771 1935 1870 1978 der
1889 1935 1992 1977 Ge·

1188 1994 1540 2047 reclutigkeit
1586 1994 1794 2046 selbst‚
1862 1992 1996 2035 oder

1188 2052 1284 2093 der
1321 2051 1470 2094 Elire
1525 2052 1628 2093 und
1680 2050 1994 2094 Belohnuu·

1186 2122 1288 2162 gen
1359 2123 1545 2162 wegen
1618 2111 1709 2151 ein
1770 2107 1996 2151 solcher

1186 2169 1305 2209 sein
1350 2167 1580 2210 miichte:
1629 2181 1682 2210 ex
1731 2180 1814 2220 qua
1861 2168 1995 2208 inter-

1186 2226 1431 2279 pretatione
1452 2234 1647 2279 apparet,
1683 2224 1765 2266 hoc
1782 2227 1844 2278 εἴη
1867 2237 1994 2278 quam

1187 2296 1324 2337 prope
1355 2283 1408 2325 ad
1443 2285 1660 2338 propriam
1684 2289 1727 2325 et
1744 2295 1996 2336 germanam

1187 2341 1368 2394 optativi
1399 2341 1515 2383 modi
1537 2341 1888 2394 significationem
1921 2353 1994 2381 ac-

1188 2399 1328 2442 cedat.
1391 2399 1564 2454 Quippe
1590 2400 1760 2440 sublata
1793 2399 1996 2451 obliquae

1185 2457 1279 2498 sive
1320 2457 1481 2510 ligatae
1519 2456 1823 2500 enuntiationis
1856 2455 1996 2497 forma

1186 2514 1343 2556 bomini
1375 2515 1453 2566 illi,
1485 2528 1539 2557 ex
1572 2515 1694 2556 cuius
1714 2515 1858 2555 animo
1879 2525 1994 2554 nunc

1184 2573 1354 2614 Glauco
1399 2573 1532 2614 verba
1579 2573 1708 2623 facit,
1763 2570 1993 2613 dicendum

1185 2635 1305 2672 esset
1345 2635 1550 2678 τοιοῦτος
1600 2631 1699 2682 εἴην.
1762 2629 1898 2671 Aliter
1930 2633 1996 2670 ta·-

1183 2701 1282 2729 men
1314 2688 1732 2738 Schneiderus,
1765 2687 1831 2728 cui
1863 2690 1993 2739 opta·-

1186 2747 1260 2786 tivi
1293 2746 1406 2787 ratio
1447 2747 1488 2786 in
1529 2747 1664 2786 altera
1707 2751 1831 2796 parte
1861 2755 1994 2785 enun-

1185 2803 1378 2844 tiationis
1439 2804 1581 2856 posita
1643 2802 1816 2842 videtur
1865 2814 1994 2843 orna-

1186 2866 1330 2903 menta
1364 2865 1409 2902 et
1440 2861 1554 2902 dona
1587 2860 1852 2910 continente,
1885 2871 1995 2912 quae

1184 2933 1255 2961 res
1294 2918 1353 2959 ita
1386 2923 1663 2972 comparatae
1695 2917 1802 2966 sint,
1846 2921 1895 2958 ut
1926 2917 1993 2957 fa-

1186 2978 1267 3017 cile
1299 2988 1443 3017 earum
1477 2988 1634 3016 caussa
1675 2974 1880 3016 iustitiam
1921 2987 1994 3016 se-

1184 3034 1263 3086 qui»
1317 3033 1470 3085 aliquis
1531 3032 1766 3074 existimari
1835 3033 1991 3085 possit.

1184 3092 1292 3133 Utut
1320 3095 1402 3145 est,
1433 3095 1554 3132 certe
1584 3103 1637 3132 ex
1659 3090 1995 3143 interpolatione

1185 3147 1307 3190 fluxit
1356 3147 1436 3199 ἅν,
1488 3147 1603 3201 quod
1649 3147 1780 3189 codd.
1820 3147 1992 3201 quidam

1184 3205 1402 3247 adiiciunt.

1242 3261 1328 3303 ἵνα
1359 3255 1386 3314 ᾖ
1413 3263 1992 3316 βεβασανισμένος-ἐἱς

1185 3321 1305 3374 dm]
1358 3324 1414 3360 ut
1450 3322 1612 3373 quasi
1657 3320 1724 3362 ad
1765 3320 1989 3372 Lydium

1186 3377 1416 3432 lapidem
1451 3380 1780 3431 exploratus
1823 3378 1895 3419 sit
1929 3378 1990 3418 il-

2085 3201 2098 3390 ἑ

2086 3408 2098 3658 i
