2072 3730
254 157 358 208 42⁶2

873 149 1246 205 PLATON
1272 149 1351 203 IS
1435 183 1437 186 -

260 298 472 370 ἄνδρας
515 297 779 364 ἐξέλεξας,
827 293 972 350 οὕτω
1017 298 1109 350 καὶ
1155 294 1256 360 τὰς
1292 305 1557 363 γυναῖκας
1601 294 1812 359 ἐκλέξας
1855 314 1960 347 πα-

261 381 527 455 ραδώσεις
588 380 733 436 καθ’

800 376 935 434 ὅσον
981 378 1105 435 οἷόν
1153 401 1207 434 τε
1255 376 1549 452 ὁμοφυεῖς·

1611 384 1664 434 οἱ
1720 381 1805 443 δέ,
1859 375 1959 433 ἅτε

262 471 441 530 οἰκίας
483 487 541 519 τε
589 470 679 520 καὶ
727 465 972 531 ξυσσίτια
1027 462 1187 519 κοινά
1237 469 1478 534 ἔχοντες,
1536 467 1664 537 ἰδίῳ
1705 466 1760 518 δὲ
1807 461 1963 517 οὐδε-

266 549 363 614 νὸς
407 548 572 605 οὐδὲν
617 551 847 606 τοιοῦτο
877 554 1224 617 κεκτημένου,
1270 545 1415 618 ὁμοῦ
1441 545 1506 613 δὴ
1538 553 1776 614 ἔσονται,
1819 544 1963 613 ὁμοῦ
2046 575 2058 598 κ»

161 645 214 697 I)
270 639 326 691 δὲ
368 633 826 705 ἀναμεμιγμένων
874 635 965 687 καὶ
1009 639 1067 687 ὲν
1110 636 1433 703 γυμνασίοις
1474 635 1566 686 καὶ
1611 639 1669 686 ἐν
1714 632 1778 708 τῇ
1823 627 1963 705 ἄλλῃ

267 722 447 796 τροφῇ
462 771 485 776 ,,
505 715 608 772 ὑπ’

672 717 947 786 ἀνάγκης,
1012 715 1192 787 οἶμαι,
1269 719 1363 783 τῆς
1430 716 1680 790 ὲμᾳύτου
1734 714 1966 780 ἄξονται

268 801 408 876 πρὸς
451 803 554 870 τὴν
597 801 852 869 ἀλλήλων
912 801 1075 869 μῖξιν.
1131 797 1165 867 ἢ
1213 799 1315 856 οὐκ
1355 799 1638 867 ἀναγκαῖά
1685 819 1775 855 σοι
1821 800 1963 854 δοκῶ

269 893 467 957 asyam

561 885 637 941 Οὐ
694 896 1079 955 γεωμετρικαῖς
1122 906 1210 953 γε,
1278 877 1307 950 ἦ
1356 883 1407 939 δ’
1457 883 1547 950 ὅς,
1603 884 1727 939 ἀλλ’
1781 890 1968 954 ἐρωτι-

269 983 390 1036 καῖς
429 968 733 1040 ἀνάγκαις,
787 972 847 1025 αἲ
902 969 1310 1024 κινὸυνεύουσιν
1373 974 1588 1024 ἐκείνων
1648 966 1970 1038 δριμύτεραι

269 1057 413 1113 εἶναι
456 1052 595 1126 πρὸς
639 1054 702 1110 τὸ
749 1059 970 1110 πείθειν
1015 1075 1072 1109 τε
1116 1056 1209 1108 και
1253 1057 1422 1108 ἕλκειν
1467 1052 1567 1108 τὸν
1611 1051 1788 1108 πολὺν
1817 1049 1970 1106 λεών.

274 1139 415 1217 Cap.
451 1135 617 1194 VUJ.

706 1141 821 1193 Καὶ
864 1138 1032 1208 μάλα,
1079 1137 1251 1194 εἶπον.
1295 1136 1438 1192 ἀλλὰ
1483 1137 1620 1207 μετὰ
1669 1136 1734 1204 δὴ
1774 1139 1972 1197 ταῦτα,

178 1229 226 1282 Ε
275 1219 317 1280 ὦ
364 1224 650 1293 Γλαύκων,
695 1222 951 1287 ἀτάκτως
992 1226 1093 1292 μὲν
1135 1226 1448 1293 μίγνυσθαι
1483 1221 1746 1288 αλλήλοις
1775 1217 1972 1288 ἢάλλο

272 1309 469 1365 ὁτιοῦν
530 1319 708 1361 ποιεῖν
766 1306 892 1363 οὔτε
950 1304 1105 1360 ὅσιον
1149 1314 1207 1360 ἐν
1252 1306 1596 1376 εὐδαιμόνων
1640 1304 1795 1360 πόλει
1843 1301 1965 1359 οὔτ’

134 1660 237 1713 459
277 1669 454 1704 tarot.

270 1394 490 1449 ἐάσουσι
501 1414 527 1444 ν
557 1397 610 1446 οὶ
650 1388 933 1462 ἄρχοντες.

1027 1389 1104 1445 Οὐ
1147 1388 1255 1458 γὰρ
1302 1393 1534 1455 δίκαιον,
1579 1397 1702 1463 ἔφη.

1790 1392 1975 1456 Δῆλον

273 1477 370 1545 δή,
437 1475 527 1532 ὅτι
581 1475 792 1546 γάμους
850 1472 911 1530 τὸ
971 1475 1110 1546 μετὰ
1183 1478 1352 1529 τοῦτο
1425 1474 1729 1544 ποιήσομεν
1797 1471 1978 1543 ἱεροὺς

274 1570 349 1627 εἰς
372 1561 611 1632 δύναμιν
640 1558 670 1616 ὅ
698 1581 751 1614 τι
774 1560 1016 1629 μάλιστα
1035 1578 1047 1590 ·
1093 1557 1195 1614 εἶεν
1226 1558 1275 1613 ὸ’
1329 1555 1403 1613 ἂν
1431 1564 1570 1628 ιἐροὶ
1611 1564 1663 1613 οἱ
1693 1556 1978 1631 ὠφελιμώ-
2058 1551 2072 1588 3<

543 1642 890 1700 Παντάπασι
927 1647 1028 1715 μὲν
1067 1635 1189 1699 οὖν.

1276 1646 1411 1708 Πῶς
1457 1636 1560 1699 οὖν
1605 1641 1672 1710 δὴ
1697 1641 1980 1716 ώφελιμώ-
2058 1616 2065 1688 ἶχ

278 1754 439 1789 τατοι
483 1735 738 1796 ἕσονταις
779 1728 906 1784 τόδε
949 1751 1048 1799 μοι
1093 1732 1238 1798 λέγε,
1284 1721 1324 1783 ὦ
1368 1729 1667 1784 Γλαύκων’
1713 1725 1824 1800 ὁρῶ
1869 1724 1977 1797 γάρ

279 1899 404 1940 editt.
438 1898 666 1947 omissum,
698 1895 985 1936 reddiderunt
1017 1893 1117 1935 Par.
1151 1894 1244 1935 ΑΙ)
1260 1894 1325 1942 K„
1349 1894 1459 1935 Ven.
1476 1893 1536 1934 11.
1560 1894 1694 1936 vind.
1716 1893 1840 1934 Mon.
1859 1894 1978 1945 Aug.

279 1957 379 1997 Vat.
409 1969 465 1996 m.
498 1969 533 1998 r.
566 1954 813 1994 Florentini
848 1967 926 1994 sex
957 1958 1000 1993 et
1031 1953 1135 1992 edit.

1174 1952 1272 1993 Bas.
1306 1951 1348 1994 2.
1421 1952 1598 1992 Habent
1641 1953 1773 1992 etiam
1807 1951 1977 1996 Επεὶ).

286 2017 495 2066 praepar.
538 2013 712 2065 Evang.
754 2012 874 2054 ΧΗΙ.
915 2025 958 2064 p.
993 2010 1089 2054 708.
1126 2010 1175 2050 1).
1216 2017 1259 2050 et
1300 2010 1572 2052 Theodoret.
1604 2010 1796 2062 Therap.
1826 2009 1906 2050 IX.
1938 2023 1980 2062 p.

279 2074 378 2118 617.
413 2073 469 2112 A..

394 2127 690 2181 ξυσσσίτια
723 2121 888 2165 κοινὰ
919 2123 1167 2179 ἔχοντες]
1204 2124 1252 2165 V.
1287 2125 1436 2177 κοινῇ,
1472 2126 1592 2178 quod
1621 2126 1788 2166 mutavi
1823 2139 1846 2166 e
1878 2125 1980 2168 Par.

282 2189 342 2230 A.
382 2187 594 2240 repetitae
623 2184 855 2234 lectionis,
901 2189 992 2224 vat.
1028 2181 1075 2224 Θ.
1118 2183 1222 2223 Ven.
1258 2182 1362 2226 ΞΙΙ.
1407 2183 1533 2224 vind.
1581 2184 1682 2225 Par.
1716 2183 1824 2227 DK.
1857 2184 1983 2224 Mon.

283 2248 402 2298 Ang.
438 2257 515 2285 sex
545 2241 812 2283 Florentinis
845 2246 887 2281 et
915 2242 1128 2283 Eusebio.
1192 2241 1426 2294 vulgatum
1454 2241 1586 2282 Turr.
1618 2248 1856 2282 tenuerunt
1885 2256 1983 2284 cum

285 2303 581 2352 Schneidero,
613 2313 730 2340 nune
760 2305 951 2340 mentem
980 2300 1205 2349 mutaturi,
1235 2305 1460 2352 comperta
1495 2313 1597 2342 vera
1628 2301 1782 2353 optimi
1817 2301 1985 2341 codicis
2064 2314 2072 2340 21

282 2363 523 2417 scriptura,
554 2372 692 2413 eaque
724 2371 821 2397 cum
851 2357 951 2399 aliis
981 2358 1103 2399 libris
1133 2359 1524 2411 praestantissimis
1557 2359 1860 2403 conveniente.

207 2520 210 2523 Α
285 2478 402 2516 enim
432 2487 519 2528 qua
546 2474 716 2514 ratione
759 2486 828 2512 res
859 2473 957 2512 fieri
987 2486 1091 2526 pos-

287 2536 345 2575 sit
385 2534 663 2587 potissimum
714 2531 962 2582 dubitatur,
1017 2532 1094 2572 sed

285 2606 342 2635 an
372 2593 551 2632 omuino
580 2590 674 2630 fieri
706 2590 859 2641 possit.

345 2650 404 2690 D.
468 2643 539 2690 Οὐ
579 2651 981 2700 γεωμετρικαῖς
1012 2661 1094 2701 γε,

291 2703 316 2762 ἦ
350 2703 393 2747 δ’
427 2703 511 2760 ὅς]
544 2707 650 2747 Vid.
684 2711 835 2746 annot.
867 2706 925 2746 ad
955 2703 1094 2758 Gorg.

290 2781 333 2820 p.
365 2765 464 2809 472.
496 2765 551 2805 Ε.
591 2765 649 2805 ad
678 2762 886 2815 Sympos.
917 2777 958 2816 p.
993 2763 1094 2807 223.

290 2825 349 2865 D.
367 2824 540 2865 etFab
557 2824 733 2862 ricius
771 2823 827 2862 ad
848 2822 969 2862 Sext.
992 2822 1096 2862 Em-

296 2884 378 2936 pir.
415 2883 514 2923 adv.
539 2882 677 2923 Math
698 2880 782 2920 111
809 2894 851 2933 p.
872 2880 970 2923 327
1011 2880 1096 2920 Re-

297 2939 442 2993 spexit
488 2941 543 2980 ad
597 2939 713 2979 hunc
772 2938 916 2979 locum
969 2938 1096 2977 Plu-

297 2999 469 3039 tarch.
507 2998 597 3038 Vit.
637 2997 830 3050 Lycurg.
870 3010 911 3048 p.
933 2996 1015 3064 48.
1048 2997 1097 3039 C.

296 3057 519 3096 Dicuntur
564 3061 710 3095 autem
755 3056 867 3095 istae
918 3048 1100 3107 ἀνάγκαι

296 3113 431 3153 ἕλκειν
462 3111 539 3154 τὸν
571 3110 709 3153 πολὺν
726 3110 845 3153 λεών.
878 3114 907 3152 i.
929 3125 966 3152 e.
1000 3109 1104 3152 τούς

299 3169 498 3211 πολλούς.
559 3172 634 3211 Sic
664 3171 894 3212 Lucian.
933 3171 987 3210 de
1023 3170 1099 3209 Hi-

299 3235 406 3269 stor.
446 3228 676 3269 Conserib.
722 3231 761 3281 ¹}-
801 3229 871 3272 10.
917 3228 1032 3267 dixit
1075 3224 1099 3266 ὁ

300 3283 437 3326 πολύς
468 3284 615 3338 δῆμος,
645 3287 717 3327 ubi
757 3288 856 3328 vide
886 3299 1097 3339 nuperum

297 3346 526 3386 editorem.

355 3403 407 3444 E.
470 3401 550 3442 εἰς
591 3398 825 3451 δύναμιν
873 3398 899 3441 ὅ
940 3415 983 3440 τι
1013 3398 1100 3450 μά·

1179 2472 1356 2528 λιστα]
1398 2474 1565 2515 Eadem
1599 2474 1733 2515 dictio
1766 2468 1833 2515 es‘t
1867 2474 1984 2517 Tim.

1178 2544 1206 2584 p
1254 2530 1325 2574 42.
1359 2531 1412 2571 Ε.
1446 2532 1515 2575 71.
1536 2531 1593 2571 D.
1625 2531 1697 2575 89.
1729 2533 1784 2573 D.
1818 2531 1984 2584 Cratyl.

1178 2588 1280 2632 422.
1306 2590 1354 2629 Ι).
1383 2589 1556 2630 Politic.
1578 2603 1619 2641 p.
1639 2590 1738 2634 279.
1761 2590 1811 2631 C.
1843 2591 1984 2643 Legg.

1184 2648 1258 2693 lV.
1294 2647 1391 2692 717.
1426 2647 1475 2687 C.
1513 2649 1560 2687 V.
1594 2648 1690 2692 739.
1733 2648 1785 2690 O.
1818 2649 1872 2688 Ε.
1913 2648 1984 2688 51.

1182 2705 1278 2749 766.
1324 2707 1381 2746 A.
1425 2706 1520 2750 777.
1561 2705 1615 2748 D.
1657 2706 1755 2750 783.
1793 2706 1852 2747 D.
1898 2706 1987 2748 vll.

1181 2763 1279 2807 817.
1318 2762 1370 2803 Β.
1413 2763 1523 2805 ΧΙῙ.
1561 2763 1660 2807 950.
1700 2766 1753 2805 E.
1797 2764 1985 2805 Phaedr.

1212 2879 1350 2933 vCap.
1383 2878 1511 2919 vm.
1572 2878 1624 2920 P.
1655 2879 1756 2923 459.
1811 2879 1860 2921 B.
1929 2878 1993 2920 Τι’
2059 2906 2062 2910 .

1184 2936 1239 2979 δὲ
1270 2937 1451 2978 ἵππων
1482 2936 1588 2976 οἴει
1618 2938 1694 2990 ——]
1729 2938 1869 2980 Quid
1901 2950 1987 2978 au·
2057 2948 2066 2966 ³

1184 3004 1285 3036 tem
1318 2997 1381 3035 de
1416 2995 1574 3046 equis
1606 3008 1801 3037 censes
1833 3002 1913 3036 etr.
1937 2995 1986 3036 V.
2059 3011 2063 3035 t

1186 3055 1243 3096 ad
1265 3053 1427 3094 Ph'aed.
1446 3066 1487 3104 p.
1510 3052 1579 3096 78.
1601 3053 1650 3093 Ι).
1674 3055 1772 3098 coll.
1789 3054 1987 3095 Matth.

1187 3111 1262 3152 Gr.
1293 3114 1332 3163 ξ.
1355 3109 1468 3180 „342-

1244 3163 1315 3209 ὥς
1344 3166 1448 3220 ἄρα
1490 3167 1707 3222 σφόδρα
1741 3165 1877 3221 ἡμῖν
1909 3167 1994 3208 δεῖ

1186 3224 1368 3279 ἄκρων
1397 3221 1540 3267 εἶναι
1572 3228 1674 3267 τῶν
1697 3222 1988 3279 ἀρχόντων]

1154 3306 1165 3314 ι
1187 3297 1349 3337 quam
1407 3286 1856 3338 praestantibus
1903 3298 1988 3325 no-

1187 3343 1269 3383 bis
1323 3356 1463 3394 opus
1518 3351 1602 3384 est
1649 3343 1990 3390 rectoribus.

1187 3402 1458 3454 siquidem
1506 3403 1695 3444 eadem
1727 3402 1876 3443 ratio
1908 3407 1990 3441 est
