2124 3744
167 489 267 538 505
280 485 633 559 *haustavdus
642 509 750 552 νος.

300 183 371 231 84
904 175 1383 228 PLATONIS

306 320 526 383 πάντως
573 319 714 374 αὐτὸ
774 319 876 375 οὐκ
920 321 1169 389 ὀλιγάκις
1216 319 1501 386 ἀκήκοας,
1555 322 1655 373 νῦν
1712 322 1769 373 δὲ
1826 316 1858 385 ἢ
1912 318 2014 374 οὐκ

306 412 509 467 ἐννοεῖς
552 401 582 469 ἢ
628 395 701 457 αὖ
749 407 969 470 διανοεῖ,
1003 409 1125 475 ἐμοὶ
1183 405 1487 475 πράγματα
1546 408 1800 474 παρέχειν
1859 402 2018 456 ἀντι-

429 653 478 692 P.
510 652 610 696 505.

310 795 463 838 Lexic.
499 807 534 836 s
568 808 607 833 v.
642 816 694 821 ——
759 790 944 846 ἄξιον,
981 795 1123 846 quod

313 853 498 901 decet,
530 851 690 919 quod
694 850 843 892 fieri
862 858 1124 921 oportet

372 907 581 949 πάντως
622 903 760 948 avt&
804 905 907 949 ov'n
947 904 1124 962 ὀλιγά-

315 978 398 1007 κις
430 967 515 1019 --]
568 967 739 1007 Eodem
784 968 1000 1020 asyndeto
1043 980 1125 1007 nos

314 1026 477 1065 utimur
512 1025 731 1065 dicentes:
776 1027 927 1066 Aber
968 1027 1126 1077 frage

314 1084 458 1122 auch
491 1083 572 1125 du.
632 1082 963 1125 Iedenfalls
994 1084 1128 1124 hast

315 1142 382 1180 ‹lu
416 1153 475 1180 es
506 1141 666 1180 nicht
696 1142 883 1182 selten
918 1141 1128 1209 gehort

316 1205 394 1241 ctr
426 1197 542 1238 Ἠῶ.
575 1212 617 1265 p.
650 1198 719 1241 26.
750 1199 816 1238 D:
862 1195 967 1238 τοὺς
1009 1199 1126 1238 πολὺ

317 1268 390 1296 τας
433 1279 488 1284 —-
529 1254 728 1325 φήσομεν
778 1254 974 1296 ἐκειίουε·
1028 1253 1130 1296 τούς

320 1309 564 1366 ἀληθινοὺς
590 1308 653 1354 εἶτ
656 1328 698 1353 αι
734 1311 989 1367 προγόνους
1013 1311 1130 1365 ἦμῶι

321 1369 401 1411 οὓς
431 1371 572 1423 ἔλεγεν
620 1367 644 1410 ὁ
671 1369 824 1423 ιερεύς.
859 1369 1029 1412 πάντως
1056 1368 1129 1424 ἆρ-

319 1427 536 1480 μόσουσι,
580 1429 648 1468 καὶ
682 1425 765 1469 οὐκ
798 1425 1063 1484 ἀπᾳσόμεθα
1094 1444 1130 1468 κ.

322 1503 352 1531 τ.
388 1489 419 1527 λ.
473 1486 677 1540 Sympos.
710 1501 748 1539 p.
783 1488 882 1531 173.
914 1488 966 1528 B.
1012 1487 1132 1528 Poli-

322 1548 392 1585 tic.
428 1559 470 1597 p.
503 1544 603 1587 268.
638 1546 692 1584 Ε.
725 1545 912 1586 Theaet.
952 1560 995 1598 p.
1031 1545 1128 1588 143.

323 1606 401 1652 A.‚
434 1603 508 1642 ubi
543 1604 648 1643 item
679 1604 795 1654 apud
829 1602 1001 1644 πάντως
1033 1617 1136 1644 con-

324 1662 491 1701 iunctio
533 1663 748 1713 neglecta.
822 1662 960 1702 Recte
1000 1663 1137 1714 igitur

324 1719 1024 1760 HemsterhusiusLucian.
1061 1721 1135 1760 Di-

324 1779 396 1820 all
433 1777 569 1817 Mort.
604 1777 662 1819 X.
713 1783 822 1818 extr
858 1778 1056 1830 scripsit:
1103 1779 1145 1817 τί

328 1850 411 1875 ουν
444 1835 502 1874 ἐτι
540 1836 607 1874 καὶ
640 1834 825 1884 uallet&
873 1833 1045 1875 πάντως
1077 1834 1136 1875 δι-

330 1892 504 1944 κασθῆι
508 1906 550 1932 αι
627 1891 790 1946 δεήσει,
865 1895 938 1934 ubi
1003 1895 1137 1946 vulgo

329 1950 501 1991 πάντως
530 1952 696 1992 aberat.

388 2039 437 2081 P.
469 2039 568 2082 505.
635 2032 790 2088 οἶμαι
852 2035 909 2076 δὲ
970 2038 1138 2077 τοῦτο

328 2095 564 2148 μᾶλλον]
625 2097 712 2140 Int.
771 2093 818 2135 σὲ
864 2093 1139 2135 διανοεῖσθαι

333 2153 425 2204 ἐμοὶ
459 2151 681 2207 πράγματα
713 2151 922 2206 παρέχειν.

394 2237 477 2280 ὅτι
511 2253 567 2292 γε
602 2235 626 2292 ἡ
658 2239 752 2279 τοῦ
775 2233 995 2292 ἀγαθοῦ
1027 2237 1141 2279 ἰδέα

335 2296 600 2355 μέγιστον
649 2294 898 2351 μάθημα]
946 2298 1142 2350 Amplis-

335 2356 490 2396 simam
519 2356 747 2396 scientiam
771 2357 978 2396 Socrates
1012 2360 1141 2396 vocat

336 2411 412 2467 τὴν
452 2414 532 2454 τοῦ
571 2408 752 2465 ἀγαθοῦ
793 2410 925 2453 ἰδέαν.
995 2411 1139 2455 Quam

331 2473 594 2512 sententiam
633 2472 792 2512 deinde
831 2472 894 2511 ita
933 2471 1142 2522 illustrat,

333 2536 380 2569 ut
412 2531 638 2583 respiciat
659 2529 788 2570 simul
832 2529 887 2570 ad
920 2529 1143 2582 quaestio-

329 2601 433 2634 nem
470 2588 524 2628 de
557 2600 727 2628 summo
774 2587 894 2627 bono
934 2588 1023 2629 iam
1051 2587 1143 2628 illis

334 2647 606 2698 temporibus
639 2645 883 2687 studiosius
915 2641 1143 2697 agitatam.

333 2705 393 2744 Et
424 2716 522 2745 eum
555 2704 732 2757 quidem
762 2703 906 2743 locum
925 2733 936 2752 ,
972 2704 1047 2755 qui
1080 2709 1146 2744 est

334 2759 388 2803 de
421 2775 590 2802 summo
627 2762 762 2812 bono,
798 2760 927 2802 Plato
958 2761 1006 2800 in
1042 2760 1145 2802 Phi-

334 2821 434 2860 lebo
482 2820 820 2872 diligentissime
851 2819 1146 2871 Persequutus

335 2882 424 2928 est,
477 2879 524 2921 in
569 2890 657 2930 quo
702 2878 812 2918 libro
865 2877 1016 2917 docuit
1066 2890 1146 2918 nec

337 2937 610 2987 voluptatem
640 2936 782 2976 solam
804 2947 886 2975 nec
917 2935 1147 2976 scientiam

322 3007 362 3038 ,a
384 2994 613 3046 Voluptate
634 2994 876 3034 seiunctam
889 2992 1024 3033 vitam
1039 2993 1144 3033 bea·

335 3051 425 3098 tam
457 3050 661 3102 efficere,
679 3050 759 3102 sed
789 3055 1020 3103 utramque
1049 3063 1146 3091 esse

336 3107 401 3148 ita
411 3109 706 3161 copulandam
720 3114 768 3148 ut
778 3104 1146 3153 secundumsum-

336 3165 396 3211 mi
423 3166 528 3207 boni
558 3167 705 3217 ideam
725 3167 866 3207 altera
895 3179 993 3208 cum
1010 3167 1150 3221 altera

337 3225 632 3275 ‹oniungatur
670 3225 1005 3277 prudenterque
1041 3229 1148 3264 tem-

338 3287 528 3340 peretur
585 3283 690 3323 lam
734 3295 840 3323 vero
881 3283 1012 3326 sicuti
1051 3281 1148 3335 phi-

338 3335 554 3393 Ιοεοριιιιε
596 3341 642 3379 in
681 3340 758 3380 illo
791 3341 905 3380 libro
944 3339 1150 3393 exposuit

340 3396 395 3438 de
415 3410 595 3438 summo
627 3398 744 3443 vitae
767 3398 988 3439 humanae
1006 3397 1147 3449 bono,

339 3456 402 3496 ita
431 3455 503 3495 hic
535 3453 630 3496 eam
655 3456 929 3507 quaestionis
963 3460 1147 3507 partem,

814 486 970 558 οἶμαι
999 519 1001 522 v
1031 492 1087 543 δὲ
1145 492 1316 543 τοῦτο
1362 490 1606 559 μᾶλλον·

1668 489 1780 541 ἐπεὶ
1827 484 1915 540 ὅτι
1959 507 2017 553 γε

675 644 700 703 ᾗ
744 653 827 692 καὶ
869 650 1086 705 δίκαια]
1132 655 1199 693 καὶ
1239 667 1334 694 cum
1376 653 1478 692 Par.
1514 654 1562 694 A.
1603 653 1701 694 Vat.
1733 665 1789 692 m.
1829 650 1947 690 Flor.
1978 663 2018 692 a.

1213 806 1324 846 quae
1347 799 1413 834 est
1444 794 1498 833 de
1527 793 1731 833 absoluta
1759 791 1918 832 summi
1942 791 2019 831 bo-

1211 853 1257 891 ni
1287 852 1412 902 idea,
1447 851 1696 892 accuratius
1726 849 2020 903 persequitur,

1211 913 1374 962 quippe
1425 922 1556 961 quam
1604 909 1698 948 illic
1745 908 1924 948 brevius
1974 907 2022 946 in

1212 969 1311 1019 ipso
1359 968 1546 1019 dialogi<
1573 967 1693 1006 exitu
1733 965 2019 1006 memoravis-

1213 1030 1292 1066 set.
1362 1024 1491 1066 Unde
1538 1025 1634 1064 iure
1676 1024 1878 1064 videmur
1918 1022 2023 1062 olim

1214 1083 1456 1124 coniecisse
1506 1082 1718 1122 Politiam
1769 1082 1887 1122 edito
1936 1081 2023 1120 iam

1217 1141 1403 1181 Philebo
1445 1141 1653 1191 scriptam
1698 1145 1741 1179 et
1787 1141 1833 1180 in
1883 1139 2025 1178 lucem

1214 1199 1435 1251 publicam
1503 1199 1708 1238 emissam
1774 1209 1884 1237 esse.
1972 1195 2026 1235 In

1217 1268 1346 1309 quam
1387 1257 1649 1296 sententiam
1696 1256 1828 1295 etiam
1867 1266 1920 1294 eo
1953 1254 2027 1293 de-

1217 1314 1336 1355 ducti
1411 1326 1586 1360 sumus,
1647 1314 1765 1363 quod
1826 1313 2028 1362 singulae

1220 1372 1435 1423 quaedam
1460 1375 1609 1422 partes
1634 1368 1950 1422 disputationis
1982 1369 2028 1408 in

1224 1429 1409 1471 Philebo
1441 1430 1635 1480 agitatae
1667 1441 1746 1478 eo,
1779 1429 1852 1480 qui
1886 1428 2029 1479 sequi·

1220 1493 1314 1536 tur,
1366 1487 1465 1526 loco
1517 1486 1751 1526 manifesto
1788 1485 2030 1539 respiciun-

1222 1551 1307 1587 tur.
1371 1544 1460 1583 Sed
1492 1544 1611 1584 istud
1636 1544 1812 1595 quidem
1831 1546 1875 1583 in
1905 1555 2030 1595 prae-

1224 1604 1335 1643 senti
1380 1603 1562 1642 missum
1611 1602 1813 1641 facimus.
1882 1599 2031 1641 Satius

1225 1662 1309 1700 erit
1338 1652 1492 1712 paucis
1534 1660 1852 1709 declaravisse,
1897 1671 1975 1700 cur
2008 1653 2033 1710 ἦ

1226 1718 1322 1758 ποῦ’
1347 1713 1527 1772 ἀγαθοῦ
1579 1715 1669 1757 ἰδία
1709 1717 1881 1758 dicatur
1919 1717 2032 1769 μέγι-

1228 1789 1331 1816 στον
1361 1773 1552 1827 μάθημα.
1613 1775 1952 1828 Enimvero-*est
1983 1786 2035 1815 ea

1228 1831 1252 1890 ἡ
1286 1834 1366 1873 τοῦ
1399 1830 1561 1874 παντὸς
1593 1829 1725 1886 ἀρχῆ,
1771 1839 1816 1873 nt
1839 1829 2034 1874 'vocatur

1225 1907 1266 1946 p.
1299 1891 1400 1935 511.
1434 1891 1485 1935 Β.
1520 1895 1562 1931 et
1593 1891 1815 1944 species
1853 1889 2030 1943 perfe-

1195 1951 1442 1995 ‚ctionis
1512 1954 1685 2001 atque
1756 1949 2033 1989 bonitatis

1225 2020 1485 2055 summae,
1525 2007 1643 2047 unde
1684 2020 1817 2060 quum
1862 2011 2034 2046 ceterae

1225 2068 1353 2107 ideae
1391 2072 1484 2105 tum
1521 2066 1652 2105 etiam
1682 2077 1753 2105 res
1785 2070 2035 2116 generatae,

1225 2125 1374 2177 prouti
1411 2124 1504 2163 eius
1544 2135 1726 2175 capaces
1761 2129 1882 2170 sunt,
1932 2123 2035 2172 vim,

1226 2182 1485 2228 essentiam,
1530 2181 1848 2232 veritatemque
1886 2181 2036 2220 nanci-

1228 2245 1435 2284 scuntur,
1490 2241 1554 2279 ita
1602 2244 1650 2277 ut
1696 2239 1827 2279 etiam
1877 2240 2035 2279 mentis

1229 2297 1477 2350 cognitioni
1515 2309 1567 2337 ac
1599 2297 1809 2338 scientiae
1841 2302 2034 2363 pateant

1230 2356 1514 2408 Quapropter
1545 2354 1641 2406 ipsa
1672 2367 1752 2403 eo,
1785 2356 1858 2409 qui
1892 2354 2037 2406 sequi-

1228 2420 1314 2466 tur,
1345 2415 1446 2454 loco
1477 2411 1670 2456 maxima
1699 2413 1860 2452 dicitur
1892 2413 2037 2465 digni-

1228 2477 1318 2512 tate
1349 2476 1392 2512 et
1422 2471 1685 2511 excellentia
1721 2483 1816 2510 esse
1848 2469 2038 2522 insignis

1231 2536 1274 2570 et
1303 2527 1497 2569 ἐπὲκειια
1538 2527 1614 2581 τῆς
1657 2522 1814 2569 οὐσίας
1852 2533 2038 2569 exstare.

1231 2586 1363 2636 Quod
1421 2585 1663 2642 quomodo
1706 2585 2040 2643 intelligendum

1233 2645 1306 2695 sit,
1338 2645 1492 2698 paucis
1526 2638 1724 2684 declarat
1754 2645 2038 2690 Aristote-

1233 2704 1316 2744 les
1345 2700 1598 2754 Metaphys.
1630 2700 1668 2741 Ι.
1700 2702 1741 2745 6.
1773 2715 1815 2754 p.
1833 2699 1934 2756 477.
1951 2695 2040 2750 42,

1234 2762 1310 2814 qui
1326 2762 1380 2802 de
1391 2759 1638 2800 Platonicis
1654 2758 1857 2812 loquens,
1880 2772 1938 2809 „n
1952 2771 1977 2798 o
1990 2772 2039 2799 n-

1232 2820 1404 2868 nulli,
1436 2818 1603 2871 inquit,
1641 2822 1880 2868 praeter
1910 2817 2040 2861 mul-

1231 2881 1315 2927 ta,
1390 2888 1530 2928 quae
1600 2874 1745 2915 bona
1803 2871 2041 2927 appare-

1232 2940 1383 2985 rent,
1411 2934 1613 2974 bonum
1645 2933 1826 2990 ipsum
1859 2938 2041 2972 exsta-

1231 3006 1289 3042 re
1334 2990 1651 3048 putabant,
1704 2990 1852 3042 quod
1892 2993 2043 3031 esset

1231 3043 1454 3100 caussa,
1527 3061 1619 3088 cur
1687 3046 1792 3086 itta
1865 3051 2044 3088 esseut

1232 3104 1415 3149 bonaf‘
1463 3105 1546 3161 Est
1573 3105 1712 3156 igitur
1744 3105 1918 3157 ipsius
1948 3106 2041 3146 bo-

1233 3166 1292 3206 ni
1322 3164 1472 3207 idea,
1501 3174 1589 3203 non
1631 3163 1719 3203 alia
1764 3176 1893 3215 quam
1925 3175 2041 3204 sum-

1232 3220 1648 3275 maeyperfectionis
1692 3222 1860 3273 species
1902 3232 2042 3273 eaque

1232 3292 1434 3332 vreapse
1475 3291 1622 3323 vera,
1668 3279 1885 3330 siquidem
1916 3276 2042 3321 ideae
2113 3291 2116 3292 ⁷

1233 3337 1407 3378 Platoni
1470 3337 1650 3377 omnino
1715 3342 1837 3382 sunt,
1875 3336 2043 3376 formae

1216 3392 1327 3438 'sive
1368 3394 1539 3446 species
1564 3407 1710 3435 rerum
1743 3393 2044 3445 intelligibiles

1234 3453 1436 3494 omnibus
1490 3451 1684 3492 numeris
1735 3451 1963 3493 absolutae
2005 3458 2046 3490 et
