2098 3658
202 172 304 222 270
829 164 1300 220 PLATONIS

199 316 426 373 ἀκούειν
481 317 572 368 καὶ
636 313 848 376 πολλὰς
905 313 1221 384 μεταβολάς
1285 321 1343 368 ὲν
1412 324 1534 376 ταῖς
1586 319 1894 384 στρατείαις
2085 270 2098 359 ³

112 402 159 453 B
197 400 652 472 μεταβάλλοντας
693 395 917 452 ὑδάτων
978 419 1035 454 τε
1078 402 1170 453 καὶ
1215 401 1326 452 τῶν
1360 394 1549 452 ἄλλων
1593 401 1755 451 σίτων
1802 402 1894 451 καὶ

199 483 457 551 εἱλήσεων
509 486 631 537 καὶ·
656 480 941 553 χειμώνων
993 481 1070 554 μὴ
1137 482 1507 557 ἀκροσφαλεῖς
1562 481 1704 536 εἶναι
1756 482 1897 551 πρὸς

197 567 430 637 ὑγίειαν.
520 570 793 621 Φαίνεταί
825 588 938 636 μοι.
1011 559 1139 637 'Ap'
1194 559 1296 622 οὖν
1341 564 1374 633 ἡ
1412 570 1663 637 βελτίστη
1687 586 1897 637 γυμνα-

197 650 353 719 στικὴ
418 649 633 724 ἀδελφή
693 672 776 715 τις
833 648 910 705 ἄν
968 651 1050 719 ε’ίη
1094 653 1194 718 τῆς
1236 648 1418 717 ἁπλῆς
1470 653 1763 722 μουσικῆς,
1827 648 1897 716 ἢν

196 736 390 807 ὀλίγον
453 734 730 806 πρότερον
786 738 1006 812 ὃιῇμενς
1095 738 1231 799 Πῶς
1287 738 1486 805 λέγειςς
1566 732 1741 801 Ἀπλῆ
1788 754 1896 788 που

197 825 289 876 καὶ
334 817 570 887 ἐπιεικὴς
612 817 950 890 γυμναστικὴ
995 821 1088 875 καὶ
1129 818 1373 890 μάλιστα
1417 817 1448 886 ἡ
1491 821 1603 873 τῶν
1648 821 1770 889 περὶ
1797 816 1899 873 τὸν

199 905 463 976 πόλεμον.
549 907 642 981 Πῇ
689 904 788 972 δή,·
827 939 829 941 >
875 906 989 959 Καὶ
1042 901 1179 973 παρ’
1239 901 1514 975 Ὁμήρου,
1567 895 1638 970 ἦν
1683 902 1733 957 δ’
1779 902 1899 972 ἐγώ,

198 990 266 1045 τά
322 1011 381 1058 γε
443 991 684 1046 τοιαῦτα
739 988 931 1061 μα’θόι
983 984 1058 1043 ἄν
1112 1010 1211 1053 τις.
1256 987 1436 1043 οἶσθα
1482 987 1623 1060 γάρ,
1679 985 1768 1043 ὅτι
1811 989 1898 1042 ἐπὶ

197 1078 489 1147 στρατείας
531 1080 590 1129 ὲν
632 1084 756 1138 ταῖς
799 1076 910 1128 τῶν
953 1070 1150 1142 ἡρώων
1193 1071 1501 1128 ἑστιάσεσιν
1559 1070 1686 1128 οὔτε
1730 1069 1898 1141 ἰχθύ-

102 1164 150 1218 C
198 1179 286 1215 σιν
330 1154 538 1223 αὐτοὺς
583 1161 755 1230 ἑστιᾷ,
799 1162 892 1213 καὶ
935 1160 1116 1212 ταῦτα
1156 1161 1244 1213 ἐπὶ
1277 1155 1545 1233 θαλάττῃ
1589 1163 1648 1211 ὲν
1685 1155 1900 1222 Ἕλλης-

199 1243 388 1313 πόντῳ
445 1239 641 1308 ὄντας,
716 1238 845 1299 οὔτε
904 1246 1114 1317 ἑφθοῖς
1180 1247 1436 1313 κρέασιν,
1501 1239 1647 1295 ἀλλὰ
1719 1239 1900 1311 μόνον
2095 1301 2098 1318 ¹

201 1327 426 1393 ὀπτοῖς,
481 1325 519 1382 ἃ
578 1325 645 1394 δὴ
701 1326 944 1398 μάλιστα
1003 1323 1076 1381 ἂν
1120 1328 1202 1393 ε’ίη
1244 1323 1614 1396 στρατιώταις
1658 1321 1897 1394 εὔπορα·
2094 1325 2098 1415 ⁴

198 1414 489 1483 πανταχοῦ
536 1409 673 1483 γάρ,
717 1410 790 1476 ὡς
833 1414 966 1474 ἔπος
1011 1416 1208 1475 εἰπεῖν,
1268 1408 1423 1480 αὐτῷ
1469 1412 1545 1479 τῷ
1593 1411 1725 1480 πυρὶ
1763 1411 1900 1481 χρῆ·
2084 1419 2098 1477 ,ἵ

313 1603 370 1645 ἐν
400 1608 519 1645 ταῖς
551 1617 641 1658 στρ
657 1575 866 1645 ατὲιάις
894 1605 966 1658 μ.]
1002 1603 1051 1644 V.
1083 1609 1306 1657 στρατιαῖς,
1334 1602 1454 1657 quod
1487 1616 1541 1645 ex
1571 1604 1673 1645 Vat.
1708 1600 1756 1644 Θ.
1788 1603 1897 1644 Ven.

201 1662 252 1706 Π.
286 1663 389 1704 Vnt.
423 1676 456 1704 ι·.
488 1661 605 1706 Flor.
646 1675 688 1703 n.
725 1667 952 1704 mutatum.
988 1675 1026 1706 v.
1067 1662 1121 1704 ad
1156 1662 1342 1706 Phaedr.
1384 1676 1424 1716 p.
1455 1662 1554 1705 260.
1590 1662 1639 1702 Β.
1670 1660 1783 1702 unde
1819 1673 1899 1702 nec

199 1725 412 1774 στρατιαῖς
458 1722 583 1774 plane
630 1720 921 1774 spernendum
976 1734 1075 1763 esse
1120 1721 1302 1774 patebit.
1381 1720 1550 1762 Deinde
1597 1720 1758 1772 auiquot
1804 1717 1899 1759 libri

194 1776 416 1833 εἱλήσεων.

317 1837 369 1880 Β.
428 1836 525 1889 τῆς
563 1831 734 1888 ἁπλῆς
771 1835 1072 1889 μουσικῆς]
1105 1830 1241 1888 ἁπλῆς
1272 1836 1384 1877 male
1415 1847 1501 1877 om.
1535 1834 1634 1877 Par.
1667 1836 1716 1875 A.
1753 1833 1897 1874 Ambr.

199 1895 295 1937 Vat.
328 1908 384 1938 m.
421 1894 538 1936 Flor.
571 1907 610 1935 a.
644 1906 681 1937 c.

314 1949 398 1993 ὅτι
438 1950 518 1992 ἐπὶ
565 1952 858 2005 στρατείας
899 1950 985 2003 -]
1032 1950 1155 2003 Vulg.
1198 1951 1414 2004 στρατιᾶς,
1457 1948 1574 2002 quod
1615 1962 1668 1991 ex
1710 1946 1803 1992 vat.
1852 1945 1898 1988 Θ.

199 2013 309 2052 Ven.
342 2009 395 2051 H.
432 2009 555 2052 vind.
586 2010 690 2050 Par.
725 2009 825 2052 DK.
858 2007 977 2050 Mon.
1008 2009 1110 2050 Vat.
1143 2021 1178 2050 r.
1209 2008 1327 2050 Flor.
1358 2007 1403 2061 β.
1445 2020 1482 2049 ιι.
1525 2006 1815 2049 emendatum.
1858 2018 1897 2045 v.

196 2068 250 2110 ad
282 2067 470 2111 Phaedr.
507 2080 548 2120 p.
580 2067 677 2111 260.
712 2066 761 2107 B.

312 2125 362 2170 C.
426 2121 453 2180 ἢ
484 2126 651 2166 τοῦτο
682 2122 775 2175 μὲν
820 2123 901 2164 καὶ
934 2121 990 2163 οἱ
1015 2119 1166 2164 ἄλλοι
1200 2127 1283 2175 ——l
1318 2121 1580 2164 Benedictus
1615 2125 1660 2162 et
1690 2121 1839 2161 Antius
1874 2116 1900 2171 ἥ

197 2183 421 2226 delendum
457 2188 736 2235 censuerunt3
769 2194 808 2226 v,
841 2186 986 2222 annot.

313 2242 365 2285 D.
428 2239 788 2295 Συρακοσίαν
821 2236 905 2292 δή,
938 2232 971 2278 ὦ
1006 2239 1154 2290 φίλε,
1188 2235 1461 2293 τράπεζαν
1494 2238 1578 2286 ——]
1620 2234 1899 2289 Συρακοσίαν

198 2300 298 2341 Par.
334 2302 384 2341 A.
417 2298 514 2340 Vat.
551 2297 599 2340 Θ.
631 2312 711 2352 pro
744 2299 856 2351 vulg.
889 2295 1214 2351 Συρακουσίαν.
1252 2296 1372 2340 vind.
1410 2296 1506 2336 Vnt.
1538 2307 1572 2335 ι·.
1612 2293 1732 2336 ΕΙοτ.
1771 2307 1811 2334 α.
1853 2293 1898 2345 β.

195 2370 236 2401 n.
271 2350 628 2411 Συρῥακουσίαν.
686 2355 855 2398 Nomen
897 2357 1013 2397 urbis
1059 2361 1309 2398 constanter
1344 2351 1623 2408 Συράκουσαι
1653 2354 1718 2395 vel
1753 2348 1896 2404 Συρά-

255 2519 306 2560 Β.
367 2520 453 2560 καὶ
494 2519 598 2559 τῶν
636 2515 806 2559 ἄλλων
839 2519 1004 2558 σίτων
1090 2517 1201 2560 Eum
1237 2517 1510 2559 Homerus
1546 2518 1674 2556 vocat
1695 2511 1895 2566 ι’χθυοέι·-

196 2576 272 2631 -]
307 2589 371 2618 ac
402 2582 704 2631 praeterea
740 2576 1003 2617 ciborum.
1091 2591 1161 2625 τα,
1192 2576 1246 2619 ΙΙ.
1277 2575 1359 2616 IX.
1390 2573 1490 2619 360.

196 2649 235 2675 v.
275 2634 329 2676 ad
376 2634 493 2678 Libr.
533 2634 588 2677 11.
641 2648 682 2687 p.
726 2634 825 2678 372.
867 2633 919 2675 D.
962 2647 1004 2686 p.

191 2693 293 2737 357.
334 2692 384 2734 C.
421 2692 478 2734 X.
526 2706 566 2746 p.
605 2692 704 2737 618.
737 2698 787 2734 Α.
820 2715 876 2722 ——
936 2691 1001 2732 εί-

193 2748 382 2804 λήσεις
416 2753 516 2791 sunt
564 2751 708 2792 solis
757 2750 1002 2800 calores,

191 2814 408 2860 aestus3
462 2821 592 2861 quem
632 2821 757 2850 nsum
804 2807 1002 2848 vocabuli

193 2866 325 2909 docte
356 2866 585 2908 illustravit
624 2865 909 2908 Ruhnken.
949 2863 1003 2906 ad

192 2925 305 2965 Tim.
371 2924 569 2966 Glossar.
631 2938 672 2978 p.
695 2965 698 2967 ,
720 2923 776 2967 96
836 2936 898 2976 sq.
950 2946 1005 2951 ——

194 2978 597 3036 ἀκροσφαλεῖς,
642 2994 710 3035 pr
731 2995 757 3023 ο
779 2993 802 3021 c
826 2981 913 3022 Ιίν
938 2993 962 3022 e
984 2993 1005 3020 s

195 3039 258 3080 ad
292 3041 532 3093 lapsum,
564 3039 756 3092 ideoque
788 3038 1004 3092 pericu·

194 3098 254 3137 lo
290 3097 532 3139 obnoxii.
563 3122 620 3128 —
668 3093 807 3151 πρὸς
836 3091 1003 3150 ὑγιέι-
1151 3094 1201 3134 D.
1236 3091 1590 3146 Συρακοσίαν
1623 3087 1682 3143 δή
1707 3091 1788 3144 -]
1822 3090 1893 3132 Si-

197 3168 283 3203 αν,
326 3154 471 3206 quod
515 3155 766 3208 pertinet
806 3154 867 3194 ad
918 3165 1004 3193 va-
1092 3153 1213 3193 culae
1245 3151 1380 3204 dapes
1411 3149 1451 3191 in
1483 3151 1634 3202 vulgus
1666 3153 1822 3199 notae3
1853 3161 1892 3189 v.

196 3212 521 3254 letndinem.
554 3212 752 3253 Universi
792 3209 882 3252 loei'
907 3223 1021 3251 sen-x
1092 3212 1266 3263 praeter
1304 3208 1519 3249 Astium
1558 3206 1610 3247 ad
1645 3205 1684 3249 h.
1718 3207 1743 3247 Ι.
1781 3219 1894 3258 quae

196 3269 376 3311 tentiam
423 3269 600 3310 uberius
641 3268 890 3310 dilucidavit
919 3267 1007 3308 Vi·
1093 3265 1266 3318 collegit
1295 3265 1449 3308 Mits
1471 3264 1584 3306 che
1605 3267 1653 3306 rl
1674 3265 1685 3304 ἰ
1707 3276 1731 3304 c
1754 3263 1791 3305 h.
1835 3264 1893 3306 ad

198 3327 438 3369 ctortus>
466 3325 585 3370 Varr.
617 3325 766 3367 Lectt.
799 3326 932 3367 VIII.
967 3324 1008 3370 7.
1096 3324 1282 3366 Horat.
1322 3322 1405 3364 Od.
1456 3323 1538 3374 nl,
1579 3323 1630 3375 1,
1671 3323 1739 3365 19.
1781 3321 1894 3363 conf.

1096 3380 1221 3431 etiam
1254 3382 1392 3431 Gorg.
1424 3394 1465 3434 p.
1496 3380 1596 3425 518.
1629 3380 1681 3424 Β.
1714 3379 1764 3423 G.

257 3442 307 3483 C.
343 3440 403 3482 ἑν
431 3437 798 3494 Ἑλληςπόντῳ
832 3438 1009 3494 ὄντας]
1155 3437 1469 3493 Κορινθίαν
1517 3436 1685 3491 κόρην
1728 3437 1892 3488 φίλην

1149 2659 1175 2715 ἢ
1208 2662 1374 2702 τοῦτο
1415 2658 1512 2710 μὲν
1545 2660 1628 2700 καὶ
1663 2659 1719 2700 οἱ
1746 2657 1897 2700 ἄλλοι

1088 2721 1172 2774 -]
1234 2732 1294 2762 an
1341 2718 1394 2760 id
1450 2718 1679 2771 quidem
1729 2718 1895 2759 etiam

1088 2778 1267 2821 ceteri
1344 2774 1605 2818 athletae
1683 2774 1892 2816 intelli-

1087 2842 1240 2891 gunt,
1286 2847 1438 2885 eum,
1473 2835 1557 2886 qui
1600 2833 1741 2874 velit
1772 2844 1896 2884 pro—

1092 2906 1257 2948 spera
1304 2893 1391 2933 uti·
1437 2891 1693 2944 corporis
1735 2890 1895 2931 vale-

1091 2951 1307 2999 tudine,
1391 2955 1659 3001 oportere
1727 2948 1895 2988 istis

1092 3009 1343 3051 omnibus
1373 3004 1696 3047 abstinere?
