2106 3594
260 155 587 209 LXXVIII

257 300 323 351 E.
386 300 525 352 inter
573 298 945 366 colloquentes
1012 302 1339 350 convenerat
1398 295 1788 368 disputandum
1838 315 1958 350 esse

258 371 325 423 de
374 370 584 424 iustitia
640 377 694 421 et
754 368 1022 422 iniustitia
1068 369 1181 436 sic,
1244 377 1304 420 ut
1354 385 1450 439 per
1498 387 1556 422 se
1618 375 1961 438 spectaretur

258 443 407 495 nulla
442 442 629 494 habita
667 448 1011 493 externorum
1058 438 1463 493 commodorum
1503 448 1559 493 et
1597 440 1960 510 praemiorum

257 515 487 581 ratione,
529 531 697 581 quum
734 512 844 565 isto
882 518 1047 581 pacto
1082 511 1306 583 propria
1342 511 1517 580 ipsius
1553 514 1639 565 vis
1677 519 1730 565 et
1766 519 1962 564 natura

258 584 568 637 evidentius
636 590 781 637 esset
837 582 1180 653 apparitura,
1251 591 1433 635 tamen
1493 583 1750 652 quoniam
1809 590 1961 635 ante-

256 675 419 724 quam
469 675 535 708 ea
585 654 653 708 de
699 674 759 707 re
810 654 1190 723 convenisset,
1242 655 1321 706 ita
1359 661 1477 706 erat
1511 654 1841 723 iudicatum,
1898 663 1962 706 ut

255 727 497 780 iustitiae
535 727 710 780 omnis
750 726 960 779 utilitas
995 744 1262 796 omneque
1300 725 1600 795 praemium
1638 727 1960 797 eriperetur,

257 799 421 852 etiam
459 799 565 852 hoc
585 798 803 851 nomine
843 792 1083 870 dignitas
1110 798 1226 851 eius
1249 796 1580 850 vindicanda
1608 798 1729 851 fuit.
1795 796 1962 865 Quod

260 869 486 939 quidem*
535 871 654 940 ipse
698 870 865 932 ‚Plato
919 868 1136 923 disertis
1187 868 1372 922 verbis
1410 868 1695 939 signifieat
1744 889 1797 940 p.
1839 871 1960 921 612.

259 940 324 995 C.
362 942 436 994 D.
517 942 644 995 Hoc
681 942 854 1013 igitur
889 941 1119 994 alterum
1138 948 1246 1008 est,
1287 939 1436 1010 quod
1468 941 1654 994 libro
1692 939 1963 993 decimo

257 1013 479 1067 tandem
525 1015 840 1085 peragitur,
892 1032 1003 1083 quo
1038 1013 1241 1066 omisso
1292 1019 1349 1064 et
1383 1013 1639 1084 neglecto
1680 1021 1828 1065 certe
1867 1011 1966 1064 ali-

261 1084 394 1155 quid
431 1084 502 1138 ad
540 1085 784 1138 universi
831 1085 1013 1156 operis
1060 1083 1429 1156 integritatem
1480 1083 1794 1136 defuturum
1830 1083 1966 1136 fuis-

261 1164 362 1211 set,
453 1157 653 1227 Itaque
701 1164 979 1229 postremo
1046 1156 1208 1209 etiam
1258 1152 1486 1208 docetur
1534 1155 1805 1223 iustitiae,
1858 1155 1966 1208 hoc

261 1235 358 1283 est·
393 1229 706 1283 universae
731 1229 877 1283 vitae
928 1227 1197 1281 humanae
1249 1234 1363 1280 tam
1411 1227 1678 1296 cuiusque
1715 1227 1964 1296 privatae

262 1319 424 1369 quam
465 1300 667 1367 civium
705 1300 944 1354 omnium
983 1299 1309 1367 communis,
1346 1299 1536 1352 virtuti
1558 1319 1669 1352 non
1707 1299 1880 1352 solum
1908 1298 1966 1351 in

261 1373 365 1426 hac
415 1372 560 1440 vita,
613 1371 711 1424 sed
761 1372 926 1425 etiam
975 1378 1104 1442 post
1155 1376 1385 1423 mortem
1435 1371 1671 1423 maxima
1727 1370 1971 1442 praemia

261 1462 382 1497 esse
420 1444 724 1514 proposita.
800 1442 1081 1510 Quocirca
1130 1441 1537 1495 demonstratur
1583 1442 1815 1513 primum
1853 1441 1969 1494 ani-

262 1535 471 1568 morum
512 1514 935 1582 immortalitas,
975 1515 1056 1567 ita
1096 1512 1347 1583 quidem,
1387 1519 1451 1565 ut
1486 1513 1772 1567 iubeamur
1810 1532 1875 1566 ea
1911 1514 1968 1565 in

262 1605 460 1641 caussa
531 1586 697 1640 animi
756 1605 998 1657 puram
1070 1585 1567 1654 sinceramque
1651 1591 1969 1638 naturam

263 1667 543 1729 spectare,
600 1676 709 1728 qua
756 1677 880 1712 cum
929 1656 1116 1710 divino
1172 1656 1464 1709 immortali
1519 1663 1576 1709 et
1614 1664 1837 1710 aeterno
1878 1675 1969 1710 co-

262 1737 464 1802 gnatus
518 1730 590 1784 sit
629 1730 706 1800 (p.
747 1731 865 1785 608.
903 1761 973 1768 —
1015 1731 1140 1782 61‘2.
1178 1727 1290 1796 Β.).
1366 1725 1494 1795 Quo
1530 1729 1678 1781 facto
1717 1729 1768 1781 ei
1805 1728 1970 1781 etiam

264 1809 488 1855 externa
537 1801 889 1855 vindicantur
925 1800 1187 1871 praemia,
1228 1817 1368 1870 quae
1406 1806 1515 1852 tam
1553 1799 1621 1853 ab
1659 1799 1970 1853 hominibus

265 1893 425 1942 quam
475 1893 508 1926 a
545 1872 649 1926 diis
685 1873 795 1944 ipsi
843 1873 1192 1936 tribuantur,
1242 1869 1512 1939 siquidem
1564 1870 1697 1924 deos
1746 1870 1971 1924 credere

264 1947 347 1997 fas
382 1945 471 1998 sit
530 1944 843 1998 hominibus
892 1945 1054 1997 iustis
1120 1944 1285 1996 etiam
1321 1942 1378 1994 in
1415 1941 1519 1996 hac
1557 1943 1686 2011 vita,
1724 1942 1971 2012 quamvis

265 2036 428 2088 saepe
481 2016 666 2070 miseri
711 2015 1019 2083 videantur,
1071 2022 1254 2068 tamen
1313 2014 1590 2084 sapienter
1653 2015 1969 2078 consulere3

264 2088 511 2142 homines
563 2095 746 2141 autem
791 2087 1150 2155 iniustitiam,
1204 2085 1381 2139 sicubi
1446 2086 1611 2138 fuerit
1667 2087 1968 2158 patefacta,

265 2159 503 2230 denique
562 2159 689 2213 odio
761 2166 817 2212 et
874 2166 1152 2212 contemtu
1211 2164 1642 2228 persequantur,
1708 2158 1970 2212 iustitiam

266 2238 477 2300 autem,
545 2231 792 2301 quamvis
838 2249 1002 2302 saepe
1055 2230 1263 2284 diutius
1305 2229 1582 2295 latentem,
1631 2237 1816 2282 tamen
1871 2249 1970 2301 po-

267 2310 470 2357 stremo
508 2303 693 2357 colant
721 2314 776 2356 et
811 2303 972 2356 iustis
1010 2301 1313 2355 honoribus
1341 2299 1589 2354 afficiant
1622 2301 1700 2372 (p.
1740 2302 1861 2354 612.
1903 2301 1968 2354 Β.

268 2400 335 2414 —·-
373 2376 494 2427 613.
543 2375 658 2444 E..)
743 2375 886 2428 Tum
935 2393 1067 2427 vero
1119 2373 1283 2427 etiam
1322 2379 1452 2442 post
1484 2380 1715 2426 mortem
1753 2392 1852 2444 per
1885 2379 1969 2425 to-

265 2454 376 2499 tam
437 2465 619 2500 rerum
679 2445 1092 2500 universitatem
1154 2443 1384 2498 docetur
1441 2442 1680 2497 divinam
1742 2463 1971 2517 regnare

266 2517 690 2590 providentiam,
731 2536 872 2587 quae
910 2517 1120 2571 scelera
1158 2528 1212 2569 et
1248 2515 1461 2587 flagitia
1496 2516 1690 2587 puniat
1741 2524 1796 2568 et
1836 2517 1970 2569 ulci-

267 2596 469 2657 scatur,
508 2595 657 2643 recte
704 2589 851 2643 facta
887 2596 1070 2642 autem
1106 2587 1312 2641 meritis
1348 2587 1603 2658 praemiis
1649 2587 1856 2641 afficiat
1893 2589 1970 2658 (p.

268 2663 393 2715 614.
429 2662 501 2715 A.
541 2692 612 2702 -—
650 2663 770 2715 621.
809 2661 929 2730 Α.).
1005 2659 1223 2728 Quibus
1272 2658 1526 2713 omnibus
1575 2658 1810 2729 denique
1847 2659 1971 2711 bre-

262 2733 348 2786 vis
400 2733 599 2787 subiun
641 2733 750 2787 itur
800 2732 870 2786 ad
915 2732 1181 2786 iustitiam
1219 2729 1505 2785 colendam
1541 2730 1851 2784 exhortatio
1891 2732 1968 2801 (p.

264 2807 390 2857 621.
430 2802 496 2857 C.
533 2805 607 2858 D.
642 2846 654 2858 .

413 2875 504 2928 En
561 2877 731 2947 igitur
766 2875 938 2930 habes
976 2876 1084 2928 iam
1121 2873 1363 2928 universi
1399 2872 1579 2943 operis
1619 2872 1837 2926 brevem
1876 2872 1972 2926 de-

267 2947 640 3017 scriptionem.
739 2946 921 3015 Quam
981 2945 1202 3016 quidem
1260 2943 1569 2997 facillimam
1627 2944 1828 2997 habere
1879 2963 1971 2997 ex-

263 3017 650 3088 plicationem,
701 3019 748 3071 si
795 3038 975 3089 neque
1035 3036 1199 3071 unam
1245 3014 1508 3067 iustitiam
1568 3034 1746 3085 neque
1807 3034 1972 3068 unam

261 3089 528 3159 optimam
567 3089 847 3143 civitatem
886 3088 1024 3143 illud
1060 3107 1179 3142 esse
1215 3085 1664 3155 iudicaverimus,
1716 3086 1786 3139 ad
1824 3085 1973 3156 quod

260 3178 482 3214 summa
516 3159 926 3229 'disputationis
977 3160 1282 3225 referatur,
1339 3157 1733 3228 propemodum
1773 3168 1971 3229 sponte

260 3232 644 3315 appariturum
704 3250 823 3285 esse
882 3232 1220 3285 arbitramur.
1306 3229 1579 3282 Nimirum
1629 3236 1973 3283 sustentatur

255 3322 525 3358 universa
585 3301 892 3374 disputatio
947 3302 1267 3372 quaestione
1332 3299 1400 3353 de
1449 3300 1658 3354 iustitia
1721 3301 1972 3354 instituta

260 3388 532 3444 tanquam
599 3373 973 3429 fundamento,
1004 3394 1124 3428 suo,
1175 3377 1179 3380 ’
1227 3372 1334 3426 Cui
1397 3378 1829 3443 superstructum
1886 3380 1971 3425 est
