2098 3658
113 683 216 735 398

260 116 365 167 250
849 113 1334 170 PLATONIS

259 259 412 315 πόλει
465 257 563 314 τόν
617 279 674 313 τε
719 258 1061 330 σκυτοτόμον
1115 260 1461 330 σκυτοτόμον
1515 257 1816 332 εὑρήσομεν
1859 269 1952 321 καὶ

259 343 324 399 οὐ
371 342 714 415 κυβερνήτην
757 341 897 412 πρὸς
939 347 1003 420 τῇ
1051 349 1403 416 σκυτοτομίᾳ,
1451 348 1543 399 καὶ
1576 342 1676 400 τὸν
1707 348 1950 420 γεωργὸν

256 426 498 498 γεωργὸν
543 430 635 481 καὶ
675 425 740 482 οὐ
787 426 1051 493 δικαστὴν
1109 427 1249 499 πρὸς
1308 432 1371 504 τῇ
1418 434 1667 498 γεωργίᾳ,
1713 435 1804 486 καὶ
1850 430 1950 488 τὸν

258 508 555 581 πολεμικὸν
600 509 899 580 πολεμικὸν
942 516 1035 567 καὶ
1074 511 1139 568 οὐ
1163 511 1544 584 χρηματιστὴν
1577 512 1715 586 πρὸς
1742 518 1807 591 τῇ
1846 539 1950 572 πο,

256 599 460 673 λεμικῇ,
508 598 602 650 καὶ
650 595 871 661 πάντας
915 594 1130 667 οὕτως,·
1171 596 1410 664 Ἀληθῆ,
1457 602 1580 670 ἔφη.
1610 594 1822 671 ’Ἄνδρα
1864 601 1949 667 δή,

256 679 329 744 ὡς
374 685 542 745 ἔοικε,
600 679 914 752 δυνάμενον
958 678 1067 736 ὑπὸ
1113 686 1318 756 σοφίας
1362 680 1730 737 παντοδαπὸν
1775 688 1951 752 γίγνε-

251 769 398 820 σθαι
441 769 533 819 καὶ
571 770 876 836 μιμεῖσθαι
916 765 1102 820 πάντα
1144 765 1423 838 χρήματα,
1467 772 1514 820 εὶ
1558 764 1689 836 ἡμῖν
1727 766 1950 842 ἀφίκοι-

251 871 319 906 το
367 854 443 913 εὶς
485 845 590 916 τὴν
635 849 798 904 πόλιν
844 848 1016 913 αὐτός
1058 872 1115 905 τε
1159 855 1249 905 καὶ
1300 848 1367 905 τὰ
1413 851 1720 920 ποιήματα-
1743 852 1948 922 βουλό-

250 955 417 1006 μενος
457 934 861 1000 ἐπιδείξασθαι,
907 946 1306 1004 προςκυνοῖμεν
1345 931 1417 988 ἂν
1463 932 1640 990 αὐτὸν
1684 934 1756 1000 ὡς
1799 935 1950 1009 ἱερὸν

252 1021 345 1074 καὶ
400 1016 742 1090 θαυμαστὸν
795 1022 888 1075 καὶ
930 1016 1098 1086 ἡδύν,
1155 1019 1399 1092 εἴποιμεν
1442 1018 1494 1075 δ’
1546 1016 1647 1085 ἄν,
1709 1019 1796 1077 ὅτι
1843 1020 1946 1078 οὐκ

250 1239 535 1315 a-..chssyfi

598 1241 798 1282 Errorem
833 1243 937 1283 satis
968 1242 1233 1295 frequentem
1279 1240 1515 1292 tetigerunt
1552 1241 1675 1283 Bast.
1709 1247 1752 1283 et
1779 1241 1948 1285 Schaef.

250 1296 390 1353 Epist.
426 1301 518 1341 crit.
564 1299 754 1368 lippo-nd
791 1312 831 1350 p.
864 1301 905 1343 3.
942 1300 1094 1342 Herm.
1121 1305 1266 1340 tamen
1301 1296 1376 1337 τὸν
1407 1299 1580 1339 abiecit.

366 1361 409 1398 P.
441 1358 542 1401 398.
575 1354 704 1396 οὔτε
737 1355 897 1407 θέμις
927 1355 1287 1411 ἐγγενέσθαι]
1324 1353 1949 1410 Vulg.01'2'ze.mutavitBek-

249 1416 380 1457 kerus
423 1416 462 1456 in
511 1411 616 1456 οὐδέ
653 1423 801 1455 contra
843 1415 966 1456 fidem
1011 1414 1200 1456 omnium
1247 1415 1460 1455 codicum.

252 1487 450 1514 mannum
493 1473 545 1514 ad
589 1472 1042 1524 EuripidisMedeam
1082 1485 1122 1512 v.
1166 1472 1290 1516 1321.

1525 1414 1612 1456 Sed
1645 1415 1799 1456 audias
1831 1415 1950 1457 Her-

1350 1472 1515 1523 „Haec
1559 1473 1593 1513 si
1632 1479 1680 1513 ut
1720 1474 1950 1515 coniuncta

250 1531 518 1584 cogitantur,
565 1543 743 1582 neque
793 1543 915 1572 esse
959 1531 1087 1572 illic
1127 1534 1293 1573 talem
1350 1531 1520 1572 virum
1567 1543 1662 1572 nec
1713 1531 1949 1574 tolerari

243 1698 421 1755 εὑρήσει
479 1703 563 1743 τῶν
622 1700 776 1756 λόγων.
849 1702 1052 1753 Lysiae

247 1764 371 1801 Orat.
407 1759 504 1803 adv.
544 1761 746 1802 veihi-ad.
779 1774 817 1812 p.
847 1761 947 1805 127.
982 1762 1051 1803 ed.

250 1820 394 1862 Brem.
429 1814 619 1888 ἡγοῦμαι
648 1817 758 1859 δέ--
780 1816 863 1874 ὅλῳ
888 1821 946 1874 τῷ
976 1817 1052 1860 νό-

244 1891 309 1930 μῳ
346 1873 523 1928 μόνον
564 1872 700 1918 αὐτὸν
740 1878 823 1917 τῶν
870 1879 1053 1918 πολιτῶν

246 1936 401 1987 ἔνοχον
430 1930 551 1981 εἶναι.
596 1960 649 1965 -
715 1936 834 1977 Mox
870 1950 931 1976 ου
963 1951 1050 1977 κυ-

246 1991 520 2048 βερνήτην
570 2005 710 2046 προς
757 1994 818 2045 τῇ
860 2006 1051 2035 σκυτο-

249 2053 403 2106 τομίᾳ
434 2053 621 2093 breviter
651 2051 813 2092 dictum
844 2052 923 2092 hoc
953 2066 1052 2095 sen-

247 2122 322 2150 su:
386 2123 559 2162 neque
619 2109 1050 2162 gubernatorem

247 2173 634 2220 praeterquam
686 2166 826 2218 quod
885 2174 1051 2210 artem

246 2225 509 2266 sutrinam
544 2229 824 2267 exerceat.

302 2285 350 2324 P.
393 2283 490 2326 397.
551 2277 728 2322 αὐτός
773 2296 822 2322 τε
870 2283 952 2323 καὶ
995 2281 1051 2323 τὰ

245 2337 527 2394 ποιήματα
557 2336 913 2392 βουλόμενος
951 2339 1049 2394 ἐπ.]

244 2401 395 2440 Genus
425 2398 505 2440 hoc
535 2399 819 2452 appositionis
841 2395 978 2439 αὐτός·
1009 2413 1051 2439 τε

245 2459 312 2498 καὶ
345 2454 393 2498 τὰ
426 2453 642 2510 ποιήματα
664 2456 834 2500 abunde
864 2458 1050 2499 iilustra-

242 2517 382 2556 vimus
418 2515 469 2555 ad
505 2516 666 2555 Criton.
701 2529 739 2567 p.
770 2515 841 2557 50.
875 2516 927 2558 Ε
966 2515 1048 2565 Ly-

243 2574 323 2614 sid.
357 2587 399 2625 p.
433 2573 532 2617 203.
571 2572 619 2612 Ε.
655 2573 768 2613 conf.
810 2574 1048 2626 Reip.111.

242 2630 415 2685 ρ.414
449 2631 499 2675 D
531 2630 778 2674 V111.55O
801 2632 848 2671 D.
870 2632 969 2676 568.
1003 2632 1049 2671 Β.

158 2728 160 2734 ,
240 2690 358 2731 lstud
391 2683 688 2740 ἐπιδείξασθαι
728 2691 926 2731 absolute
970 2703 1048 2741 po·

240 2747 366 2788 situm
397 2749 423 2788 i.
448 2762 488 2800 q.
521 2745 725 2799 ἐπίδειξιν
749 2746 1047 2800 ποιήσασθαι;

241 2819 279 2848 v.
321 2806 374 2846 ad
420 2806 558 2860 Gorg.
599 2819 640 2856 p.
684 2805 786 2853 447.
824 2806 878 2852 Β,
939 2808 1047 2846 Ver-

240 2864 340 2904 bum
375 2863 632 2917 προςκυνεῖν
669 2877 766 2913 cum
799 2865 1047 2912 accusativo

239 2923 429 2966 iunctum
484 2922 626 2975 tetigit
685 2921 928 2963 Lobeck.
992 2921 1045 2992 a'd

238 2979 462 3046 Phrynich.
498 2993 538 3033 p.
569 2979 668 3023 463.
699 2982 941 3020 Pronomen
967 2994 1045 3020 αυ-

243 3033 316 3076 τόν
368 3043 467 3089 post
526 3038 775 3090 longiorem
832 3038 1046 3078 orationis

240 3095 607 3146 intercapedinem
636 3097 966 3147 interpositum,
999 3101 1047 3147 ut

239 3165 541 3204 praegressum
574 3154 677 3193 illud
712 3150 848 3207 ἄνδρα
889 3150 943 3206 δή
973 3141 1047 3194 de·

236 3222 320 3250 nuo
350 3209 394 3249 in
426 3217 678 3251 memoriam
711 3211 1046 3260 revocet=113v

241 3266 393 3335 Μοιψ
431 3268 513 3311 Gr.
548 3267 582 3317 §-
613 3268 713 3313 472

298 3321 468 3378 μύρον
507 3323 643 3367 κατὰ
687 3327 778 3378 τῆς
814 3327 1050 3379 κεφαλῆς

244 3382 596 3450 καταχέαντες
654 3385 735 3424 καὶ
778 3382 903 3439 ἐρίῳ
938 3383 1048 3425 στέ-

1137 1705 1369 1757 ψαντες]
1430 1703 1577 1745 Locus
1637 1705 1946 1758 nobilissimus,

1136 1777 1262 1811 quem
1326 1763 1536 1815 imprimis
1591 1769 1772 1815 propter
1811 1764 1945 1805 verba

1136 1817 1460 1870 ἀποπέμποιμέν
1472 1835 1513 1860 τε
1527 1817 1582 1860 ἂν
1604 1821 1687 1861 κτλ.
1707 1821 1945 1874 scriptores

1137 1879 1390 1933 posterioris
1444 1880 1598 1919 aetatis
1644 1881 1825 1919 multum
1874 1891 1947 1919 ce-

1136 1938 1368 1980 lebrarunt.
1433 1937 1686 1988 Quanquam
1720 1949 1818 1977 eum
1851 1938 1945 1989 pie-

1135 2006 1316 2046 rumque
1344 1995 1456 2035 male
1487 1995 1806 2038 intellexerunt.
1835 1993 1946 2035 Nam

1138 2054 1324 2107 primum
1356 2052 1499 2093 verbis
1538 2049 1679 2105 μύρον
1717 2051 1944 2104 καταχέαν-

1138 2122 1205 2152 τες
1234 2110 1317 2150 κτλ.
1350 2109 1524 2150 fuerunt
1562 2111 1631 2162 qui
1675 2122 1809 2162 genus
1840 2123 1946 2151 con-

1136 2168 1342 2211 tumeliae
1380 2166 1560 2208 indicari
1602 2172 1827 2220 putarent,
1869 2181 1944 2209 ve—

1138 2224 1373 2269 lutiloach.
1407 2225 1569 2268 Kuhn.
1594 2225 1648 2266 ad
1681 2227 1772 2267 Ael.
1797 2225 1844 2267 V.
1886 2225 1942 2266 H.

1135 2283 1358 2335 X11,12.,
1391 2284 1430 2323 ἰιι
1462 2295 1550 2335 quo
1584 2288 1782 2325 errarunt
1807 2283 1941 2325 vehe-

1138 2348 1323 2385 mentster
1385 2341 1554 2382 Deinde
1605 2341 1797 2403 plerique
1838 2340 1943 2382 haec

1137 2401 1191 2442 de
1233 2400 1429 2440 Homero
1470 2399 1755 2452 acceperunt,
1808 2411 1938 2450 quum

1135 2465 1284 2500 tamen
1328 2455 1475 2498 sermo
1519 2457 1576 2497 sit
1629 2455 1685 2498 de
1727 2456 1940 2498 eiusmodi

1134 2518 1375 2564 imitatore,
1421 2515 1490 2567 qui
1537 2527 1686 2555 omnes
1730 2527 1940 2566 personas

1135 2587 1264 2627 agere
1298 2578 1429 2624 atque
1460 2573 1627 2614 for-mas
1661 2572 1845 2614 maxime
1865 2585 1940 2614 va-

1135 2634 1221 2673 rias
1240 2630 1422 2672 induere
1440 2631 1592 2683 possit,
1624 2635 1671 2670 ut
1699 2632 1836 2671 multo
1857 2643 1939 2683 po-

1134 2691 1219 2731 tius
1251 2688 1304 2729 de
1324 2690 1504 2740 tragicis
1522 2693 1567 2729 et
1590 2689 1782 2740 comicis,
1808 2699 1938 2740 quam

1135 2747 1189 2788 de
1242 2746 1437 2788 Homero
1486 2746 1666 2799 cogitari
1719 2750 1937 2799 oporteat.

1132 2805 1346 2847 Nimirum
1360 2806 1598 2845 Homerum
1612 2805 1781 2854 quidem
1797 2815 1937 2855 quan·

1133 2864 1164 2903 ti
1198 2861 1478 2916 philosophus
1509 2866 1688 2914 propter
1725 2867 1859 2901 artem
1893 2867 1938 2901 et

1132 2921 1387 2961 suavitatem
1419 2918 1598 2967 fecerit,
1636 2919 1850 2971 intelligas
1883 2932 1937 2959 ex

1130 2979 1260 3031 Reip.
1298 2977 1392 3019 libr.
1426 2975 1481 3020 X.
1520 2989 1563 3028 p·
1593 2975 1693 3020 595.
1737 2976 1788 3017 C.
1834 2977 1935 3020 607.

1132 3041 1188 3085 A.
1233 3035 1284 3074 C.
1342 3033 1607 3086 Legg.111.
1655 3049 1695 3086 p.
1741 3035 1838 3078 682.
1884 3037 1935 3079 Α.

1131 3094 1208 3134 vl
1223 3091 1317 3135 776.
1334 3092 1386 3134 Ε.
1400 3092 1581 3132 'llieaet
1598 3105 1637 3143 p
1649 3092 1746 3136 152
1764 3092 1812 3133 Ε.
1827 3092 1936 3134 Phil.

1133 3166 1173 3206 p.
1206 3150 1274 3194 62.
1298 3150 1348 3189 D.
1375 3148 1540 3190 Phaed.
1572 3143 1642 3193 95.
1675 3153 1730 3195 Α
1792 3151 1934 3191 Porro

1134 3210 1263 3252 etiam
1315 3207 1370 3248 de
1421 3206 1545 3247 huius
1599 3209 1748 3259 iudicii
1793 3208 1934 3250 causis

1133 3265 1253 3308 multi
1287 3266 1421 3306 muita
1439 3268 1672 3307 commenti
1695 3272 1804 3310 sunt.
1825 3266 1935 3308 Nam

1131 3324 1358 3374 Dionys.
1404 3323 1579 3367 Halic.
1613 3325 1692 3378 Ep.
1745 3325 1800 3365 de
1830 3324 1934 3364 Pin-

1135 3388 1238 3425 tone
1268 3380 1320 3421 'l‘-
1356 3381 1429 3423 Vl.
1465 3394 1504 3434 p.
1537 3380 1633 3427 756.
1681 3382 1748 3425 ed.
1784 3380 1932 3423 Reisk.
