2072 3730
264 132 367 181 416
894 125 1370 179 PLATONIS

265 295 368 343 μσς
400 275 504 349 καὶ
554 272 620 326 οὐ
667 271 1179 346 φιλογυμναστικής
1270 272 1435 342 Οἶμαι
1493 277 1672 343 ἔγωγε.
1768 278 1832 328 Ἰἰ’
1877 278 1967 342 352,-

266 354 580 432 φιλόσοφός
642 377 696 410 τε
752 360 844 410 καὶ
898 356 1241 429 μισόσοφοςς
1305 360 1395 410 καὶ
1442 357 1774 428 θυμοειδής,
1835 357 1865 424 ἡ
1912 357 1959 417 δ’

266 439 533 510 ἄθυμοςς
596 435 760 494 Ἐστι
794 443 883 494 καὶ
931 443 1131 510 ταῦτα.

267 523 423 594 γυνή,
470 523 502 591 ἡ
549 524 600 579 δ’
655 521 741 580 οὕ.
790 521 822 590 ἢ
872 524 936 580 οὐ
984 523 1248 592 τοιαύτην
1291 529 1383 579 καὶ
1434 529 1544 579 τῶν
1590 526 1816 598 ἀνδρῶν
1860 529 1972 624 τῶν

267 612 587 701 φυλακικῶν
643 604 812 682 φύσιν
870 608 1272 681 ἐξελεξάμεθα;
1369 609 1658 678 Τοιαύτην
1709 614 1809 681 μὲν
1853 602 1973 666 οὖν.

273 696 388 772 Καὶ
429 691 689 774 γυναικὸς
731 690 844 764 ἄρα
873 715 963 748 και
1012 693 1218 765 ἀνδρὸς
1263 694 1295 761 ἡ
1349 693 1493 764 αὐτὴ
1534 716 1701 770 φυσις
1747 702 1821 758 εἰς
1868 717 1972 769 φυ-

273 775 449 844 λακὴν
493 776 730 842 πόλεως,
778 775 924 844 πλὴν
984 775 1092 834 ὅσα
1137 778 1530 855 ἀσθενεστέρα
1569 777 1601 848 ἢ
1649 786 1971 878 ἰσχυροτέρα

277 866 406 917 ἐστι’.
498 865 788 917 Φαίνεται.
892 859 1031 939 Cap.
1095 859 1201 921 VI.
1293 867 1403 919 Καὶ
1461 877 1712 934 yvvazxsg
1756 862 1869 934 ἄρα
1916 868 1975 918 αἱ

274 949 531 1012 τοιαῦται
575 956 692 1011 τοῖς
733 944 1008 1011 τοιούτοις
1051 939 1326 1021 ἀνδράσιν
1381 953 1648 1005 ἐκλεκτέαι
1707 950 1975 1015 ξυνοικεῖν

274 1054 328 1087 τε
371 1035 462 1087 καὶ
506 1030 942 1106 ξυμφυλοὶττειν,
987 1037 1203 1103 ἐπείπερ
1249 1038 1382 1089 εἰσὶν
1424 1038 1612 1088 ἱκαναὶ
1657 1036 1747 1089 καὶ
1791 1035 1976 1103 §wys-

272 1126 382 1181 νεῖς
424 1114 618 1181 αὐτοῖς
662 1112 764 1183 τὴν
806 1115 992 1190 φύσιν.
1079 1117 1251 1172 Πάνυ
1288 1140 1364 1187 γε.
1459 1117 1541 1173 Τὰ
1590 1118 1640 1173 δ’
1693 1115 1976 1184 ἐπιτηδεύ-

273 1223 426 1270 ματα
470 1200 537 1257 οὐ
583 1198 653 1256 τοι
701 1199 847 1256 αὐτὰ
894 1199 1177 1256 ἀποδοτέα
1223 1195 1580 1267 ταῖς-ἀὐταῖς
1605 1202 1836 1276 ᾳύσεσις
1891 1199 1974 1256 Τὰ

277 1279 445 1341 αὐτοὶ.
516 1283 767 1356 “Ήκομεν
826 1282 941 1354 ἄρα
1010 1291 1084 1350 εὶς
1127 1284 1196 1340 τὰ
1246 1284 1978 1363 πρότερα-περιφερόμενοι,

275 1375 366 1426 καὶ
411 1368 796 1440 ὁμολογοῦμεν
837 1369 914 1441 μὴ
959 1391 1113 1440 παρα
1159 1371 1326 1446 φύσιν
1361 1371 1502 1427 εἶναι
1546 1383 1669 1435 ταῖς
1712 1373 1823 1425 τῶν
1870 1392 1978 1444 ᾳυ-

237 1454 462 1518 Δλοὶκων
519 1454 765 1530 Ιγυναιξὶ
791 1453 1062 1523 μουσικήν
1110 1476 1165 1510 τε
1210 1458 1303 1510 καὶ
1345 1453 1725 1526 γυμναστικὴν
1780 1455 1977 1511 ἀποδι-

278 1539 459 1596 δόναι.
547 1536 897 1594 Παντάπασι
939 1541 1040 1610 μὲν
1086 1530 1207 1596 οὖν.
1297 1538 1409 1596 Οὐκ
1430 1538 1568 1612 ἄρα
1613 1538 1870 1610 ἀδύνατα
1917 1561 1977 1611 γε

279 1623 408 1682 οὐδὲ
452 1622 637 1696 εὐχαῖς
682 1620 853 1694 ὅμοια
897 1614 1380 1696 ἐνομοθετοῦμεν,
1420 1630 1637 1698 ἐπείπερ
1683 1621 1826 1679 κατὰ
1872 1624 1978 1700 φύ-

275 1728 366 1766 σιν
411 1712 672 1787 ἐτίθεμεν
716 1708 818 1764 τόν
862 1705 1065 1778 νόμον·
1124 1707 1269 1764 ἀλλὰ
1334 1707 1402 1764 τὰ
1448 1712 1551 1765 νῦν
1593 1707 1748 1782 παρὰ
1796 1711 1976 1781 ταῦτα

219 1931 246 1954 ,,
280 1906 347 1945 καὶ
380 1900 604 1957 πολεμική·
638 1897 663 1955 ἡ
695 1899 742 1942 δὲ
771 1897 844 1945 ἀπ.
859 1896 996 1945 Flor.
1029 1917 1068 1946 α.
1131 1902 1270 1949 Porro
1293 1916 1371 1956 pro
1404 1900 1792 1956 φιλογυμιαστικη
1802 1903 1979 1944 Monac

278 1970 321 2004 et
349 1963 471 2006 Flor.
503 1962 548 2014 β.
581 1966 759 2000 tuentur
796 1956 1072 2013 γυμναστική.
1134 1963 1288 2002 Astius
1328 1974 1408 2013 pro
1450 1974 1502 2002 eo
1543 1962 1730 2002 malebat
1769 1962 1873 2000 olim
1906 1974 1976 2011 φι-

279 2016 589 2088 λκογυμναστηέ·ο
659 2019 862 2071 Denique
904 2019 1062 2059 verba:
1106 2013 1130 2071 ἦ
1172 2014 1216 2058 δ’
1255 2015 1339 2071 ἄρα
1372 2016 1450 2067 οὕς
1491 2020 1624 2071 vulgo
1662 2025 1764 2071 post
1797 2019 1975 2072 ‹paor-v

278 2075 484 2131 μναστική
519 2077 671 2119 addita
702 2078 861 2117 desunt
890 2078 936 2115 in
967 2077 1070 2119 Par
1103 2077 1262 2118 ΑΒΚ.
1297 2077 1392 2117 Vat
1433 2075 1568 2120 &mn
1603 2078 1711 2118 Ven.
1745 2078 1805 2117 11.
1852 2077 1977 2120 xind.

286 2139 336 2178 Φ,
366 2137 492 2178 Mon.
525 2142 632 2186 Ang.
663 2134 960 2181 Florentinis,
992 2141 1041 2174 ut
1070 2148 1182 2175 unus
1214 2136 1327 2177 Ven.
1360 2134 1404 2178 Ξ.
1439 2136 1647 2176 exhibere
1679 2149 1730 2176 ea
1761 2135 1977 2184 videatur,
2009 2164 2011 2167 <

281 2196 357 2249 qui
387 2209 415 2236 a
443 2208 500 2236 m.
532 2206 618 2235 ree.
638 2193 684 2232 in
714 2205 853 2245 marg.
883 2193 1029 2244 posita
1058 2193 1205 2236 habet.
1268 2194 1417 2247 ltaque
1438 2194 1578 2245 liquet
1599 2194 1830 2234 meliorum
1849 2199 1979 2246 atque

281 2254 570 2307 plurimorum
602 2251 812 2291 librorum
841 2250 928 2290 fide
959 2256 1002 2291 et
1031 2253 1294 2292 auctoritate
1327 2250 1578 2292 confirmari
1611 2252 1696 2292 loci
1730 2252 1977 2293 lectionem

280 2324 410 2365 quam
441 2323 575 2363 supra
602 2310 1040 2361 repraesentavimus
1107 2310 1332 2350 Bekkerus
1382 2321 1511 2361 quem
1549 2311 1634 2362 ipsi
1668 2310 1771 2349 olim
1804 2309 1979 2361 sequuti

280 2382 429 2440 suumus
460 2381 515 2409 ex
543 2368 667 2407 Mon.
697 2373 741 2407 et
769 2367 891 2406 Flor.
921 2366 965 2418 β.
997 2367 1083 2408 fide
1115 2369 1316 2437 scripsit:
1363 2365 1419 2408 Τι’
1449 2364 1560 2420 μήν·
1601 2366 1687 2407 Καὶ
1718 2363 1979 2419 γυμναστικὴ

280 2425 365 2482 ἄρα
396 2427 478 2467 καὶ
495 2423 723 2477 πολεμική,
756 2419 781 2477 ἦ
813 2421 859 2464 δὲ
887 2419 1102 2475 ἀπόλεμος
1133 2426 1201 2465 καὶ
1234 2420 1288 2466 οὐ
1320 2422 1606 2479 γυμναστική;
1638 2419 1763 2475 Οἶμαι
1794 2426 1942 2478 ε”.γωγε

1202 440 1389 495 Ἔστιν
1432 441 1544 511 ἄρα
1571 445 1662 497 καὶ
1694 440 1986 517 φυλακικὴ.

280 2583 335 2611 ne
378 2569 612 2611 dicendum
651 2569 758 2612 fuit:
801 2569 870 2609 καὶ
915 2564 1026 2623 γυνὴ
1060 2563 1085 2620 ἡ

279 2627 356 2679 μὲν
388 2623 564 2681 ἰατρικῆ,
598 2621 624 2680 ἦ
655 2625 702 2667 δὲ
729 2623 798 2670 οὔ.
832 2626 959 2670 Quae
989 2625 1085 2665 bre-

280 2686 558 2739 viloquentia
603 2686 733 2726 etiam
783 2687 829 2725 in
872 2683 1087 2738 proximis

281 2745 516 2798 aliquoties
548 2744 758 2784 notanda.
789 2757 830 2783 v.
864 2756 1000 2796 supra
1029 2742 1087 2782 ad

280 2817 322 2856 p-
356 2801 461 2846 451
500 2801 558 2844 D.
595 2802 666 2843 De
705 2796 766 2842 ὥς
807 2798 1005 2854 φήσομεν
1042 2813 1084 2840 v.

280 2862 338 2902 ad
370 2861 469 2901 libr.
501 2859 572 2900 111
617 2874 659 2912 ρ.
689 2859 789 2904 415.
825 2861 881 2900 Α.

339 2919 390 2961 P.
411 2917 511 2962 456
561 2915 626 2958 Τι’
654 2915 734 2967 δέ;
765 2913 1088 2983 ‹ptio'oocpo'f

283 2991 332 3017 τε
362 2976 451 3017 καὶ
481 2974 833 3030 μισόσοφος]
871 2975 994 3017 Haeo
1015 2975 1089 3015 ni-

282 3036 345 3075 hil
386 3036 510 3076 aliud
548 3035 802 3087 significant
847 3035 935 3076 nisi
975 3033 1084 3074 hoe:

287 3095 327 3132 τί
364 3090 437 3141 δέ;
473 3087 498 3145 ἡ
539 3091 615 3142 μὲν
659 3089 930 3144 φιλόσοφός,
986 3085 1089 3143 ἡδὲ

286 3147 559 3201 μισόσοφος,·
657 3151 881 3193 Quocirca
954 3150 1091 3189 miror

286 3209 331 3248 A
341 3221 361 3247 s
373 3210 414 3247 ti
426 3222 455 3247 u
465 3221 504 3249 m
537 3209 815 3249 scribendum
846 3209 1068 3249 censuisse
1080 3222 1091 3245 ι

287 3266 330 3305 τί
355 3263 423 3315 δές
453 3263 703 3318 φιλόσοφός
733 3280 793 3313 τε,
837 3261 863 3320 ἦ
895 3263 941 3305 δὲ
970 3261 1090 3316 μισό-

290 3334 446 3375 σοφος,
477 3324 546 3364 καὶ
575 3321 818 3377 θυμοειδής
849 3338 886 3364 κ.
918 3338 952 3364 τ.
985 3324 1019 3364 2..

345 3378 482 3435 πλὴν
542 3378 640 3422 ὅσα
694 3377 1089 3434 ἀσθενεστέρα,

1179 2564 1204 2620 ἦ
1238 2565 1295 2608 δὲ
1329 2567 1683 2622 ἰσχυροτέρα]
1716 2567 1977 2619 h.e.prae—

1176 2634 1427 2680 terquam
1460 2627 1606 2680 quod
1636 2629 1823 2666 eadem
1844 2626 1978 2666 haec

1170 2684 1676 2737 naturatum-iusque
1707 2697 1856 2724 sexus
1886 2683 1975 2722 im·

1171 2745 1437 2785 becillior
1469 2749 1562 2784 aut
1593 2742 1845 2782 validior
1877 2747 1975 2791 est,

1170 2805 1234 2843 ita
1278 2808 1328 2842 ut
1376 2803 1518 2855 gradu
1574 2806 1742 2844 tantum
1786 2798 1976 2850 differat,

1173 2862 1250 2902 sed
1280 2863 1483 2914 ipsa‘per
1522 2871 1569 2899 se
1601 2862 1797 2909 spectata
1824 2858 1975 2897 eadem

1172 2920 1388 2959 videatur.

1232 2976 1340 3029 Cap.
1377 2976 1444 3016 Vh
1505 2973 1556 3013 B.
1609 2969 1839 3023 Ἠκομεν
1870 2969 1977 3024 ἄρα

1172 3055 1238 3064 ——-
1268 3028 1736 3087 περιφερόμενοι]
1785 3030 1976 3072 Revol-

1174 3092 1352 3132 vimur
1390 3092 1569 3143 igitur
1609 3089 1674 3129 ad
1724 3090 1976 3141 superio-

1173 3155 1456 3202 restatque
1488 3147 1838 3188 confitemur
1868 3159 1975 3186 non

1177 3219 1301 3248 esse
1340 3213 1538 3249 eontra
1585 3211 1845 3245 naturam
1894 3217 1973 3244 cu-

1177 3266 1393 3306 stodum
1437 3263 1776 3305 mulieribus
1820 3263 1975 3303 musi-

1175 3334 1292 3364 cam
1333 3330 1384 3364 et
1435 3320 1834 3376 gymnasticam
1883 3321 1977 3359 tri-

1174 3381 1361 3422 buere.
1424 3381 1639 3423 Similiter
1669 3379 1804 3430 Legg.
1837 3377 1897 3421 ΙΙ.
1934 3391 1974 3430 p.
