2098 3658
46 455 49 458 ·
125 425 422 494 nasticam,
456 443 553 478 «ne
593 430 713 477 arte
759 423 817 476 iu

411 128 1292 192 .;:.53;2·11113R1=TERT}1;÷⁷
1380 147 1388 179 ι
1730 141 1836 196 :m-

49 300 51 303 ·
129 278 398 349 quaedam
433 281 586 354 leges
609 277 1197 352 publicesanciendae
1221 289 1368 336 sunt.
1429 280 1833 339 Adolescentes

125 360 310 406 tamen
361 353 543 407 nostrix
578 359 696 424 pei·¹
731 350 832 405 sim
874 350 1035 403 licem
1081 349 1230 405 illam
1279 351 1547 407 musicam
1583 360 1640 410 et
1672 362 1834 426 'gymv

819 370 1048 475 dicim-ia
1096 430 1192 476 aut
1248 422 1464 479 medica
1523 423 1831 498 indigeant,

124 495 405 550 studiose*
438 495 728 550 cavebunt.
818 494 893 548 P.
932 494 1038 547 403
1113 492 1177 549 C.
1216 527 1285 534 —
1340 498 1470 562 410.
1514 497 1582 551 Β.
1673 497 1836 556 Licet

125 574 323 620 autem·
344 567 689 640 gymnastica
710 565 1019 635 adeor-pus
1045 572 1302 634 spectare
1332 567 1609 637 videatur,
1646 568 1835 629 tamen

124 658 235 692 non
273 647 413 707 tam,
452 646 534 691 ut·
565 638 811 709 corporis
838 637 994 690 uires
1046 651 1386 709 augeantur,
1437 640 1691 698 instituta
1729 648 1832 710 est,

124 729 288 780 quam
319 718 419 778 „ut
475 709 679 779 iustum
740 708 1106 763 animositatis
1167 717 1336 779 atque
1397 712 1832 771 mansuetudinis

122 784 608 853 temperamentum
667 781 726 834 in
756 779 1006 844 :animisz
1051 780 1339 838 efficiatur.
1437 781 1714 850 Quocirca
1766 798 1834 839 ea

122 873 350 925 semper⁴
376 872 507 906 :cum
555 852 764 906 musica
819 851 1113 923 disciplina
1150 853 1397 924 copulari
1431 853 1626 913 debet-
1673 856 1834 913 ,Nam

121 925 220 994 qui·
265 923 649 997 gymnasticae.
698 930 913 978 tantum
966 942 1188 994 operam
1243 924 1396 995 dant,
1447 926 1486 979 ii
1533 927 1832 987 ferociores

121 994 356 1049 evadere
402 995 609 1049 solent?
631 1003 809 1065 <atque
868 994 1097 1050 induere
1157 1005 1354 1051 mores.
1401 1005 1674 1070 agrestes:
1737 1000 1833 1070 qui

118 1071 250 1120 vero
302 1067 476 1122 solam
521 1068 785 1121 musicam
835 1074 1146 1136 sectantur,
1199 1068 1364 1125 facile
1409 1070 1740 1125 mollescunt
1777 1085 1833 1128 et

120 1139 517 1193 effeminantur.
591 1140 818 1194 P...410.
856 1139 923 1194 Β.
961 1142 1192 1194 -;4·12-.
1230 1142 1302 1196 A.
1659 1183 1664 1200 .,
1800 1189 1801 1192 ,

187 1215 214 1260 .’
261 1212 544 1283 Expositis
622 1209 980 1278 edu-cationis.
1034 1212 1343 1266 ‘rationibus
1414 1221 1735 1285 super-est„-
1764 1222 1833 1275 -ut

121 1288 443 1352 quaeratur,
496 1301 666 1353 penes
746 1302 847 1337 uos
902 1283 960 1336 in
998 1283 1281 1355 republica
1315 1293 1505 1341 nostra
1540 1286 1832 1358 imperium

119 1374 239 1421 esee
285 1355 631 1409 conveniat.2·
732 1354 1057 1409 ribuendum
1108 1363 1194 1410 est
1244 1363 1427 1415 autem
1472 1356 1621 1417 illud„
1646 1372 1831 1418 custo-

118 1424 262 1480 dum'
293 1427 604 1482 senioribus
662 1435 718 1480 at
758 1430 828 1481 ue
889 1427 1407 1498 praestantissimis,
1436 1460 1438 1462 v
1477 1430 1690 1503 quippe
1731 1431 1828 1502 qui

116 1498 384 1554 rationem
407 1506 727 1553 'conservari
803 1517 832 1553 e
870 1498 1221 1570 tuendaeque
1246 1500 1651 1571 reipublicaetvo
1694 1503 1826 1565 time

116 1577 356 1625 teneant.
431 1569 575 1626 Sunt
623 1579 805 1623 autem
858 1589 926 1623 ex
973 1570 1059 1625 his
1109 1572 1149 1624 ii
1237 1572 1543 1626 otissimum
1604 1523 1695 1628 ad)
1723 1575 1822 1628 im-

116 1642 423 1714 perandum
471 1641 780 1715 deligendi,
821 1661 1056 1712 quorum
1094 1651 1182 1697 stu
1226 1645 1336 1697 ium
1374 1652 1540 1714 atque
1579 1665 1731 1700 amor
1766 1648 1825 1700 in

117 1714 510 1786 rempublicam
557 1715 789 1768 maxime
841 1723 1126 1784 spectatus
1178 1724 1279 1770 est.
1364 1715 1532 1784 Quod
1578 1738 1687 1788 quo
1739 1738 1825 1772 re-

116 1787 259 1841 ctius
296 1787 475 1856 possit
511 1785 660 1854 fieri,
716 1785 844 1839 inde
882 1805 915 1838 a
952 1794 1140 1840 tenera
1176 1794 1357 1842 aetate
1395 1787 1690 1860 diligenter
1727 1791 1825 1845 ob-

115 1857 372 1911 servandi
408 1866 569 1926 sunt,
626 1865 689 1910 ut
725 1856 794 1911 de
833 1858 1058 1941 ingenio
1107 1866 1163 1912 et
1199 1860 1442 1914 moribus
1482 1880 1670 1915 eorum
1707 1881 1824 1916 cer-

115 1929 319 1983 tissime
358 1936 588 1983 constet.
662 1929 861 1999 Itaque
899 1930 958 1998 1i,
999 1930 1093 2001 qui
1130 1950 1231 2001 per
1267 1939 1439 1985 totam
1479 1933 1644 1987 vitam
1682 1952 1824 1988 sem-

114 2019 214 2073 per
262 2001 484 2073 optimis
531 2000 693 2055 rebus
732 2000 1079 2072 studuerunt,
1128 2003 1366 2074 publicis
1403 2005 1721 2060 muneribus
1759 2026 1826 2062 ac

113 2073 528 2146 magistratibus
578 2072 812 2127 ornandi
861 2081 1010 2129 sunt.
1036 2075 1252 2129 -···Na1n
1310 2075 1368 2129 hi
1434 2075 1651 2130 demum
1707 2079 1826 2133 veri

37 2187 42 2191 .
113 2154 273 2199 erunt
332 2145 528 2199 salutis
579 2145 836 2216 publicae
885 2146 1176 2216 custodes,
1236 2148 1331 2218 qui
1381 2147 1662 2204 civitatem
1712 2170 1824 2205 non

114 2217 288 2271 solum
335 2218 405 2272 ab
455 2217 723 2286 externiS,
767 2216 868 2272 sed
915 2219 1081 2273 etiam
1134 2239 1167 2272 a
1205 2218 1521 2275 domesticis
1559 2222 1822 2292 periculis

113 2291 365 2372 gnaviter
402 2289 517 2343 sint
562 2288 857 2346 defensuri.
945 2290 1014 2344 In
1053 2310 1164 2361 quo
1203 2291 1426 2364 negotio
1461 2294 1712 2358 ‚seniores
1751 2295 1820 2350 ab

112 2381 210 2430 ns,
261 2362 356 2432 qui
392 2362 571 2416 minus
609 2369 787 2415 aetate
824 2363 1073 2434 provecti
1110 2372 1258 2434 sunt,
1299 2364 1550 2420 adiuvari
1583 2386 1685 2438 par
1720 2375 1820 2424 est.

112 2434 176 2488 P.
213 2436 338 2488 412.
376 2433 445 2488 Β.
480 2463 551 2473 -
586 2435 711 2488 414.
748 2433 815 2489 Β.

256 2506 447 2575 Atque
493 2511 558 2559 ut
608 2524 796 2560 omnes
845 2506 995 2561 cives
1060 2506 1361 2563 concordia
1413 2510 1817 2581 contineantur,

114 2576 181 2631 iis
219 2574 660 2648 persuadendum
697 2584 782 2631 est
818 2578 971 2650 ipsos
1006 2579 1202 2635 fratres
1240 2599 1379 2649 esse,
1419 2600 1596 2652 neque
1635 2591 1821 2637 tamen

113 2666 301 2703 omnes
347 2667 523 2720 aeque
572 2647 643 2702 ad
705 2648 896 2705 eadem
956 2652 1182 2724 negotia
1241 2671 1306 2706 ac
1371 2671 1596 2708 munera
1644 2654 1821 2708 videri

32 2774 40 2784 ,
111 2719 360 2776 idoneos.
444 2720 663 2774 Etenim
712 2720 960 2778 homines
1007 2731 1206 2777 natura
1255 2723 1552 2779 admodum
1613 2725 1817 2781 diversi

111 2801 267 2847 sunt:
361 2811 554 2847 uorum
607 2793 697 2846 alii
738 2792 807 2847 ad
845 2794 1220 2867 imperandum
1258 2796 1374 2850 nati
1412 2796 1686 2869 videntur,
1724 2798 1816 2853 alii

12 2902 41 2925 ,,.
110 2863 183 2918 ad
218 2884 346 2919 auxi
390 2863 621 2934 andum,
672 2864 762 2918 alii
812 2865 879 2920 ad
921 2865 1312 2939 agriculturam
1359 2875 1414 2921 et
1452 2869 1673 2941 opificia
1710 2877 1821 2925 tra-

33 2933 36 2938 ’
111 2935 327 2992 clauda.
416 2935 573 3005 Quos
634 2956 823 2992 omnes
876 2940 1095 3011 poetico
1153 2938 1418 3012 figmento
1477 2960 1601 2996 cum
1665 2962 1817 3013 auro,

113 3018 374 3080 argento,
427 3027 552 3063 aere
599 3016 655 3063 et
702 3010 846 3064 ferro
906 3030 1222 3082 comparare
1261 3010 1465 3067 licebit.
1541 3012 1818 3082 Quoniam

111 3090 294 3134 autem
341 3099 451 3135 non
505 3099 627 3135 raro
666 3081 896 3151 accidit,
948 3092 1007 3137 ut
1054 3102 1121 3136 ex
1161 3102 1328 3138 aureo
1367 3091 1521 3156 patre
1560 3094 1819 3141 nascatur

20 3149 24 3156 ’
112 3153 320 3208 ferreus
369 3151 514 3207 filius
565 3159 621 3207 et
669 3153 941 3220 vicissim3
995 3153 1051 3209 id
1102 3155 1205 3208 erit
1254 3153 1673 3228 diligentissime
1721 3177 1816 3213 cu-

111 3222 361 3292 randum,
396 3232 462 3280 ut
496 3224 876 3309 unusquisque
914 3247 1013 3299 pro
1053 3246 1136 3296 ea,
1183 3246 1346 3297 quam
1406 3236 1602 3284 natura
1661 3249 1817 3286 acce-

25 3312 27 3315 ·
112 3294 213 3365 pit,
252 3293 435 3351 indole
470 3315 629 3351 suum
665 3316 721 3350 ιιι
756 3297 978 3354 civitate
1016 3301 1195 3354 locum
1244 3298 1482 3372 accipiat
1518 3309 1575 3355 et
1615 3301 1686 3355 ad
1722 3322 1815 3357 cas

16 3350 35 3475 ἐ.
112 3386 196 3422 res
251 3366 566 3423 tractandas
616 3367 975 3438 adhibeatur,
1039 3370 1108 3426 ad
1167 3389 1306 3442 quaa
1359 3373 1589 3428 maxime
1638 3375 1815 3430 factus

16 3508 41 3610 {a
