2098 3658
146 1449 198 1500 D

250 122 318 171 44
859 115 1333 172 PLATONIS

248 285 403 327 καιος
445 261 854 332 χρησιμώτερός
899 283 951 316 τε
997 267 1088 318 καὶ
1130 262 1370 332 ἀμείνων
1419 260 1682 324 κοινωνὸς
1726 265 1830 316 τοῦ·
1869 267 1948 316 οὶ·

248 351 578 416 κοόομικοῦς
643 345 929 416 Οὐδαμῶς.
1021 347 1163 402 Ἀλλ’
1228 355 1302 411 εὶς
1346 353 1467 403 τίνα
1527 345 1593 414 δὴ
1654 350 1949 400 κοινωνίαν

247 440 276 485 ο
325 436 535 494 δίκαιος
573 428 814 499 ἀμείνων
858 427 1121 495 κοινωνὸς
1165 436 1262 487 τοῦ
1307 432 1733 502 κιθαριστικοῦ,
1774 428 1947 498 ὥςπερ

247 514 276 569 ὁ
346 511 738 582 κιθαριστικὸς
808 518 906 569 τοῦ
979 518 1191 571 δικαίου
1260 523 1336 580 εἰς
1402 513 1768 588 κρουμάτων,·
1854 516 1951 577 Εἰς

244 598 542 670 ἀργυρίου,
612 601 795 668 ἔμοιγε
852 601 1014 654 δοκεῖ.
1103 598 1268 667 Πλήν
1323 601 1371 671 γ’
1437 601 1593 665 ἰ’σως,
1673 591 1713 652 ὦ
1773 600 1950 658 Πολέ-

246 705 451 754 μαρχε,
510 680 650 752 πρὸς
697 680 759 738 τὸ
800 686 1059 753 χρῆσθαι
1118 684 1399 756 ἀργυρίῳ,
1458 683 1600 741 ὅταν
1648 686 1737 759 δέῃ
1782 682 1954 753 ἀργυ-

247 772 369 837 ρίου
433 770 588 843 κοινῇ
637 771 918 839 πρίασθαι
977 765 1008 834 ἢ
1064 767 1399 825 ἀποδόσθαι
1454 776 1655 825 ἵππον·
1718 766 1841 822 τότε
1887 766 1951 830 δ’,

245 851 319 915 ὡς
370 849 470 920 ἐγώ
534 849 715 919 οἶμαι,
775 851 805 908 ὁ
858 853 1099 917 ἱππικός.
1169 845 1201 919 ἦ
1248 855 1393 952 μέρς
1459 858 1747 909 Φαίνεται.
1838 853 1952 906 Καὶ

246 934 357 1004 μὴν
417 933 559 990 ὅταν
619 958 678 1005 γε
717 941 946 1003 πλοῖον,
1007 936 1037 994 ὁ
1099 937 1384 1006 ναυπηγὸς
1450 936 1483 1004 ἢ
1528 937 1556 992 ὁ
1601 933 1951 1007 κυβερνήτης.

231 1018 462 1076 Ἐοικεν.

539 1018 714 1076 ‘'Otav
776 1042 877 1077 ουν
932 1027 985 1076 τί
1020 1025 1116 1097 δέη
1164 1021 1411 1093 ἀργυρίω
1466 1022 1499 1088 ἢ
1546 1041 1752 1093 χρυσιῳ
1798 1024 1952 1096 κοινῆ

243 1108 516 1176 χρῆσθαι,
562 1104 591 1159 ὁ
646 1108 857 1169 δίκαιος
895 1105 1302 1178 χρησιμώτερος
1356 1111 1467 1162 τῶν
1523 1104 1737 1169 ἄλλωνς

249 1193 785 1260 παρακαταθέσθαι
827 1199 919 1246 καὶ
964 1194 1076 1246 σῶν
1119 1190 1288 1256 εἶναι,

1782 1103 1954 1160 ’Όταν

1347 1182 1386 1244 ὦ
1437 1190 1754 1261 Σώκρατες.
1847 1188 1955 1243 Οὐ·

250 1277 385 1329 κοῦν
430 1277 612 1341 λέγεις,
655 1271 796 1330 ὅταν
839 1277 1010 1344 μηδὲν
1056 1278 1144 1351 δὲῃ
1171 1274 1325 1345 αὐτῷ
1357 1278 1631 1346 χρῆσθαι,
1673 1270 1818 1326 ἀλλὰ
1846 1283 1954 1328 κεῖ-

247 1362 423 1426 σθαις
481 1356 649 1412 Πάνυ
706 1380 780 1425 γε.

251 1441 375 1498 τότε
428 1442 699 1512 χρήσιμος
761 1442 845 1497 ἐπ’

826 1357 1002 1414 ’Όταν
1055 1356 1168 1427 ἄρα
1225 1356 1507 1430 ἄχρηστον
1573 1351 1605 1436 ᾗ
1663 1354 1953 1430 ἀργύριον,

913 1443 1067 1512 αὐτῷ
1126 1442 1157 1509 ἡ
1205 1442 1557 1510 δικαιοσύνη,-
1619 1442 1952 1497 Κινδυνεύει.

367 1582 417 1622 C.
452 1577 484 1620 ὦ
504 1592 526 1620 8
555 1577 661 1633 ἐγώ
694 1575 864 1634 οἶμαι]
928 1581 1044 1622 Mon.
1082 1581 1195 1622 Flor.
1226 1582 1259 1634 β
1304 1579 1476 1635 ἐγῷμαι,
1518 1587 1562 1621 ut
1592 1580 1655 1620 Β
1660 1581 1732 1621 kk.
1767 1581 1952 1632 Leripsit

373 1639 430 1680 D.
465 1639 743 1691 δρέπανον
775 1637 864 1689 δέῃ
895 1653 942 1691 φ
961 1643 973 1690 Ι
1018 1639 1108 1680 δέοι
1145 1640 1240 1681 Par.
1278 1647 1326 1679 A.
1365 1641 1463 1679 Vat.
1502 1638 1535 1679 Θ
1586 1640 1689 1679 V.en
1722 1637 1816 1681 ΞΠ.
1852 1639 1953 1680 Mox

248 1710 327 1749 pro
358 1696 490 1750 μηδὲν
519 1697 709 1750 χρῆσθαι
740 1698 859 1738 Flor.
889 1712 926 1741 a
940 1712 976 1740 ο..
994 1712 1031 1738 a.
1045 1712 1081 1751 γ
1107 1700 1251 1741 Ambr.
1292 1705 1334 1737 et
1367 1711 1428 1740 nr.
1450 1698 1559 1739 Ven.
1584 1696 1633 1739 ΙΙ.
1666 1693 1722 1748 μὴ
1750 1695 1951 1750 χρῆσθαι

367 1755 477 1809 Cap.
509 1756 635 1797 VIII.
668 1755 722 1796 E.
754 1750 866 1796 Ουκ
898 1752 960 1796 ἂν
991 1753 1110 1797 οὖν.
1145 1749 1179 1797 ὦ
1212 1755 1386 1809 φίλε,]
1440 1755 1513 1795 Sic
1549 1755 1658 1796 Ven.
1693 1755 1732 1797 Ξ
1763 1755 1876 1796 Ι(“.Ιοι·
1915 1756 1954 1795 b.

249 1825 345 1854 cum
377 1813 478 1856 edit.
514 1813 614 1854 uas.
644 1813 686 1855 2.
717 1814 832 1866 quod
865 1815 1084 1856 revocavit
1115 1815 1355 1857 ssekkerus.
1399 1813 1541 1863 anoo
1575 1812 1728 1864 legitur
1760 1809 1952 1864 Οὔκουν,

247 1931 420 1968 constat
452 1941 504 1968 ex
539 1926 719 1969 Polluce
752 1928 844 1968 libr.
870 1927 941 1970 ΙΧ.
965 1930 1054 1970 Lu-

250 1986 290 2025 di
323 1990 421 2025 sunt
450 1985 576 2027 valde
608 1988 719 2026 inter
745 1999 793 2026 se
811 1986 1053 2030 dissimues.

251 2043 368 2085 Male
428 2043 576 2095 itaque
634 2044 950 2088 Max-silius:
1005 2046 1054 2086 in

251 2099 590 2154 digerendis
628 2101 782 2143 talis.
843 2101 939 2144 Tali
972 2115 1056 2144 non

249 2157 529 2212 digeruntur,
580 2158 658 2201 sed
709 2159 936 2202 iaciuntur.
1004 2164 1057 2201 At

249 2217 408 2257 πεσσοί
460 2217 745 2270 disponuntur
807 2218 846 2257 in
919 2219 1054 2268 lineis,

250 2275 408 2316 deinde
451 2281 734 2318 moventurm.
789 2275 1054 2317 Muretus.

309 2328 336 2384 ἢ
364 2326 695 2373 ἀποδόσθαι
727 2332 924 2387 ἵππον]
958 2335 982 2377 ἰ.
1017 2349 1053 2376 e.

250 2391 608 2439 venumdare,
670 2391 940 2435 vendere.
1003 2398 1057 2434 ut

249 2463 292 2502 p.
329 2448 429 2492 345.
473 2448 521 2489 C.
555 2450 694 2501 Legg.
727 2449 835 2490 XII.
882 2465 922 2502 ρ.
954 2451 1053 2495 954.

250 2513 300 2548 Α.
347 2505 608 2560 Euthydem.
658 2521 698 2559 p.
730 2508 828 2552 ⁶227.
859 2509 909 2550 C.
962 2510 1055 2551 Xe·

249 2563 399 2616 noph.
459 2565 595 2605 Mem.
648 2566 700 2605 ΙΙ.
749 2565 796 2614 5,
844 2567 872 2612 5
945 2569 1050 2608 Ari-

250 2629 337 2663 sto
360 2622 441 2675 ph.
511 2624 622 2662 Avv.
653 2622 754 2667 586.
819 2626 921 2667 Acin.
954 2624 1040 2669 542

251 2681 375 2722 Eur.
408 2680 556 2722 Orest.
602 2695 642 2722 v.
684 2681 783 2725 644.
828 2686 883 2725 al.
940 2684 1054 2724 Nus-

249 2751 384 2804 quam
408 2737 468 2777 ita
500 2737 756 2780 ἀποδιδόναι
789 2740 960 2784 dicitur.

308 2797 358 2835 C.
373 2791 524 2837 Όταν
557 2798 1057 2867 παρακαταθέσθαι

252 2854 336 2893 καὶ
385 2854 489 2894 σιῦν
536 2849 709 2909 εἶναι]
782 2856 1056 2910 Intell.6e'31

248 2906 460 2964 ἀργύριον
517 2910 543 2965 ἢ
594 2917 786 2966 χρυσιον.
849 2916 1055 2958 ceterum

250 2969 677 3022 παρακατατίθεσθαι
717 2978 786 3014 est
816 2974 840 3014 d
853 2988 876 3015 e
889 2989 913 3026 p
931 2989 956 3015 ο
972 2987 994 3014 n
1011 2988 1056 3015 e-

251 3040 338 3076 re,
381 3029 808 3072 custodiendum
851 3045 910 3072 ac
942 3045 1056 3074 ser—

252 3084 484 3126 vandum
540 3087 791 3139 tradere3
849 3103 888 3128 v.
941 3090 1054 3130 va!-

251 3143 463 3186 ekenar.
508 3144 561 3184 ad
596 3145 812 3188 Herodot.
855 3147 938 3198 VI,
985 3147 1056 3191 73.

251 3200 357 3242 Mox
388 3201 560 3241 ’κεῖσθαι
603 3208 668 3243 est
699 3205 943 3246 otiosum
985 3206 1054 3246 ia-

259 3270 360 3303 cere
398 3258 452 3299 de
491 3261 669 3312 pecunia
712 3274 796 3302 non
838 3261 891 3302 ad
935 3275 1052 3304 usum

253 3314 454 3358 adhibita.

313 3373 420 3427 Cap.
460 3374 575 3415 VIII.

648 3376 695 3417 Ε.
749 3373 889 3416 πάνυ
925 3376 978 3429 γε’
1010 3392 1054 3417 τι

1141 1926 1490 1981 σπουδαῖον]
1562 1926 1616 1966 H.
1650 1939 1686 1969 e.
1733 1940 1952 1978 magno·

1141 2001 1276 2041 pere
1333 1984 1734 2039 appetendum3
1785 1989 1954 2027 multo

1142 2046 1339 2087 studio
1372 2044 1608 2096 dignum.
1659 2043 1821 2086 Deinde
1853 2058 1953 2098 par-

1142 2104 1332 2156 ticipium
1387 2099 1440 2142 ὅν
1487 2100 1738 2153 praedicato
1778 2115 1953 2144 accom-

1144 2161 1367 2203 modulum
1401 2164 1484 2200 est.
1514 2157 1627 2199 Nam
1661 2166 1862 2201 accurata
1887 2173 1951 2200 ra·

1142 2221 1205 2261 tio
1243 2219 1446 2267 eximebat
1477 2210 1603 2256 οὖσα.
1634 2217 1750 2258 Infra
1783 2232 1824 2270 p.
1848 2218 1951 2262 336.

1148 2281 1204 2319 A.
1245 2274 1392 2329 ἐπειδὴ
1438 2273 1485 2315 δὲ
1516 2269 1622 2315 οὐδὲ
1652 2277 1782 2316 τοῦτο
1813 2274 1952 2330 ἐφάνη

1143 2331 1168 2389 ἡ
1217 2330 1471 2386 δικαιοσύνη
1518 2330 1582 2373 ὅν.
1644 2334 1696 2375 P.
1739 2334 1839 2378 354.
1894 2335 1953 2375 C:

1142 2394 1224 2434 εἴτε
1254 2389 1322 2443 (τὸ
1359 2390 1548 2440 δι’)καιοτ)
1583 2385 1713 2445 α’ρετή
1744 2404 1806 2434 τις
1838 2389 1951 2434 οὖσα

1143 2451 1338 2505 τυγχάνει
1367 2451 1437 2491 W.
1451 2465 1490 2501 p.
1502 2449 1603 2492 420
1619 2451 1675 2493 D.
1698 2464 1739 2490 οι
1771 2449 1852 2504 γὰρ
1869 2447 1952 2502 ὀφ-

1142 2510 1316 2560 θζαλμοι
1346 2507 1568 2550 κάλλιστον
1595 2506 1659 2555 ὅν,
1673 2504 1755 2550 οὐκ
1774 2506 1952 2564 ὀστρειῳ

1142 2566 1460 2620 ἐναληλιμμένοι
1489 2562 1588 2608 εἶεν.
1621 2565 1757 2620 Gorg.
1791 2581 1830 2620 p.
1852 2567 1951 2612 463.

1146 2627 1195 2668 E.
1229 2626 1406 2666 Menon.
1526 2625 1596 2669 79.
1640 2625 1686 2667 Ε.
1724 2626 1952 2674 Ρτοῐεεῑοτ.

1144 2699 1185 2738 p.
1216 2682 1316 2727 354.
1359 2683 1412 2724 C.
1445 2641 1598 2735 pHipp.
1648 2683 1745 2724 Mai.
1782 2698 1820 2737 p.
1852 2685 1951 2728 291.

1143 2744 1192 2786 C.
1240 2743 1310 2782 ubi
1360 2755 1400 2783 v.
1440 2754 1535 2781 nnn.
1589 2742 1686 2782 (τοΙΙ.
1749 2741 1951 2783 Iacobs

1142 2800 1405 2842 Animadvv.
1439 2801 1478 2839 in
1514 2798 1671 2840 Athen.
1710 2811 1750 2851 p.
1787 2799 1824 2842 7

1190 2909 1282 2983 ἆρ’
1324 2928 1420 2965 ουχ
1472 2910 1496 2954 ὁ
1539 2911 1770 2981 πατάξαι
1813 2913 1848 2954 δ.
1898 2939 1951 2945 ω-

1145 2966 1315 3014 ουτος
1346 2971 1432 3013 καὶ
1465 2972 1540 3024 φ.]
1584 2973 1659 3012 Sic
1692 2963 1825 3012 οὗτος·
1855 2974 1947 3013 ina-

1143 3038 1247 3073 tum
1284 3044 1326 3082 ρ.
1369 3028 1471 3073 334.
1529 3028 1577 3070 F.
1619 3026 1695 3069 τὸν
1734 3028 1951 3072 δοκοῦντα

1142 3085 1340 3142 χρηστόν,
1360 3088 1518 3128 τοῦτον
1536 3087 1664 3137 φίλον
1681 3081 1803 3129 εἶναι.
1833 3089 1951 3130 Libr-

1145 3148 1219 3190 RV
1254 3161 1295 3216 ρ.
1322 3146 1423 3190 439.
1444 3149 1502 3185 A.
1537 3141 1596 3184 τὸ
1630 3143 1748 3199 δὲδὴ
1782 3144 1952 3195 δῖψος

1143 3228 1197 3236 -
1240 3199 1295 3244 οὐ
1335 3204 1499 3245 τοῦτο
1548 3199 1705 3256 θήσεις
1753 3205 1834 3248 κτλ.
1886 3207 1949 3246 sic

1141 3262 1252 3304 enim
1286 3263 1341 3302 ibi
1375 3260 1612 3312 flectendum
1660 3262 1863 3316 Sympos.
1908 3276 1948 3315 p.

1142 3319 1240 3364 186.
1283 3321 1332 3363 C
1375 3315 1398 3358 ὁ
1433 3317 1758 3371 διαγιγνώσκων
1790 3344 1842 3349 ——
1877 3321 1952 3360 τόι

1142 3375 1273 3419 καλόν
1306 3392 1348 3418 τε
1382 3378 1449 3418 καὶ
1482 3375 1677 3436 αἰσχρόν’
1670 3378 1857 3443 ἔρωτα,
1870 3372 1950 3418 οὗ·
