2098 3658
30 3337 44 3369 --
15 2979 49 3260 ,apex-f

1794 132 1851 181 ll

137 294 300 346 quam
339 274 396 328 id
433 275 615 345 ipsum
654 271 932 344 quomodo
968 273 1349 344 accipiendum
1385 280 1555 339 esset,
1582 289 1709 323 non
1736 289 1848 324 uno

137 345 300 400 modo
348 346 680 400 statuebant.
768 344 856 398 Ea
903 363 1035 397 vero
1073 344 1317 398 iustitiae
1355 344 1507 397 notio
1527 381 1544 410 ‚
1586 340 1848 412 quoniam

139 418 244 473 fuit
279 427 538 487 tanquam
574 425 794 488 arrepta
829 416 1192 485 extrinsecus,
1222 415 1444 469 Platoni
1473 415 1593 468 visa
1628 420 1716 467 est
1736 411 1850 466 ad·

140 488 364 543 modum
398 489 610 543 incerta
645 497 703 541 et
739 486 1076 559 opinationis
1114 485 1463 541 fluctuationi
1499 484 1852 539 vehementer

140 561 395 616 obnoxia.
480 559 609 631 Ipse
680 560 823 613 enim
895 577 1055 612 omne
1116 558 1381 612 iudicium
1452 557 1850 624 veritatemque

140 634 319 705 ipsam
368 629 664 685 abductam
715 631 783 685 ab
833 630 1184 701 opinionibus
1237 638 1293 683 et
1341 649 1374 684 a
1411 628 1661 683 sensibus
1699 627 1855 699 cogi-

139 703 367 758 tationis
393 702 567 773 ipsius
594 709 759 772 atque
790 702 991 755 mentis
1015 719 1137 754 esse
1161 701 1357 755 voluit.
1425 698 1709 768 Quocirca
1731 706 1857 752 toto.

143 775 250 831 hoc
293 774 420 828 loco
468 772 598 827 dum
644 773 705 827 id
761 774 974 846 agitur,
1013 781 1078 826 ut
1113 792 1216 827 nec
1252 790 1474 827 sensum
1512 788 1855 824 communem

143 845 231 901 vel
280 846 599 917 opinionem
653 845 879 915 (δόξαν)
916 862 1019 898 nec
1055 845 1340 916 vulgarem
1396 850 1569 896 artem
1607 840 1856 894 dialecti-

144 937 295 985 cam,
331 936 472 986 quae
524 935 628 988 ope
679 915 1293 971 rationiscssocraticae
1322 916 1503 969 faceta
1553 921 1610 967 et
1646 912 1856 966 urbana

139 988 443 1051 imitatione
481 987 794 1048 deluditur.
822 986 896 1042 ad
931 986 1354 1060 intelligendam·
1384 983 1862 1058 cognoscendam-z

140 1078 246 1130 que
294 1060 406 1114 vim
453 1060 700 1114 iustitiae
750 1060 891 1114 satis.
927 1078 1101 1131 posse
1152 1058 1447 1127 doceatur,
1490 1056 1653 1112 simul
1674 1056 1854 1110 etiam

141 1131 397 1205 vulgares
426 1131 588 1186 huius
618 1132 839 1186 virtutis
866 1131 1126 1186 notiones
1141 1139 1406 1201 tanquam
1428 1130 1476 1183 si
1556 1128 1604 1181 is
1620 1127 1855 1198 ,quibus-

141 1202 266 1258 dam
296 1203 478 1276 ipsius
512 1211 679 1274 atque
703 1203 1041 1276 argumentis
1076 1202 1402 1273 produntur.
1477 1149 1646 1269 Ξίιοᾶ
1670 1206 1854 1253 tamen

141 1276 220 1328 ita
254 1276 336 1343 fit,
364 1283 445 1343 ut,⁴
483 1275 744 1345 quoniam
780 1295 878 1328 eae
911 1275 1248 1346 opinationis
1285 1273 1860 1330 inconstantiaesunt

140 1347 442 1416 obnoxiae,
482 1348 667 1401 omnia
711 1348 769 1400 in
819 1347 1000 1400 varias
1042 1354 1349 1400 versentur
1372 1353 1587 1417 partes·
1609 1340 1857 1413 nihilque

142 1418 282 1474 uerti
300 1418 395 1473 ade
442 1419 522 1473 vi¹
548 1428 605 1472 et
652 1428 848 1473 natura
880 1419 1123 1473 iustitiae
1164 1417 1533 1473 decernatur.v
1580 1415 1856 1470 Nimirum

145 1491 253 1545 isto
299 1489 467 1545 modo
502 1490 885 1562 philosophus¹
913 1490 1148 1544 artifieio
1195 1508 1498 1559 sanequam
1545 1485 1856 1541 admirabili

143 1563 421 1633 perfectae
469 1561 720 1616 iustitiae
768 1561 956 1630 ideae,
1013 1581 1124 1632 qua
1168 1562 1366 1616 omnis.
1398 1562 1544 1614 vitae
1583 1555 1853 1613 humanae

182 1653 311 1689 uum
358 1633 704 1706 singulorum
751 1642 869 1688 tum
921 1633 1299 1688 universorum
1350 1631 1745 1704 perfectionem
1796 1637 1855 1684 et

242 1704 555 1759 olutionem·
582 1705 683 1758 niti
719 1703 1092 1759 demonstrare
1130 1705 1498 1773 constituiset‚
1538 1703 1727 1757 statim
1762 1700 1882 1755 hic..

142 1777 198 1830 in
228 1776 355 1847 ipso
390 1775 571 1858 operis
607 1777 838 1830 introitu
874 1795 904 1830 e
942 1777 1169 1848 regione
1214 1776 1405 1848 posuit
1440 1794 1638 1846 vagam
1675 1780 1732 1827 et
1754 1773 1861 1826 ·in·.

141 1847 391 1903 stabilem
427 1847 669 1901 iustitiae
706 1848 988 1902 notionem
1014 1867 1194 1901 merae
1225 1847 1527 1918 opinationi
1548 1852 1852 1916 acceptam,

143 1938 208 1974 ac
243 1919 405 1974 simul
442 1919 606 1973 etiam
643 1918 964 1973 dialecticae
994 1938 1137 1973 cum
1187 1938 1254 1972 ea
1289 1919 1617 1973 coniunctae
1648 1917 1854 1971 *iustam

145 1989 516 2063 dignationem
540 2024 541 2028 =
566 1991 845 2063 impertiit.
931 1990 1021 2045 Ex
1082 1991 1284 2062 quibus
1348 1990 1602 2057 omnibus
1658 1989 1854 2059 utique

141 2063 494 2136 perspicuum
559 2063 652 2131 fit,
717 2082 955 2133 quonam
1018 2062 1240 2117 vinculo
1301 2061 1441 2116 haee
1496 2061 1679 2116 omnia
1728 2067 1854 2130 cum

142 2134 399 2189 universo
425 2134 658 2189 Politiae
684 2154 851 2206 opere
877 2135 1280 2190 contineantur.
1356 2134 1466 2188 Est
1492 2134 1645 2187 enim¹
1665 2151 1855 2187 eorum

140 2224 370 2278 ptorsus
404 2205 595 2261 eadem
647 2207 818 2276 ratio,
869 2226 1012 2277 quae
1062 2214 1148 2262 est
1194 2207 1514 2261 orationum*
1552 2204 1620 2259 de
1670 2223 1857 2258 amore

145 2277 359 2351 vulgari
408 2278 462 2332 in
499 2277 756 2332 Phaedro
806 2287 861 2333 et
896 2279 955 2333 in
994 2277 1292 2352 Symposio
1329 2278 1672 2345 habitarum3
1711 2295 1857 2346 quae

142 2359 291 2405 certe
338 2369 452 2410 non
498 2350 765 2405 aliorsum·
807 2351 1084 2423 pertinent
1134 2351 1245 2405 nisi
1291 2369 1387 2417 e0‚
1425 2358 1488 2403 ut
1522 2349 1651 2403 inde
1688 2363 1854 2418 quam

143 2418 441 2477 clarissime
489 2422 885 2494 intelligatur‚.
923 2431 1188 2493 quantum
1241 2420 1853 2492 amatoriaffsapientia‘,

40 2518 51 2544 :-
144 2512 286 2563 quae
316 2511 384 2547 ex
419 2512 600 2547 rerum
638 2511 743 2548 usu
781 2503 837 2548 et
866 2495 1126 2566 opinione
1151 2494 1404 2561 ducatur,
1430 2494 1496 2548 ab
1534 2493 1630 2546 illa
1666 2490 1851 2560 distet,

144 2584 287 2636 quae
324 2573 561 2620 mentem
599 2573 667 2620 et:
691 2566 957 2620 rationem
988 2565 1723 2637 atque-divinarumrerum
1758 2582 1853 2618 co·

218 2637 443 2692 itionem
480 2636 684 2692 iontem
723 2656 789 2692 ac
824 2638 1151 2711 principium
1175 2637 1391 2705 habeat,
1419 2645 1476 2690 et
1514 2642 1854 2706 quantopere

286 2708 484 2764 mentis
535 2709 654 2763 sine
704 2707 947 2763 idearum
1002 2709 1090 2763 vel
1137 2709 1504 2764 communium
1567 2706 1853 2761 notionum

0 2825 3 2841 .
53 2835 62 2840 ,
146 2780 488 2837 conscientia
544 2791 703 2836 acute
731 2810 734 2815 -
761 2788 817 2835 et
865 2781 1111 2864 captiose
1160 2780 1594 2853 argumentantis
1645 2777 1856 2845 fraudi-⁶

145 2851 248 2909 bus
282 2851 534 2908 subiecta
569 2852 644 2908 sit
679 2861 872 2925 utpote
907 2870 1031 2924 ipsa
1065 2860 1263 2909 natura
1282 2870 1383 2907 sua
1408 2859 1592 2905 certae
1623 2850 1854 2904 rationis

141 2942 355 2997 expers.
432 2921 764 2994 Quanquam
817 2923 1112 2979 tenendum
1152 2933 1238 2979 est
1271 2922 1693 2995 diligentissime
1726 2941 1851 2994 pem

145 2994 319 3051 tinere
370 2994 800 3079 disputationem
853 3016 979 3051 cum
1018 2994 1379 3051 Polemarcho
1423 2995 1732 3050 institutam
1770 2993 1853 3048 ‘ad

143 3083 576 3123 unamamaxnne
610 3068 853 3124 iustitiae
889 3068 1289 3135 οοονῐιίιὶοικῑῐιι,1
1312 3086 1423 3123 non
1461 3067 1590 3122 item
1628 3065 1698 3120 ad
1737 3066 1852 3121 eius

146 3137 415 3194 actionem
452 3146 618 3210 atque
669 3159 844 3195 usum.
918 3115 993 3194 13
1034 3138 1183 3211 quod
1233 3139 1378 3194 clare
1432 3138 1643 3194 indicat
1687 3138 1855 3192 etiam

144 3208 655 3284 Socrateainfrap.
687 3214 811 3267 354.
839 3203 1028 3267 Bffubi
1064 3211 1199 3267 haec
1236 3219 1492 3269 accurate
1529 3209 1851 3268 disc-,ornum

145 3290 252 3335 tun.
279 3319 289 3324 -
316 3281 521 3339 Verum
545 3283 680 3338 satis
705 3282 774 3338 de
802 3282 904 3340 his.
953 3282 1300 3339 Accedamus
1333 3283 1443 3338 iam
1469 3282 1552 3336 ad
1582 3282 1851 3354 proxima,

145 3353 349 3423 quibua
370 3397 374 3401 ,
397 3353 532 3424 quid
591 3355 667 3411 sit
719 3356 1097 3439 propositum,
1184 3354 1437 3412 cetmodo
1497 3353 1583 3409 dis
1626 3353 1852 3408 uiretur.

147 3452 215 3465 --
256 3424 616 3495 Posteaquam
656 3427 827 3494 igitur
874 3426 1079 3482 diutins
1120 3447 1154 3482 ιι
1178 3436 1263 3482 tro
1296 3427 1550 3495 ¹citi-oque
1590 3445 1658 3479 (e
1696 3425 1851 3481 iusti·-
