2106 3594
325 160 556 215 LXVII
566 161 587 212 1

327 312 432 374 que
483 302 552 356 ad
604 321 669 371 ps
704 303 824 354 336.
876 302 972 370 A.)
1063 300 1363 356 Confutato
1436 303 1598 356 etiam
1651 304 2030 372 PolemarchO,

326 372 558 429 necdum
595 374 818 426 inventa
854 373 1095 425 iustitiae
1131 374 1373 443 notione,
1413 375 1468 427 in
1506 374 1742 428 medium
1782 376 2035 447 procedit

324 444 798 517 ThrasymachUS,
839 444 1090 514 sophista
1136 463 1200 498 ac
1249 445 1466 515 rhetor,
1516 466 1758 518 pugnam
1794 447 2035 500 redinte-

326 526 623 589 graturuss
677 517 732 569 Is
772 534 901 568 vero
941 523 1132 569 censet
1167 517 1370 570 iustum
1407 518 1542 570 nihil
1580 519 1730 571 aliud
1770 538 1891 573 esse
1930 519 2036 573 nisi

325 588 402 658 id,
443 588 591 658 quod
629 587 843 640 fortiori
882 597 938 640 et
963 587 1214 641 validiori
1251 588 1527 660 expediat,
1569 590 1815 659 adeoque
1853 592 2036 663 gravi-

325 670 412 714 ter
448 658 792 731 contendit,
856 659 1178 713 iniustitiam
1224 660 1434 714 iustitia
1488 661 1652 733 longe
1704 681 1826 716 esse
1877 681 2036 732 prae-

324 732 658 786 stantiorem.
746 729 811 782 Id
861 729 1009 801 quod
1053 732 1133 793 ita
1181 730 1381 785 docere
1431 732 1698 802 instituit,
1763 741 1828 787 ut
1892 734 2035 786 iniu—

323 804 528 858 stitiam
565 810 875 871 asseveret,
928 801 1223 856 dummodo
1263 804 1334 856 sit
1373 804 1623 857 omnibus
1661 805 1903 858 numeris
1941 805 2037 858 ab-

324 876 539 944 soluta,
595 875 771 944 qualis
822 873 882 927 in
916 881 1150 946 tyranno
1191 883 1447 928 cernatur
1483 876 1564 945 (p.
1604 878 1726 930 344.
1765 875 2036 945 A.-—G.)

326 947 541 1000 iustitia
577 947 748 999 multo
789 964 909 999 esse
959 945 1402 1017 prudentiorem,
1452 946 1802 1016 validiorem,
1852 948 2038 1001 utilio-

326 1035 443 1071 rem
508 1033 573 1071 ac
624 1018 940 1071 beatiorem.
1017 1017 1215 1087 Itaque
1252 1018 1518 1071 iustitiam
1557 1037 1677 1072 esse
1713 1020 1834 1072 vult
1871 1038 2038 1091 gene-

326 1105 512 1149 rosam
551 1089 859 1159 stultitiam,
900 1109 1040 1159 quae
1078 1109 1191 1144 non
1230 1089 1354 1159 sibi,
1395 1089 1495 1143 sed
1531 1091 1650 1144 aliis
1688 1092 1873 1161 potius
1950 1111 2037 1144 ro-

328 1162 452 1231 sit„
509 1160 707 1229 Quem·
739 1169 922 1214 tamen
986 1161 1247 1216 Socrates
1299 1162 1504 1232 pariter
1543 1163 1720 1216 acutis
1771 1163 2039 1230 conexusi·

324 1232 540 1286 unculis
607 1233 810 1286 refellit
857 1239 914 1285 et
956 1233 1035 1285 ‘ad
1089 1234 1286 1286 incitas
1340 1233 1656 1301 redactum,
1707 1234 1862 1305 gravi
1910 1233 2037 1287 ideo

323 1304 610 1358 iracundia
634 1303 978 1373 candentem,
1019 1304 1088 1357 ad
1125 1305 1402 1359 silentium
1426 1305 1723 1376 compellit,
1751 1313 1814 1359 ut
1840 1313 1896 1359 et
1916 1306 2038 1377 ipse

326 1376 526 1430 dehinc
584 1376 746 1446 plane
801 1376 1152 1430 conticescat.
1235 1376 1535 1430 Enimvero
1594 1376 1758 1431 huius
1818 1397 2037 1447 quoque

327 1448 800 1519 opinionesssmero
849 1447 994 1501 vitae
1044 1448 1168 1501 usui
1218 1447 1426 1500 debent
1472 1449 1739 1519 originem
1797 1457 2039 1518 suntque
2103 1471 2106 1478 ·

324 1521 485 1591 plane
541 1517 612 1571 ad
662 1526 916 1572 externae
973 1519 1229 1572 utilitatis
1281 1526 1445 1589 atque
1485 1519 1756 1573 commodi
1796 1520 2038 1574 studium

327 1597 691 1662 comparatae.
778 1591 1076 1644 Praeterea
1122 1598 1303 1643 autem
1355 1590 1413 1643 id
1461 1589 1668 1644 habent
1720 1592 1936 1663 privum
1974 1610 2039 1646 ac

326 1662 630 1735 peculiare,
695 1661 845 1731 quod
894 1669 1079 1732 spreta
1127 1662 1345 1716 virtutis
1395 1661 1697 1734 dignitate,
1757 1664 1919 1717 unice
1969 1662 2039 1717 ad
2104 1708 2106 1711 ,

327 1734 696 1804 cupiditatum
742 1732 1134 1805 turpitudinem
1180 1741 1574 1804 attemperatae
1624 1743 1767 1788 sunt.
1842 1735 2039 1805 Itaque
2104 1756 2106 1758 ·

327 1806 490 1860 sicuti
542 1803 777 1875 Cephali
839 1813 894 1858 et
942 1804 1287 1859 Polemarchi
1344 1806 1677 1877 sententiae,
1727 1805 1858 1860 licet
1914 1825 2040 1860 cum

331 1878 614 1931 honestate
657 1877 984 1930 coni-unctae
1025 1877 1164 1944 sint,
1222 1884 1452 1948 propter
1501 1876 1778 1948 opinionis
1817 1876 2037 1948 (δόξης)
2100 1879 2102 1882 ’

330 1951 606 2003 levitatem
644 1947 854 2002 fraudis
905 1948 992 2001 vel
1041 1947 1239 2002 erroris
1277 1949 1677 2002 inconstantiae
1717 1957 2037 2021 arguuntur,

328 2022 405 2074 'rta
454 2020 635 2089 etiam
696 2018 1095 2092 Thrasymachi
1147 2020 1465 2091 opiniones,
1519 2040 1588 2073 ex
1639 2020 1832 2074 eodem
1887 2022 2038 2075 fonte
2104 2043 2106 2054 ²

332 2093 559 2146 haustae
610 2109 674 2144 ac
722 2098 1008 2162 praeterea
1059 2091 1130 2144 ad
1177 2111 1342 2145 unam
1379 2093 1612 2146 maxime
1659 2092 1914 2147 utilitatis
1951 2110 2040 2146 ra-

328 2165 533 2218 tionem
599 2162 1075 2231 accommodatae,
1127 2164 1403 2217 subtiliter
1474 2164 1800 2218 refelluntur
1871 2172 2038 2233 atque
2104 2166 2106 2228 ξ

325 2236 719 2291 confutantur.·
820 2237 1006 2303 Atque
1083 2235 1175 2288 hic
1237 2235 1461 2305 quidem,
1516 2243 1601 2290 est
1674 2236 1854 2290 exitus
1927 2235 2039 2290 dis·
2103 2250 2106 2274 ³

329 2307 632 2379 putationis
679 2306 870 2359 libro
923 2307 1151 2376 primo
1197 2307 1501 2360 institutae.
1588 2304 1696 2359 Cui
1737 2306 1870 2377 quid
1908 2327 2036 2377 pro·

329 2379 569 2451 positum
624 2378 730 2446 sit,
771 2378 1011 2431 universi
1048 2379 1229 2448 operis
1268 2397 1476 2432 summa
1514 2378 1887 2447 considerata,
1927 2398 2037 2431 non
2098 2389 2106 2448 ,f

331 2451 469 2504 adeo
508 2449 732 2505 difficile
758 2457 846 2501 est
884 2449 952 2501 ad
991 2449 1361 2506 iudicandum.
1412 2449 1598 2517 Quum
1637 2451 1778 2503 enim
1817 2469 1882 2503 ea
1919 2450 2038 2503 vul-

331 2522 544 2595 garium
600 2521 668 2574 de
716 2521 926 2574 iustitia
973 2521 1303 2577 iudiciorum
1342 2522 1536 2575 levitas
1575 2529 1630 2575 et
1666 2522 2039 2576 inconstantia
2101 2549 2106 2581 ;

331 2602 495 2664 atque
544 2593 705 2646 etiam
748 2592 1037 2663 turpitudo
1098 2613 1210 2646 non
1254 2594 1486 2647 obscure
1540 2601 1732 2647 notata
1781 2594 1870 2662 sit,
1920 2601 2036 2646 tum
2102 2594 2106 2611 “

332 2667 495 2719 etiam
554 2665 645 2718 via
709 2665 953 2717 munitur
1002 2663 1070 2717 ad
1118 2664 1362 2734 primarii
1413 2665 1720 2736 argumenti
1756 2666 2038 2718 tractatio-
2104 2687 2106 2696 ¹

331 2757 485 2804 nem,
536 2735 983 2807 quandoquidem
1034 2732 1176 2789 inde
1199 2737 1368 2790 facile>
1395 2736 1752 2808 intelligitur,
1806 2735 2037 2807 posthac

332 2809 470 2861 haec
520 2808 630 2860 duo
680 2808 947 2878 imprimis
997 2807 1404 2879 agendaesse,
1455 2814 1518 2859 ut
1560 2815 1615 2860 et
1661 2807 1904 2862 iustitiae
1953 2808 2037 2862 vis

335 2898 399 2931 ac
434 2887 645 2931 ¹natura
681 2879 884 2932 certius
934 2880 1280 2948 exquiratur,
1330 2886 1386 2932 et
1431 2878 1675 2949 dignitas
1715 2879 1831 2933 eius
1871 2887 2036 2948 atque
2104 2928 2106 2930 ,

332 2950 541 3003 utilitas
590 2949 968 3003 demonstrata
1014 2951 1174 3005 simul
1222 2950 1397 3021 ipsius
1445 2949 1731 3004 honestate
1794 2951 1863 3004 ab
1928 2951 2034 3003 ini-

322 3022 467 3090 quis·
517 3020 986 3075 criminationibus
1033 3020 1354 3075 vindicetur.
1440 3021 1639 3091 Neque
1691 3022 1843 3075 enim.
1880 3021 2038 3075 aliter
2101 3059 2103 3063 «

334 3092 456 3146 fieri
491 3098 704 3162 potest,
755 3099 818 3168 ut
851 3093 1000 3145 vitae
1055 3093 1324 3146 humanae
1371 3093 1668 3162 perfectiO,
1719 3092 1864 3146 illius
1910 3093 2034 3146 fun·
2101 3104 2103 3107 '

335 3164 590 3217 damento
654 3162 871 3230 innixa,
937 3163 1340 3218 demonstretur
1387 3171 1441 3216 et
1491 3164 1547 3216 in
1583 3163 1877 3218 illustriore
1914 3165 2036 3218 luce
2104 3184 2106 3195 ⁴

334 3241 587 3306 ponatur.
648 3233 764 3285 Iam
790 3253 918 3287 vero
956 3235 1118 3288 inde
1155 3235 1234 3288 ab
1269 3234 1483 3288 initio
1519 3235 1691 3289 libri
1731 3235 2033 3289 secundi

336 3304 739 3378 elegantissime
778 3305 1020 3358 munitur
1057 3306 1321 3363 transitus
1359 3305 1429 3358 ad
1467 3306 1753 3377 primariae
1802 3307 1880 3360 rei
1921 3306 2033 3360 dis-

338 3378 719 3447 putationemss
791 3374 1114 3446 Suscipiunt
1175 3377 1315 3430 enim
1379 3377 1466 3430 hic
1536 3386 1753 3447 praeter
1819 3397 2032 3432 omnem
