2124 3744
207 195 304 242 100
830 181 1315 236 PLATONIS

205 338 377 404 μίζειν
432 329 657 401 ὀρθόν,
718 327 880 396 ἥλιον
933 333 990 384 δὲ
1023 320 1474 399 ,ὴγεῖσθαιξῖοὐκ
1539 321 1738 392 ὀρθῶς
1798 327 1921 393 ἔχει,

207 417 352 474 οὕτω
412 418 504 470 καὶ
555 416 817 469 ἐνταῦθα
879 412 1201 483 ἀγαθοειδῆ
1269 412 1369 478 μὲν
1417 410 1686 476 ’νομίζειν
1752 406 1912 460 ταῦτ’

207 497 505 575 ἀμφότερα
534 498 742 569 ὀρθόν,
767 496 1007 566 ἀγαθὸν
1039 500 1094 552 δὲ
1125 495 1391 563 ἡγεῖσθαι
1423 488 1698 562 ὁπότερον
1731 489 1921 544 αὐτῶν

211 585 313 641 οὐκ
337 582 547 656 ὀρθόν,
578 581 692 636 ἀλλ’
736 586 813 635 ἔτι
830 582 1090 650 μειζόνως
1119 583 1378 646 τιμητέον
1420 572 1522 641 τὴν
1547 570 1922 650 τοῦῖάγαθοῦ

209 670 333 736 (ξιν.
379 665 702 737 Ἀμήχανον
741 663 962 731 κάλλος,
1008 671 1131 740 ἔφη,
1176 667 1361 730 λέγεις,
1390 666 1435 714 εὶ
1475 658 1781 730 ἐπιστήμην
1823 661 1926 730 μὲν

213 757 304 808 καὶ
350 744 638 818 ἀλήθειαν
683 756 934 821 παρέχει,
993 748 1134 804 αὐτὸ
1194 747 1243 802 δ’
1310 744 1450 811 ὑπὲρ
1509 746 1689 798 ταῦτα
1741 744 1928 798 κάλλει

214 840 387 892 ἐστίν·
449 834 515 890 οὐ
562 835 670 906 γὰρ
717 833 904 901 δήπου
949 835 1015 889 σύ
1061 855 1118 900 γε
1162 827 1374 899 ἡδονὴν
1423 827 1563 883 αὐτὸ
1593 834 1775 897 λέγεις.
1818 826 1926 881 Εὐ-

215 921 406 997 φήμει,
452 911 522 986 ἦν
567 917 610 973 δ’
662 916 797 988 ἐγώ·
844 917 967 972 ἀλλ’
1032 911 1135 973 ὧδε
1183 919 1400 987 μᾶλλον
1444 911 1547 979 τὴν
1596 913 1782 968 εἰκόνα
1827 910 1928 966 αὐ-

217 1008 315 1061 τοῦ
363 1009 437 1061 ἔτι
484 1001 782 1058 ἐπισκόπει.
833 1006 1000 1067 Πῶς;
1096 999 1208 1056 Τὸν
1251 997 1412 1066 ἥλιον
1461 1009 1577 1063 τοῖς
1630 997 1930 1069 ὁρωμένοις

217 1089 297 1145 οὐ.
332 1087 524 1161 μόνον,
574 1085 746 1159 οἶμαι,
794 1084 900 1154 τὴν
944 1090 1046 1142 τοῦ
1081 1085 1344 1158 ὁρᾶσθαι
1387 1081 1626 1153 δύναμιν
1672 1086 1928 1152 παρέχειν

215 1172 424 1249 φήσεις,
469 1170 613 1227 ἀλλὰ
663 1175 753 1227 καὶ
804 1170 907 1238 τὴν
950 1179 1157 1240 γένεσιν
1211 1172 1303 1224 καὶ
1338 1164 1514 1234 αὔξην
1552 1170 1643 1221 καὶ
1688 1165 1927 1240 τροφήν,

346 1313 388 1350 P·
422 1309 523 1354 509.
561 1309 610 1351 B.
655 1310 873 1363 γένεσιν
906 1310 992 1350 καὶ
1023 1305 1226 1362 αὔξην]
1271 1310 1364 1359 Aug
1414 1308 1505 1348 ΡΜ.
1537 1305 1593 1346 Κ.
1627 1304 1744 1348 Flor.
1779 1317 1819 1345 x.
1851 1299 1928 1342 αὕ-

222 1370 358 1422 ξησιν.
423 1366 533 1409 lllud
576 1369 715 1421 magis
761 1368 946 1408 Atticum
989 1366 1224 1418 multisque
1263 1363 1462 1405 Platonis
1504 1365 1610 1405 locis
1652 1368 1695 1404 et
1731 1360 1927 1402 codicum

224 1426 512 1467 consensione
553 1425 660 1466 satis
698 1426 940 1476 firmatum,
983 1429 1029 1464 nt
1069 1424 1163 1464 libr.
1209 1423 1302 1465 VII.
1345 1434 1386 1474 p.
1429 1422 1535 1465 521:
1568 1422 1651 1472 E„
1691 1420 1764 1461 ubi
1806 1418 1929 1474 pauci

225 1484 318 1525 libri
352 1478 580 1536 αὐξήσεως
613 1495 692 1535 pro
724 1480 877 1537 αὔξης.
910 1496 952 1536 p.
982 1481 1083 1525 528.
1118 1481 1168 1522 Β.
1202 1481 1295 1522 libr.
1320 1479 1398 1520 Vl.
1432 1493 1473 1533 p.
1498 1479 1599 1523 509.
1635 1478 1699 1531 Β.,
1735 1478 1808 1519 ubi
1830 1489 1930 1530 per-

225 1542 351 1596 pauci
385 1539 583 1594 αὔξησιν.
618 1540 801 1584 Theaet.
837 1554 877 1595 p.
907 1539 1007 1584 173.
1039 1540 1123 1589 A..
1159 1538 1232 1579 ubi
1270 1538 1362 1580 fere
1398 1551 1548 1579 omnes
1582 1534 1733 1590 αὔξην.
1794 1535 1936 1576 Maior

226 1601 356 1641 etiam
391 1599 590 1641 codicum
626 1598 680 1640 de
712 1596 824 1652 αὔξη
861 1598 1092 1642 consensio
1127 1602 1194 1639 est
1232 1596 1286 1637 de
1318 1595 1427 1650 Rep.
1462 1596 1559 1639 vll.
1594 1609 1634 1650 p.
1673 1593 1774 1639 5⁶28.
1809 1592 1932 1636 RD.

232 1683 460 1738 pulcritml.
499 1698 550 1737 p..
574 1684 708 1727 XCV.
742 1699 805 1736 sq.
841 1685 1035 1727 Plotin.

226 1742 419 1786 Ennend.
439 1743 512 1783 VI.
530 1743 570 1786 7.
594 1743 802 1787 111.8.1a
824 1757 862 1784 m
879 1743 1035 1786 mich.

227 1801 462 1842 Adhortat.
488 1802 513 1842 1.
540 1814 576 1843 c.
603 1815 646 1852 p.
662 1801 762 1846 338.
786 1801 854 1842 ed.
877 1802 1034 1842 Kiessl.

229 1859 461 1899 Stobaei
518 1857 724 1911 Florileg.
781 1873 820 1911 p.
868 1854 940 1904 86.
994 1865 1038 1900 et

229 1917 357 1961 1066.
393 1915 461 1958 ed.
495 1916 685 1958 Heeren.

290 1972 552 2027 ὁπότερον
584 1970 789 2027 αὐτῶν]
832 1975 868 2017 h.
902 1988 939 2016 e.
971 1977 1037 2016 al-

231 2037 524 2074 terutrum.
570 2044 606 2071 v.
646 2032 938 2074 Heindorf.
984 2032 1038 2073 nd

230 2091 412 2132 Theaet.
446 2104 486 2142 p.
519 2089 605 2133 293

281 2145 588 2199 Ἀμήχανον
607 2145 1040 2200 κάλλος-]8)ἠι-

230 2219 326 2260 pos,
358 2204 456 2249 218.
491 2204 551 2248 E:
593 2203 822 2257 ἀμήχανόν
862 2220 908 2245 τε
941 2203 1041 2244 κάλ-

229 2264 302 2309 λος
333 2260 470 2317 ὁρῴης
507 2261 559 2302 ἂν
601 2261 644 2302 ἐν
682 2264 786 2312 ἐμοί.
834 2262 950 2303 Libr.
983 2265 1040 2303 X.

230 2336 271 2374 p.
318 2320 415 2364 608.
462 2321 522 2360 D:
570 2318 798 2374 ἀμήχανόν
836 2336 902 2370 τι,
946 2322 1042 2373 ἔφη,

227 2379 358 2431 λέγεις
392 2382 602 2431 μέγεθος.
631 2378 836 2419 Plotin.
872 2377 927 2419 de
954 2379 1046 2431 pnl-

234 2437 315 2478 crit
362 2450 401 2489 p.
435 2435 504 2479 54.
546 2435 614 2476 ed.
649 2435 806 2477 Creuz.
846 2440 936 2480 πῶς
980 2451 1046 2482 τις

235 2491 448 2546 θεάσηται
478 2491 636 2541 κάλλος
680 2491 929 2546 ἅμήχανον;
970 2493 1041 2534 ubi

236 2552 332 2592 vide
365 2551 782 2605 praestantissimum
812 2551 1041 2592 editorem.

238 2611 300 2650 De
333 2610 478 2650 verbis
510 2607 616 2664 ὑπὲρ
650 2612 791 2651 ταῦτα
827 2621 864 2650 ν.
896 2614 1042 2651 annot.

238 2667 289 2708 ad
324 2679 366 2719 p.
398 2666 499 2710 488.
535 2670 583 2709 A.

299 2724 348 2767 B.
377 2722 641 2778 μὴμόνον
664 2722 721 2764 τό
759 2722 1044 2778 γιγνώσκε-

240 2785 379 2822 σθαι
426 2780 595 2836 φάναι
637 2804 688 2811 --
741 2781 1043 2835 ὑπερέχον-

238 2840 382 2893 roga]
447 2840 614 2881 Bonum
659 2839 759 2880 illud
809 2840 914 2882 dicit
965 2839 1046 2881 hoe

238 2897 428 2939 tribuere
460 2903 503 2938 et
533 2897 689 2939 afferre
732 2899 861 2939 rebus
895 2899 1044 2951 cogni-

239 2956 343 2997 tioni
376 2955 596 3005 subiectis,
628 2959 776 2995 utnon
802 2957 940 2997 solum
971 2968 1044 2996 co-

238 3019 533 3062 gnoscantur,
571 3011 648 3052 sed
695 3013 822 3054 etiam
865 3013 949 3053 sint
979 3018 1043 3054 at-

237 3075 525 3122 queexstent‚
550 3083 681 3122 quum
715 3071 874 3112 bonnm
903 3070 1044 3124 ipsum

236 3125 364 3179 οὐσίᾳ
396 3129 594 3181 superius
615 3127 671 3171 sit
694 3141 878 3180 eamque
907 3128 1043 3181 digni—

236 3188 350 3230 tate,
392 3186 430 3225 vi
471 3199 520 3225 ae
559 3185 752 3237 potentia
795 3186 1046 3238 longissime

239 3241 390 3281 vincat.
456 3242 598 3282 Locus
632 3243 945 3294 perobscurus,
978 3245 1046 3284 cui

237 3305 381 3340 tamen
431 3301 593 3351 aliquid
641 3301 745 3341 lucis
788 3302 854 3343 vel
896 3301 950 3341 ab
994 3301 1046 3342 iis

236 3355 443 3407 accedet,
493 3370 604 3408 quae
653 3368 783 3411 supra
843 3360 1045 3400 universe

238 3413 291 3454 «le
322 3413 414 3454 idea
448 3414 547 3454 boni
581 3413 634 3454 ad
668 3428 707 3466 p.
741 3415 838 3458 505.
886 3422 933 3457 Α.
968 3429 1041 3457 ex·

1123 1683 1359 1738 posuimus.
1383 1681 1551 1724 Etenim
1563 1681 1932 1734 quemadmodum

1123 1742 1252 1783 rebus
1292 1740 1493 1780 sensibus
1532 1740 1739 1781 subiectis
1783 1744 1828 1781 et
1858 1737 1934 1780 ad-

1123 1798 1432 1853 spectabilibus
1464 1795 1593 1838 οῠσία
1623 1799 1678 1839 ab
1713 1797 1822 1840 ideis
1853 1797 1933 1838 im-

1123 1858 1322 1911 pertitur,
1361 1859 1574 1908 quatenus
1594 1856 1756 1898 infinita
1786 1867 1934 1897 earum

1122 1917 1303 1957 materia
1335 1916 1374 1955 vi
1397 1915 1587 1956 idearum
1616 1920 1778 1956 certam
1800 1924 1935 1966 quen-

1123 1975 1220 2015 dam
1255 1973 1437 2015 formam
1474 1973 1642 2026 accepit
1679 1978 1722 2012 et
1753 1971 1938 2024 qualita-

1125 2038 1194 2073 tes
1226 2045 1329 2072 suas
1361 2037 1486 2072 nacta
1514 2038 1605 2081 est,
1634 2031 1692 2071 ita
1726 2035 1774 2071 ut
1806 2029 1935 2070 etiam

1126 2093 1288 2133 mentis
1318 2089 1627 2142 intelligentiae
1660 2092 1811 2140 patere
1831 2099 1936 2129 coe-

1126 2148 1239 2201 perit
1279 2146 1556 2199 (Parmenid.
1591 2161 1633 2199 p.
1663 2145 1763 2190 137.
1798 2146 1848 2186 C.
1883 2166 1935 2174 -

1125 2205 1226 2249 142.
1251 2211 1295 2245 et
1310 2203 1558 2248 142—155.
1592 2204 1692 2256 E.);
1724 2205 1782 2244 ita
1805 2203 1934 2245 etiam

1125 2263 1251 2305 ideae
1283 2264 1337 2303 ab
1368 2262 1467 2304 idea
1506 2262 1605 2303 boni
1636 2261 1789 2303 ου’σίαν
1813 2272 1933 2302 suam

1130 2327 1423 2373 aeceperunt,
1467 2327 1682 2372 qllatenus
1714 2320 1933 2360 universa-

1131 2381 1186 2420 lis
1229 2383 1273 2420 et
1303 2378 1462 2420 infinita
1500 2378 1689 2420 idearum
1731 2376 1938 2427 essentia,

1131 2449 1245 2490 qnae
1298 2449 1470 2478 omnem
1511 2437 1622 2486 fugit
1666 2435 1824 2477 mentis
1870 2434 1936 2475 in·

1129 2495 1414 2546 telligentiam
1428 2526 1438 2544 ,
1458 2508 1535 2547 per
1556 2493 1695 2535 ideam
1715 2493 1814 2536 boni
1835 2493 1937 2534 item

1129 2552 1182 2594 ad
1224 2558 1367 2594 certas
1406 2566 1458 2593 ec
1509 2552 1706 2594 definitas
1747 2551 1938 2593 rationes

1131 2615 1199 2652 est
1230 2619 1448 2661 revocata,
1481 2609 1594 2651 unde
1613 2609 1834 2662 specie·
1858 2621 1935 2650 re-

1130 2681 1237 2709 rum
1304 2667 1708 2721 intelligibiles
1769 2665 1936 2719 (ideae)

1131 2726 1412 2776 exstiterunt3
1451 2725 1506 2767 de
1539 2731 1624 2778 quo
1656 2737 1694 2765 v.
1733 2725 1936 2776 Prolegg.

1130 2790 1279 2825 nostra
1325 2783 1379 2824 ad
1423 2781 1738 2825 Parmenidem.
1810 2781 1937 2824 Quo-

1130 2843 1242 2883 circa
1275 2841 1367 2883 iure
1398 2854 1572 2883 summo
1602 2839 1698 2881 idea
1729 2839 1826 2882 boni
1845 2842 1935 2880 tam

1131 2899 1275 2940 omnis
1330 2898 1544 2951 ἀληθείας
1607 2910 1732 2950 quam
1796 2896 1939 2938 omnis

1133 2957 1419 2998 scientiae
1471 2962 1522 2997 et
1585 2954 1937 3006 cognitionis

1131 3015 1383 3067 genetrix
1415 3019 1582 3066 atque
1616 3025 1819 3065 parens
1851 3011 1937 3052 dici

1133 3073 1289 3124 potuit.
1351 3073 1455 3112 Sine
1502 3070 1611 3112 ideis
1659 3071 1767 3111 enim
1817 3071 1938 3111 nulla

1132 3142 1274 3171 rerum
1323 3129 1480 3171 veritas
1527 3129 1734 3180 nullaque
1783 3129 1939 3170 mentis

1131 3188 1320 3238 cognitio
1386 3190 1454 3226 est
1505 3188 1740 3228 secundnm
1791 3188 1937 3227 Plato-

1131 3246 1197 3285 nis
1227 3244 1501 3286 sententiam.
1538 3245 1784 3287 conflentum
1811 3244 1936 3296 Reip.

1132 3302 1233 3343 VII.
1274 3315 1314 3355 p.
1347 3300 1448 3345 517.
1498 3300 1547 3344 C.
1599 3302 1852 3355 Quanquam
1894 3302 1939 3341 in

1131 3372 1201 3400 res
1249 3359 1568 3411 adspectabiles
1618 3358 1726 3405 δόξα
1770 3366 1937 3401 tantum

1130 3417 1353 3467 convenit‚
1407 3416 1625 3470 ἐπιστήμη
1681 3418 1745 3458 vel
1792 3419 1942 3470 γνῶσις
