2124 3744
305 208 408 256 446
958 198 1440 254 PLATONIS
1506 240 1509 242 -

305 350 620 423 παρόντων.
677 349 817 404 εἶναι
877 353 932 403 δὲ
971 346 1344 404 παντοδαπά·
1405 344 1670 414 ζώων-τε
1714 343 1824 416 γὰρ
1867 344 2006 401 ποίν-

303 456 426 489 των-
469 437 628 504 βίους
682 439 774 489 καὶ
804 465 806 467 >
837 432 903 500 δὴ
957 437 1049 488 καὶ
1103 430 1236 495 τοὺς
1278 430 1684 504 ἀνθρωπίνους
1726 429 2003 495 ἅπαντας.

302 521 638 589 τυραννίδας
695 539 751 573 τε
795 514 902 588 γάρ
951 525 1009 573 ἐν
1050 516 1247 580 αὐτοῖς
1292 514 1462 581 εἶναι,
1520 512 1624 579 τάς
1682 518 1783 585 μὲν
1829 518 2008 570 διατε-

303 610 440 670 λεῖς,
491 601 609 666 τὰς·
648 606 704 657 δὲ
749 606 842 657 καὶ
887 601 1101 671 μεταξὺ
1137 604 1617 675 διαφθειρομένας
1647 603 1750 655 ,καὶ
1793 606 1867 663 εἰς
1915 621 2008 654 πε-

302 694 426 752 νίας
469 709 527 743 τε
569 690 664 741 ’καὶ
707 685 892 760 φυγὰς
948 689 1043 742 καὶ
1079 692 1171 749 εἰς
1215 689 1484 755 πτωχείας
1529 682 1887 747 τελευτώσας·
1937 682 2007 739 εἶ-

303 796 397 827 ναι
446 775 503 827 δὲ
547 776 639 826 καὶ
686 776 926 842 ὁοκίμων
970 771 1195 842 ἀνδρῶν
1238 773 1423 841 βίους,
1479 767 1613 832 τοὺς
1654 773 1755 839 μὲν
1802 775 1890 823 ἐπὶ
1935 769 2007 823 ε’ί-

304 861 417 912 δεσι
469 859 562 912 καὶ
623 854 767 910 κατὰ
825 855 1002 922 κάλλη
1053 858 1145 910 καὶ
1200 853 1304 922 τὴν
1357 851 1536 920 ἄλλην
1588 852 1747 924 ἰσχύν
1802 874 1860 908 τε
1914 855 2007 907 καὶ

300 942 576 1009 ἀγωνίαν,
632 938 764 1004 τοὺς
802 939 867 994 ’δ’
944 943 1031 995 ἐπὶ
1073 947 1249 1010 γένεσι
1291 941 1383 993 καὶ
1431 935 1720 1012 προγόνων
1767 936 2007 1011 ἀρεταῖς,

300 1031 392 1081 καὶ
448 1025 736 1095 ἀδοκίμων
791 1022 934 1080 κατὰ
994 1022 1211 1079 ταῦτα’·
1274 1022 1537 1087 ὡςαύτως
1579 1025 1634 1079 δὲ
1680 1025 1768 1077 καὶ
1814 1042 2006 1092 γυναι·

300 1115 441 1166 κῶν·
482 1112 670 1183 ψυχῆς
713 1112 770 1164 δὲ
817 1109 974 1174 τάξιν
1019 1109 1121 1164 οὐκ
1164 1115 1367 1164 ἐνεῖναι
1421 1104 1512 1165 διὰ
1568 1103 1631 1162 τὸ
1689 1107 2007 1177 ἀναγκαίως

301 1201 437 1267 ἔχειν
481 1192 657 1250 ἄλλον
699 1197 963 1266 ἑλομένην
1005 1197 1132 1265 βίον
1173 1191 1410 1247 ἀλλοίαν
1452 1195 1787 1262 γίγνεσθαι*
1823 1189 1894 1245 τὰ
1942 1188 1998 1246 δ’

297 1280 442 1335 ἄλλα
503 1278 770 1345 ἀλλήλοις
823 1300 881 1333 τε
936 1282 1028 1333 καὶ
1083 1275 1346 1342 πλούτοις
1390 1280 1482 1331 καὶ
1526 1281 1764 1340 πενίαις,
1825 1274 1897 1330 τὰ
1948 1277 2004 1330 δὲ

297 1363 512 1429 νόσοις,
563 1361 634 1417 τά
681 1366 738 1418 δὲ
777 1362 1009 1433 ὑγιείαις
1051 1366 1353 1434 μεμῖχθαι,
1407 1358 1478 1414 τὰ
1523 1363 1597 1414 δὲ
1660 1364 1753 1415 καὶ
1798 1363 2005 1431 μεσοῦν

298 1448 532 1506 τούτων.
593 1451 744 1502 ἔνθα
806 1448 903 1514 δή,
962 1447 1035 1512 ὡς
1091 1451 1296 1508 ἔοικεν,
1355 1437 1394 1499 ὦ
1452 1448 1573 1518 φίλε
1616 1442 1914 1509 Γλαύκων,
1973 1443 2002 1500 ὁ

298 1537 411 1598 πιῖς
453 1535 709 1596 κίνδυνος
752 1530 1066 1603 ἀνθρώπῳ,
1115 1534 1206 1586 καὶ
1252 1529 1344 1585 διὰ
1393 1531 1573 1584 ταῦτα
1601 1528 1845 1600 μάλιστα
1890 1535 2006 1584 ἐπι-

390 1671 466 1740 Ρ.
501 1697 599 1742 618.
666 1698 717 1740 Β.
782 1699 871 1739 καὶ
911 1693 1197 1748 ἀδοκίμων
1238 1693 1387 1736 κατὰ
1395 1693 1458 1748 t]
1499 1693 1563 1736 V.
1585 1688 1848 1744 ευδοκίμων,
1884 1693 2003 1746 quod

298 1770 352 1798 ex
397 1760 491 1805 Par.
547 1756 674 1797 vind.
729 1762 864 1828 Apg.
882 1757 984 1798 Vnt.
1022 1769 1080 1797 m.
1123 1755 1242 1796 Flor.
1283 1767 1324 1795 a.
1367 1765 1404 1794 c.
1444 1766 1486 1797 x.
1525 1767 1565 1793 α.
1613 1763 1657 1806 γ.;
1709 1751 2002 1794 emendatum.

297 1815 451 1856 Astius
483 1817 669 1856 mavult:
706 1815 774 1855 καὶ
807 1808 869 1860 αὖ
895 1810 1127 1864 ἀδοκίμων
1182 1812 1379 1854 Ficinus:
1410 1811 1854 1865 ignobiliumque
1885 1823 2004 1853 rur-

297 1885 387 1913 sus
425 1873 667 1914 virorum
701 1874 844 1913 vitas
879 1873 1158 1914 similiter.

411 1930 623 1982 μεσοῦν
666 1928 904 1984 τουτων]
951 1931 1026 1971 Sic
1070 1929 1172 1971 Par.
1216 1929 1266 1969 A.
1304 1925 1442 1968 -Vind.
1489 1925 1586 1968 Vat.
1628 1938 1684 1967 m.
1723 1924 1842 1968 Flor.
1882 1938 1922 1967 a.
1964 1939 2002 1968 c.

294 1989 472 2044 Vulgat.
506 1986 640 2039 μέσον
671 1990 854 2031 mutavit
886 1989 1075 2031 Bekker.

296 2138 656 2173 numerus‹esset
693 2104 877 2179 eorum.
907 2130 980 2184 qui
1015 2133 1108 2170 tum
1197 2125 1386 2168 Philoct.
1442 2137 1484 2165 ν.
1525 2123 1597 2170 38.
1659 2123 1696 2165 F
1716 2137 1738 2165 r
1759 2124 1769 2164 i
1791 2129 1807 2164 t
1826 2136 1852 2165 z
1879 2137 1899 2164 s
1919 2137 1943 2166 c
1961 2122 2000 2166 h.

295 2189 544 2230 affuissent.

357 2245 436 2299 εἰς
476 2248 671 2286 πενίας
714 2259 767 2285 τε
808 2246 898 2286 καὶ
933 2242 1110 2299 tpvyds·

298 2302 384 2359 ——]
438 2304 604 2346 Eodem
658 2303 792 2344 modo
836 2303 990 2344 deinde
1030 2316 1109 2343 nu—

299 2375 422 2404 mero
456 2363 608 2432 plurali
644 2362 825 2402 πλοῦτοι
856 2362 924 2403 καὶ
956 2363 1109 2415 πενίᾳι,

296 2418 427 2461 νόσοι
469 2426 513 2462 et
561 2415 730 2473 ὑγιεῖαι.
785 2418 1021 2475 Euthyphr.
1066 2434 1107 2473 p.

298 2478 369 2522 12.
415 2480 472 2518 R:
522 2478 592 2518 καὶ
643 2474 811 2523 νόσους
850 2477 919 2519 καὶ
964 2479 1113 2518 πειιάε·

300 2536 370 2578 καὶ
404 2533 506 2578 ἄλλα
537 2532 671 2576 πολλὰ
703 2536 896 2577 τοιαῦτα.
960 2541 1111 2577 'rota-

300 2608 396 2648 gor.
431 2608 472 2648 p.
496 2594 598 2638 353.
634 2594 692 2637 D:
726 2592 895 2636 νόσους
926 2609 969 2635 τε
999 2597 1119 2634 ποιεῖ

299 2653 370 2696 καὶ
403 2655 567 2699 πενίας.
638 2651 704 2692 De
743 2652 809 2695 his
851 2652 1015 2694 dictum
1056 2650 1110 2699 ad

298 2711 468 2755 Criton.
502 2725 546 2765 p.
577 2710 649 2755 46.
685 2708 734 2752 C.

359 2796 443 2838 ἐπὶ
474 2796 668 2856 εἴδεσι]
712 2801 951 2850 propter
993 2807 1110 2837 eor-

298 2857 473 2910 poris
484 2857 745 2910 speciem.

358 2942 450 2984 καὶ
509 2940 603 2996 τὴν
647 2942 811 2997 ἄλλην
853 2937 1007 2991 ἰσχύν
1058 2951 1112 2978 τε

298 3001 391 3042 καὶ
430 2995 532 3056 ἀγ.]
582 3015 641 3042 ac
689 3005 990 3057 praeterea
1039 2996 1109 3036 vi-

245 3110 250 3114 ·
299 3060 440 3100 rium
474 3064 526 3100 et
556 3060 812 3102 certandi
836 3057 1108 3098 facultatem.

300 3117 440 3158 Usum
463 3130 560 3158 voc.
594 3114 724 3159 ἄλλος
754 3117 806 3158 ad
835 3115 959 3168 Apol.
982 3113 1109 3153 Socr.

301 3188 345 3227 p
382 3174 449 3218 78.
485 3175 623 3230 Gorg.
659 3190 701 3229 p.
735 3174 838 3219 473.
878 3173 927 3213 C.
947 3185 988 3223 p.
1007 3168 1111 3214 480·

302 3232 355 3272 D.
398 3238 442 3272 et
481 3244 610 3284 supra
651 3234 703 3275 L.
740 3233 812 3274 ΙΙΙ.
846 3244 888 3284 p.
921 3227 1022 3273 404.
1061 3227 1109 3267 B·

303 3288 565 3329 notavimus
631 3288 699 3333 Cf.
734 3287 1020 3332 Heindorf.
1054 3284 1110 3325 ad

304 3347 442 3398 Gorg.
476 3360 517 3399 p.
539 3347 609 3389 91.
631 3348 685 3388 ad
713 3346 925 3389 Phaedon.
950 3359 990 3398 p.
1010 3339 1110 3386 234.

305 3404 546 3445 Boeekh.
593 3406 635 3445 in
670 3406 776 3447 Min.
822 3410 865 3444 et
897 3402 1036 3456 Lnga.
1070 3414 1110 3453 p.

306 3461 404 3506 146.
460 3461 753 3506 Hermann.
801 3463 854 3503 ad
907 3457 1113 3514 Sophoci.

1196 2184 1379 2228 Quaest.
1410 2183 1622 2224 Luciann.
1656 2196 1697 2236 p.
1729 2181 1788 2226 54
1818 2195 1912 2235 sqq.

1257 2269 1309 2310 B.
1371 2265 1430 2309 τὰ
1480 2263 1524 2308 δ’
1564 2265 1696 2325 ἄλλα
1747 2263 2004 2321 α’λλήλοιε

1197 2342 1249 2368 τε
1282 2352 1337 2357 -
1368 2327 1659 2381 μεμῖχθαι]
1696 2332 1886 2369 cetera
1919 2325 2002 2368 au·

1197 2392 1302 2427 tem
1330 2390 1644 2439 temperata
1676 2382 1856 2442 fuispe
1888 2397 2003 2439 pat·

1197 2443 1296 2486 tim
1345 2449 1445 2486 tam
1499 2448 1674 2496 semet
1719 2443 1858 2495 ipsis
1901 2456 2005 2484 mu-

1198 2508 1290 2543 tuo
1365 2514 1518 2555 quam
1586 2501 1877 2554 opulentia
1951 2506 2005 2542 et

1198 2565 1555 2614 paupertate,
1614 2559 1811 2612 partim
1861 2570 2004 2600 mor-

1199 2618 1304 2669 bis,
1337 2618 1536 2687 partim
1571 2617 1836 2658 sanitate..
1883 2616 2001 2668 Nam

1199 2681 1303 2745 post
1335 2673 1382 2715 τὰ
1416 2671 1460 2714 δ’
1492 2671 1593 2715 ἄλλα
1617 2680 1796 2728 apparet
1827 2675 2002 2717 reticeri

1198 2730 1247 2773 τὰ
1279 2731 1367 2785 μέν,
1400 2734 1454 2774 de
1486 2746 1572 2786 quo
1605 2731 1809 2784 loquendi
1841 2745 2004 2786 genere

1197 2805 1238 2832 v.
1272 2791 1325 2834 ad
1363 2792 1596 2844 Protagor.
1620 2804 1662 2843 p.
1684 2788 1783 2834 330
1809 2791 1867 2832 A.
1902 2790 2000 2831 coli.

1195 2848 1266 2898 De
1303 2849 1417 2902 Rep.
1469 2849 1516 2889 V.
1558 2863 1600 2903 p.
1643 2848 1744 2892 451.
1786 2849 1841 2890 Ε.
1911 2844 2002 2888 Sed

1196 2909 1318 2949 locus
1351 2905 1583 2949 manifesto
1623 2908 1759 2948 iabem
1794 2903 2000 2957 suscepit.

1194 2979 1302 3021 Nam
1346 2978 1482 3020 istud:
1524 2967 1790 3033 ἀλλήλοις
1834 2988 1891 3020 τε
1933 2978 2001 3017 καὶ

1196 3047 1401 3091 πλούτοις
1435 3064 1473 3090 κ.
1509 3065 1540 3090 τ.
1563 3049 1597 3088 λ.
1630 3049 1775 3097 utique
1806 3047 1996 3101 ineptum

1197 3115 1266 3150 est
1304 3114 1348 3150 et
1388 3108 1636 3148 absurdum.
1697 3105 1853 3156 Itaque
1883 3106 1999 3147 haud

1197 3168 1379 3216 scimus,
1443 3177 1495 3205 nn
1557 3175 1704 3203 verum
1764 3164 2001 3215 perviderit

1200 3225 1505 3266 Dobraeus
1536 3220 1787 3262 Adversarr.
1828 3222 1928 3262 Vol.
1967 3223 2001 3263 1

1200 3297 1240 3336 p.
1285 3282 1322 3322 Ι.
1364 3294 1405 3334 p.
1446 3278 1546 3322 157.
1587 3292 1664 3331 pro
1704 3273 1900 3331 ἀλλήλοις
1930 3292 1999 3320 re.-

1198 3340 1375 3394 quirent
1421 3334 1576 3378 ἄλλοις.
1650 3336 1862 3378 Nimirum
1911 3339 1999 3377 isto

1199 3401 1344 3450 pacto
1369 3392 1511 3436 ἄλλοις
1543 3408 1585 3434 τε
1614 3395 1898 3448 praemissum
1933 3400 2001 3435 est

1199 3453 1378 3509 perinde
1421 3466 1473 3495 ac
1508 3453 1542 3493 si
1586 3451 1740 3494 deiude
1789 3453 1998 3505 scriptum
