2124 3744
207 446 253 495 1ss

309 214 410 264 :38ss
935 210 1416 264 PLATONIS

305 364 461 413 ἔοικε.
512 358 738 426 Χαρίεις
780 353 854 408 ἂν
901 356 984 422 εἴη
1028 355 1058 410 ὁ
1107 364 1165 411 ὲν
1209 360 1274 433 τῆ
1310 353 1524 423 ποιήσει
1549 356 1843 426 μιμητικὸς
1867 357 2007 428 πρὸς

308 449 519 542 σοφίαν
563 444 685 511 περὶ
730 433 806 493 ὧν
850 436 924 494 ἂν
966 443 1116 517 ποιῇ.
1191 444 1270 496 Ov
1320 439 1483 494 πάνυ.
1565 441 1712 496 ”Λλλ
1780 436 1884 498 οὖν
1937 443 2004 509 δὴ

306 525 454 597 ὅμως
495 546 552 594 γε
595 525 909 593 μιμήσεται,
953 523 1054 579 οὐκ
1097 523 1252 588 ειδώς
1295 528 1418 595 nso).
1461 522 1712 590 ἑκάστου,
1759 525 1870 602 ὅπη
1905 548 2004 582 πο·

306 609 481 681 νηρὸν
529 606 565 675 ὴ
602 608 877 679 χρηστόν·
923 607 1064 674 ἀλλ,
1107 608 1181 673 ὡς
1225 614 1412 673 ἔοικεν,
1454 608 1576 664 οἷον
1605 615 1867 685 φαίνεται
1907 633 2005 665 κα-

306 695 406 750 λὸν
446 694 586 749 εἶναι
634 704 750 757 τοῖς
806 696 1039 756 πολλοῖς
1097 716 1154 749 τε
1211 697 1305 749 καὶ
1352 696 1523 763 μηδὲν
1580 695 1781 757 εἰδόσι,
1837 698 2005 750 τοῦτο

305 781 620 849 μιμήσεται.
675 778 749 832 Τι’
791 776 899 847 γὰρ
943 774 1119 846 ἅλλο,·
1173 781 1366 833 Ταῦτα
1409 782 1512 848 μὲν
1553 778 1640 845 δή,
1686 776 1760 841 ὥς
1794 801 1852 844 γε
1875 784 2008 853 ᾳαί-

307 885 476 927 νει-αι,
522 865 766 926 ἐπιεικῶς
810 860 943 928 ἡμῖν
986 863 1256 934 διωμολό)
1261 884 1414 929 ηται,
1472 861 1570 917 τόν
1611 885 1669 918 τε
1713 861 2010 933 μιμητικὸν

305 951 476 1019 μηδὲν
531 949 729 1003 ειδέναι
784 945 943 1012 ἄξιον
999 945 1171 1016 λόγου
1231 969 1354 1017 περι
1410 938 1487 999 ὧν
1548 957 1823 1018 μιμεῖται,
1885 947 2000 1001 ἀλλ’

425 1141 478 1181 ἐν
515 1142 571 1193 τῇ
611 1137 827 1192 ποιήσει
871 1137 1184 1194 μιμητικός]
1247 1140 1320 1180 Sic
1353 1141 1451 1181 Par.
1489 1143 1542 1181 A.
1589 1141 1692 1182 Ven.
1733 1142 1840 1185 ΞΙΙ.
1878 1141 2004 1181 Vind.

309 1202 426 1253 Ang.
462 1202 560 1240 Vnt.
595 1214 647 1241 m.
680 1198 797 1238 Flor.
831 1211 870 1238 a.
902 1211 1001 1239 c.x.
1023 1212 1062 1238 α.
1086 1213 1126 1252 y.
1168 1204 1213 1239 et
1251 1198 1355 1240 edil.
1397 1199 1502 1239 Bas.

1543 1199 1585 1241 2.
1627 1198 1828 1240 Ficinns:
1868 1206 1922 1240 et
1959 1201 2006 1240 in

310 1259 606 1299 effictione
636 1258 909 1298 imitator.
948 1256 1087 1309 Vulgo
1121 1257 1279 1310 legitur
1311 1255 1356 1296 ἐν
1390 1257 1438 1309 τῆ
1467 1254 1643 1310 μιμήσειν
1664 1255 1898 1310 μιμητικός.

364 1401 415 1443 P.
453 1402 552 1445 602.
588 1400 821 1454 Xaplezs*
851 1416 911 1441 αν
942 1402 1025 1454 εἴη
1059 1424 1114 1431 —·

308 1461 431 1513 περὶ
463 1453 532 1499 ὧι
570 1456 630 1499 ἂν
662 1460 818 1512 ποιῇ]
881 1459 1011 1502 Quod
1043 1472 1112 1499 re-

308 1519 529 1560 stituimus
564 1513 588 1557 ὁ
617 1519 662 1557 ἐν
698 1518 748 1569 τῇ
778 1515 948 1586 ποιήσει
979 1531 1034 1566 μ.,
1070 1515 1110 1555 id

307 1577 375 1617 vel
408 1576 652 1629 proximum
695 1576 791 1629 περὶ
832 1567 893 1615 ὧν
925 1590 978 1615 αν
1011 1574 1113 1627 ποιῇ

306 1635 504 1687 flagitare
550 1633 731 1674 videtur
796 1634 914 1674 Cave
967 1639 1112 1674 tamen

307 1704 430 1733 unam
447 1692 598 1744 poesin
617 1691 844 1745 intelligas.
866 1691 999 1733 Nam
988 1692 1111 1743 ποίη-

308 1760 374 1789 (ns
416 1762 607 1802 qnoque,
655 1755 703 1790 ut
741 1756 869 1791 antea
911 1760 1108 1802 ποιητης,

307 1808 458 1848 latiore
489 1820 619 1848 sensu
654 1808 829 1848 dictum.
867 1807 1109 1848 Fucinus:

306 1864 354 1905 in
390 1865 689 1906 effictione
714 1865 1107 1917 imitatorqno·

306 1922 368 1963 ad
407 1924 744 1976 sapientiam
773 1922 951 1973 inhia,
973 1936 1107 1976 quae

304 1981 406 2021 faci
423 1986 451 2021 t.
487 1980 693 2022 Ceterum
714 1982 825 2022 hanc
844 1983 1104 2022 sententiam

303 2051 398 2079 cum
444 2038 714 2079 simulatione
757 2046 801 2081 et
845 2040 1042 2080 irrisione
1084 2052 1106 2078 a

303 2096 485 2136 Socrate
507 2097 788 2149 pronuntiari,
809 2095 877 2138 vix
905 2103 972 2137 est
992 2095 1109 2149 quod

303 2166 567 2195 moneamus.
628 2154 886 2207 Asyndeton
922 2167 1025 2195 vero
1057 2166 1110 2195 ne

304 2223 430 2263 quem
466 2213 578 2252 male
609 2210 781 2264 habeat,
815 2211 965 2253 eadem
986 2224 1108 2263 pror·

302 2282 377 2308 sus
409 2270 520 2309 ratio
555 2275 621 2310 est
641 2269 896 2322 Theaet.·p.
927 2270 1025 2313 183.
1050 2271 1106 2309 A.

301 2327 374 2366 ubi
415 2327 623 2367 Socrates
660 2328 990 2396 responsionem
1037 2341 1108 2368 or-

302 2383 416 2424 ditur
447 2384 530 2439 sic·
571 2380 718 2425 Καλὸν
761 2380 816 2426 ἂν
859 2381 956 2438 ἡμῖν
1006 2398 1108 2435 συμ-

301 2441 448 2493 βαίνοι
487 2439 534 2482 τὸ
564 2439 871 2495 ἐπανόρθωμα.
920 2443 1024 2484 lbid.
1067 2456 1108 2495 p.

302 2499 400 2543 181.
447 2498 504 2540 B:
544 2498 767 2541 Σκεπτέον
813 2497 864 2541 ἂν
901 2502 987 2554 εἴη,
1037 2501 1110 2542 ubi

302 2571 406 2599 cave
439 2551 521 2606 οὖν
551 2559 735 2600 inseras
772 2558 1028 2613 Euthydem.
1068 2572 1108 2611 p.

302 2615 400 2683 273.
437 2615 486 2656 D.
523 2616 920 2671 Alcib.1.p..104
941 2617 998 2659 Ε.
1023 2615 1096 2658 Λε-

304 2672 427 2714 κτέον
445 2688 497 2714 αν
510 2674 589 2727 εἴη.
625 2673 715 2716 Nec
737 2677 921 2716 multum
943 2675 1107 2716 discre-

303 2740 409 2785 pant
440 2732 534 2783 illa,
564 2734 618 2772 de
649 2734 803 2782 quibus
836 2732 1022 2774 diximus
1051 2730 1108 2774 ad

304 2790 396 2854 libr.
432 2789 485 2829 V.
524 2804 563 2843 p.
597 2788 697 2834 463.
730 2791 788 2830 A.
843 2824 846 2827 .

364 2876 412 2916 B.
453 2873 584 2916 totis·
623 2890 676 2917 τε
722 2876 814 2929 τῆς·
853 2876 1109 2929 τραγικῆς

305 2957 360 2964 -—
392 2932 446 2973 ἐν
485 2934 661 2986 ἔπεσι]
704 2934 810 2975 Nam
855 2937 977 2975 etiam
1014 2934 1106 2974 Ho-

306 3004 472 3032 merum
521 2993 558 3032 in
605 2996 869 3045 tragicorum
927 3003 1106 3032 numero

304 3049 446 3089 habet.
479 3064 518 3091 v.
552 3049 605 3090 ad
639 3064 679 3102 p.
712 3049 812 3092 595.
847 3050 897 3090 C.

365 3135 472 3188 Cap.
517 3122 562 3176 V.
625 3135 676 3176 C.

307 3206 396 3231 τον
432 3192 642 3246 μέντοι]
695 3192 961 3234 particulam
1010 3191 1108 3241 μέν-

306 3263 370 3289 τοι
399 3250 442 3290 ἰιι
473 3251 814 3302 interrogatione
853 3251 994 3291 aiente
1026 3263 1106 3303 po·

303 3307 431 3348 sitam
463 3313 531 3348 sat
565 3309 708 3349 multis
740 3307 948 3360 exemplis
966 3307 1107 3359 firme·

304 3365 442 3405 vimus
474 3364 528 3405 ad
559 3365 650 3405 libr.
685 3366 721 3405 Ι.
762 3380 804 3418 p.
837 3366 936 3409 339.
979 3365 1030 3406 Β.
1068 3378 1105 3406 c.

304 3420 420 3463 Xlll.
472 3422 526 3462 in.

304 3481 416 3522 haec
446 3484 531 3521 est:

743 3149 803 3175 ov
849 3135 964 3188 περὶ
1006 3149 1105 3188 τρι-

597 3421 819 3463 Sententia
878 3422 1105 3464 verborum

571 3477 755 3521 Nonne
797 3479 916 3529 hoc,
956 3478 1100 3531 quod

1196 1399 1417 1442 imitari
1476 1402 1850 1455 appellamus,
1907 1403 2004 1443 cir·

1200 1472 1260 1498 ca
1292 1471 1379 1499 res
1419 1460 1600 1499 tertio
1636 1459 1809 1511 gradu
1854 1472 1878 1499 ιι
1923 1473 2005 1500 ve-

1199 1516 1362 1557 ritate
1394 1516 1678 1557 distantes
1718 1518 2006 1559 versatur?

1198 1573 1352 1626 Neque
1395 1573 1510 1614 enim
1547 1574 1702 1614 Astio
1743 1577 2007 1616 assentimur

1199 1633 1300 1684 περί
1326 1631 1575 1681 circiter,
1604 1630 1751 1683 fere,
1791 1635 2005 1686 interpre-

1198 1691 1320 1731 tanti.
1383 1682 1549 1730 Εἶναι
1583 1692 1777 1742 περίτι
1809 1691 1864 1731 de
1895 1692 2005 1732 arti-

1198 1749 1277 1788 bus
1309 1752 1354 1788 et
1389 1746 1543 1788 studiis
1584 1747 1744 1789 dictum
1792 1749 1829 1788 in
1861 1749 2005 1801 aliquo

1196 1817 1340 1847 rernm
1374 1818 1538 1857 genere
1569 1806 1840 1847 versantibus
1872 1811 1916 1847 et
1950 1807 2003 1846 ad

1195 1863 1299 1905 illud
1334 1863 1678 1915 pertinentibns;
1713 1863 1766 1904 de
1800 1876 1884 1916 qno
1925 1877 2004 1916 ge-

1196 1934 1298 1962 nere
1351 1920 1559 1973 loquendi
1613 1921 1725 1962 conf.
1772 1920 1843 1962 Do
1860 1921 2001 1962 rvill.

1193 1979 1247 2021 ad
1282 1977 1445 2018 Charit.
1478 1991 1521 2030 p.
1546 1976 1643 2020 142.
1681 1977 2001 2020 Boissonad.

1194 2035 1246 2077 ad
1283 2035 1382 2077 Phil.
1418 2035 1594 2078 Heroic.
1630 2047 1671 2087 p.
1700 2034 1799 2078 342.
1833 2042 1876 2078 et
1903 2048 2002 2076 ann.

1197 2092 1251 2135 ad
1284 2092 1468 2134 leedr.
1512 2107 1551 2147 p.
1585 2093 1684 2136 261.
1728 2094 1784 2134 Α.
1847 2094 1912 2135 De
1958 2106 2005 2135 re

1197 2153 1291 2205 ipsa
1327 2150 1498 2204 respice
1531 2164 1570 2204 p.
1606 2152 1704 2195 597.
1738 2151 1792 2191 Ε.

1258 2205 1402 2262 Πρὸς
1462 2206 1515 2247 δὲ
1575 2205 1632 2262 δὴ
1698 2206 1866 2248 ποῖόν
1926 2209 2048 2257 τι1’

1200 2263 2002 2319 Morge21stern.sym=›01.erm.

1197 2338 1235 2375 p.
1268 2325 1315 2365 V.
1351 2324 1478 2364 scribi
1507 2323 1705 2365 iubebat.
1739 2320 2000 2377 ἀνθρώπου,

1196 2383 1299 2434 ἔχον
1331 2378 1407 2432 τήν
1437 2376 1631 2431 δύναμιν.
1684 2381 1810 2431 Quod
1852 2387 2002 2422 contra

1198 2440 1419 2481 verissime
1471 2440 1638 2481 monuit
1675 2440 1872 2481 Astius
1927 2451 2003 2480 co-

1195 2499 1378 2539 haerere
1411 2498 1544 2537 verba
1579 2498 1660 2538 sic.
1701 2495 1886 2538 ἐστιν-
1906 2498 2005 2548 ἕχον

1195 2555 1323 2609 (ἔχει)
1365 2552 1441 2608 τὴν
1473 2550 1666 2605 δύναμιν.
1730 2555 2004 2596 creberrime

1196 2615 1308 2656 enim
1342 2613 1469 2654 Plato
1500 2611 1739 2654 istomodo
1765 2613 1871 2665 ἔχων
1892 2610 2004 2652 ἐστίν

1194 2672 1346 2720 iunxit,
1378 2670 1509 2711 veluti
1543 2669 1759 2712 Phaedon.
1794 2685 1834 2725 p.
1858 2671 1927 2714 69.
1949 2669 1998 2710 Β.

1194 2729 1366 2771 Politic.
1401 2741 1442 2782 p.
1474 2727 1574 2771 306.
1613 2728 1660 2769 B.
1677 2729 1725 2769 C.
1763 2741 1802 2781 p.
1825 2728 1924 2773 297.
1951 2726 2000 2768 E.

1197 2786 1356 2828 Phileb.
1384 2799 1426 2840 p.
1440 2783 1509 2829 48.
1523 2786 1575 2826 E.
1590 2785 1728 2839 Legg.
1746 2785 1818 2828 lX.
1842 2799 1882 2838 p.
1898 2783 1998 2830 860.

1194 2846 1246 2886 E.
1281 2843 1376 2885 aliis
1410 2844 1764 2896 locisplnrimis.
1825 2843 2002 2885 Orditur

1192 2915 1297 2944 vero
1340 2899 1490 2941 dehinc
1538 2899 1816 2954 philosophus
1864 2912 2000 2941 novae

1192 2961 1252 3002 rei
1313 2959 1748 2999 demonstrationem.
1815 2960 2000 2998 Postea-

1191 3030 1317 3086 quam
1354 3017 1464 3057 enim
1505 3015 1677 3066 docuit,
1717 3014 2000 3056 imitationem

1192 3075 1339 3129 poesis
1377 3073 1506 3114 tertio
1535 3070 1671 3126 gradu
1709 3072 1763 3113 ab
1803 3074 1897 3127 ipsa
1928 3085 1999 3114 re-

1192 3146 1287 3174 rum
1324 3130 1505 3172 veritate
1541 3130 1733 3177 distare,
1782 3129 1997 3172 homines-

1189 3203 1273 3243 que
1304 3188 1342 3230 ei
1378 3186 1546 3229 deditos
1584 3186 1764 3228 scientia
1806 3193 1849 3229 et
1880 3192 1999 3229 rectu

1190 3247 1408 3303 opinione
1419 3243 1588 3298 penitus
1609 3257 1771 3295 carere,
1800 3245 1844 3286 id
1879 3245 1996 3297 quod

1191 3307 1256 3348 vel
1289 3303 1500 3355 imprimis
1532 3303 1619 3341 ιιιΙῐ
1651 3302 1705 3342 de
1730 3304 1853 3355 poesi
1873 3303 1997 3356 epica

1191 3369 1236 3405 et
1267 3359 1509 3402 dramatica
1548 3360 1607 3399 ita
1651 3359 1827 3401 iudicari
1862 3371 1996 3413 opor-

1188 3425 1306 3471 tcre3
1326 3428 1448 3458 nnuc
1469 3416 1765 3459 demonstrare
1796 3418 1995 3467 institnit,

1190 3478 1341 3533 poesin
1404 3474 1529 3517 istam
1587 3472 1810 3529 μιμητικήν
1865 3474 1992 3517 etiam
