2098 3658
292 179 395 230 256
917 175 960 228 P
975 174 1391 231 LATONIS

294 324 428 377 πᾶσι
473 320 695 384 τούτοις
740 319 1062 392 πράττοντά
1091 345 1148 378 τε
1175 324 1363 379 καὶτὰ
1407 323 1801 395 ἀποβαίνοντα
1849 326 1986 395 ἀγα-

293 408 504 460 πῶντα.
570 404 779 469 ταύτας
824 402 939 470 δύο,
983 409 1187 476 βίαιον,
1233 407 1506 474 ἑκούσιον,
1550 410 1987 480 δυστυχούντων,

291 488 700 560 εὐτυχούντων,
745 489 1079 564 σωφρόνων,
1127 491 1395 563 ἀνδρείων
1439 493 1740 564 ἁρμονίας,
1786 500 1992 560 αἵτινες

287 572 587 647 φθόγγους
628 572 965 645 μιμήσονται
1009 575 1306 640 κάλλιστα,
1350 577 1560 642 ταύτας
1603 582 1768 633 λεῖπε.
1824 577 1988 646 Ἀλλ’,

289 651 322 723 ἦ
366 657 408 712 ὅ
457 656 539 722 ὅς,
582 657 680 712 οὐκ
725 658 900 722 ἄλλας
942 665 1112 724 αἰτεῖς
1156 666 1357 716 λείπειν
1414 658 1446 727 ἢ
1503 660 1571 726 ἃς
1625 665 1728 717 νῦν
1771 661 1836 729 δὴ
1887 663 1986 731 ἐγώ

289 747 491 812 ἔλεγον.
546 742 655 797 Οὐκ
701 741 832 814 ἄρα,
877 735 948 809 ἦν
993 743 1031 798 δ’
1067 743 1185 812 ἐγώ,
1232 749 1600 817 πολυχορδίας
1633 769 1690 814 γε
1719 745 1848 802 οὐδὲ
1883 770 1989 802 πα-

409 903 466 946 τὰ
497 900 887 959 ἀποβαίνοντα
917 902 1015 961 οἶγ.]
1050 905 1098 948 τὰ
1129 923 1213 952 om.
1249 913 1341 951 l'ar.
1373 912 1430 950 A.
1464 910 1617 953 Ambr.
1651 912 1749 951 vat.
1781 923 1838 952 m.

408 962 606 1004 ταύτας
637 963 758 1014 δυό,
803 965 1015 1017 βίαιον,
1057 964 1327 1008 ἑκούσιον
1359 968 1442 1022 -]
1491 974 1583 1009 Ast.
1619 969 1794 1020 scripsit
1825 970 1988 1021 βιαίου,

291 1021 515 1073 ἑκουσίου,
545 1023 686 1064 invitis
718 1023 966 1073 codicibus,·
997 1037 1034 1066 v,
1067 1033 1213 1068 armot.
1278 1028 1435 1067 Vocem
1470 1022 1690 1078 dpuozcflas
1723 1029 1855 1077 vulno
1888 1037 1990 1081 post

291 1076 448 1120 ταύτας
479 1076 560 1120 δύο
595 1081 926 1134 interpositam,
971 1083 1235 1124 auctoritate
1272 1084 1396 1124 codd
1438 1087 1531 1124 Par
1575 1084 1732 1124 ADK.
1777 1085 1886 1128 Ven-
1927 1087 1986 1126 ΙΙ.

295 1138 413 1181 Μυη.
446 1138 598 1180 Ambr.
631 1140 747 1192 Ang
781 1140 882 1182 Vat.
917 1153 970 1180 m
1007 1139 1119 1181 [⁴101-
1155 1154 1194 1180 a.
1228 1154 1265 1181 c.
1293 1155 1336 1184 x.
1372 1138 1423 1182 α’.
1460 1139 1518 1193 β’.
1555 1138 1606 1194 γ’.
1645 1146 1746 1194 post
1777 1137 1988 1211 αἰδρριων

294 1196 520 1237 collocavi.
553 1195 660 1236 Cum
695 1199 898 1238 cancellis
930 1198 1150 1238 revocavit
1173 1198 1326 1240 Herm.
1361 1201 1460 1240 olim
1493 1214 1514 1240 a
1540 1201 1663 1239 nobis
1697 1200 1739 1239 in
1771 1203 1986 1254 suspicio-

297 1266 393 1295 nem
428 1258 640 1295 vocatam.

409 1308 467 1351 ἃς
502 1312 602 1352 νῦν
633 1309 696 1364 δὴ
728 1309 828 1365 ἐγώ
862 1311 1081 1366 ἔλεγον]
1147 1313 1219 1352 Sic
1252 1316 1345 1353 Par.
1378 1314 1435 1354 A.
1473 1313 1620 1353 Ambr.
1653 1304 1767 1366 Aug
1805 1314 1897 1357 Vnt.
1932 1329 1988 1356 m.

292 1368 410 1412 Flor.
441 1382 480 1412 a.
511 1383 548 1410 c.
580 1382 621 1411 x.
654 1367 706 1410 α’.
740 1368 794 1423 γ’.
819 1383 910 1424 =pro
951 1372 1063 1423 vulg.
1109 1365 1161 1409 ἃς
1203 1366 1256 1424 δὴ
1299 1371 1381 1410 νῦν
1426 1370 1519 1411 Vat.
1568 1368 1616 1414 Θ.

288 1497 342 1525 ne
365 1483 521 1536 ipsum,
540 1483 612 1536 qui
632 1483 791 1524 doceat
821 1488 865 1525 et
886 1485 964 1525 alia
988 1497 1090 1524 sua-

287 1542 411 1592 deat,
445 1554 502 1582 an
537 1541 652 1582 illum
686 1543 891 1595 alterum,
923 1542 993 1594 qui
1023 1547 1093 1582 at-

285 1598 436 1641 tendat
468 1598 638 1640 docenti
674 1606 717 1640 et
760 1601 844 1640 alia
877 1599 1090 1641 suadenti.

285 1658 529 1699 Praeterea
577 1669 681 1698 vero
739 1657 868 1699 etiam
918 1665 1093 1698 senten-

287 1716 345 1756 tia
378 1728 528 1767 parum
559 1716 759 1756 convenit
794 1716 1091 1768 sequentibus,

287 1774 412 1814 sicuti
464 1778 592 1814 acute
643 1772 829 1827 pervidit
873 1773 1093 1815 Schnei-

286 1830 477 1882 derus,
530 1831 599 1883 qui
650 1835 769 1872 recte
816 1833 875 1873 ita
925 1831 1092 1872 scribit:

283 1901 415 1941 „nam
451 1890 678 1930 docentem
714 1893 758 1932 et
787 1891 966 1932 meliora
990 1901 1093 1930 sua-

285 1948 459 1988 dentem
481 1948 678 1997 quamvis
709 1951 876 1990 attente
900 1946 1094 1997 audiens,

285 2005 362 2045 uisi
402 2006 595 2058 paruerit
638 2017 774 2058 seque
817 2006 855 2045 ei
908 2004 1092 2054 dederit,

285 2075 369 2103 non
409 2062 646 2113 obtinebit,
696 2070 742 2103 ut
780 2076 852 2104 res
894 2076 947 2103 ex
987 2066 1092 2103 voto

287 2119 541 2173 procedant.
571 2143 630 2150 ——-
675 2117 731 2160 τὰ
771 2115 933 2173 α’ποβ.
967 2114 1091 2173 ἁγα-

286 2178 489 2228 nanta,
536 2178 722 2228 iniis,
777 2191 913 2231 quae
960 2191 1085 2220 eve-

285 2238 464 2287 niunt,
522 2237 992 2288 acquiescentem3
1052 2248 1090 2278 ν.

285 2294 340 2335 ad
373 2294 466 2333 libr.
495 2293 533 2334 I.
568 2307 609 2347 p.
631 2293 731 2337 330.
757 2294 811 2334 Β.
829 2293 1091 2347 Eutliydem.

285 2366 327 2405 p.
359 2350 458 2394 306.
494 2351 545 2391 C.

342 2409 394 2450 C.
458 2406 652 2450 ταύτας
698 2405 825 2456 δύο,
880 2408 1091 2460 βίαιον,

285 2463 584 2521 ἑκούσιον]
626 2467 905 2508 Harmoniam
941 2466 1092 2518 βίαιον

290 2530 429 2573 vocat,
445 2538 558 2577 quae
577 2523 622 2565 ἐν
640 2524 769 2579 βιαίῳ
795 2522 974 2593 ἐργασία
990 2538 1090 2578 πρε-

287 2581 459 2624 πόντως
497 2578 553 2623 ἂν
582 2580 807 2636 μιμήσαιτο
852 2567 1093 2636 φθογγουε·

287 2655 329 2682 τε
361 2652 430 2682 και
462 2639 706 2710 προεῳδιας
743 2641 826 2682 κτλ.
867 2641 1091 2682 similiter-

287 2713 370 2749 qne
402 2683 621 2750 ἑκούσιον,
654 2712 764 2751 qnae
797 2700 931 2739 virum
965 2698 1093 2740 decet

287 2756 333 2798 ἐν
363 2756 548 2811 ἑκουσιῳ
582 2754 733 2810 πράξει
764 2761 1023 2798 versantem.
1049 2770 1090 2797 v.

286 2815 427 2869 Legg.
459 2816 566 2859 VII.
598 2815 696 2859 814.
734 2815 782 2859 Ε.
828 2815 977 2867 ltaque
1009 2827 1092 2855 non

290 2878 358 2913 est
402 2873 520 2925 quod
567 2886 665 2915 cum
722 2873 882 2914 Astio
930 2872 1094 2924 βιαιόυ,

288 2930 494 2971 ἑκουσίου
524 2933 806 2984 corrigamus.
855 2929 963 2971 Nam
995 2944 1093 2971 sae-

290 3001 527 3039 penumero
570 3001 848 3042 personarum
905 2988 1095 3041 epitheta

288 3044 342 3084 ad
374 3058 444 3087 res
460 3059 557 3087 cum
583 3046 664 3087 illis
683 3047 932 3087 coniunctas
952 3052 1093 3088 trans-

287 3102 494 3144 feruntur.
561 3104 767 3146 Ceterum
797 3103 912 3157 quod
943 3105 985 3145 in
1017 3103 1092 3144 ali-

287 3165 397 3211 quot
428 3162 545 3201 libris
585 3167 652 3203 est
689 3161 835 3213 βίαιον
866 3161 934 3201 καὶ
964 3157 1089 3202 ἑκού-

289 3229 402 3264 σιον,
436 3218 477 3258 id
511 3218 694 3261 debetur
735 3221 813 3271 iis,
853 3219 924 3272 qui
957 3231 1090 3272 copu-

286 3275 355 3316 lae
395 3276 672 3317 omissionem
714 3278 754 3317 in
795 3277 875 3318 hac
915 3278 1090 3330 opposi-

286 3337 427 3373 torum
472 3334 795 3375 enumeratione
838 3335 893 3375 ab
933 3335 1090 3376 utrius-

287 3402 370 3440 que
390 3390 558 3443 linguae
577 3392 862 3443 scriptoribus
890 3391 1089 3445 frequen-

287 3447 368 3488 tari
397 3460 480 3489 nou
514 3448 826 3491 meminissent.
869 3450 933 3491 Dc
962 3462 1088 3502 asyn-

1662 1371 1764 1412 Ven.
1797 1371 1860 1415 11.
1894 1377 1987 1417 Par.

1178 1485 1280 1526 deto
1320 1485 1359 1526 in
1404 1484 1715 1527 contrariorum
1759 1497 1989 1529 enumera·

1177 1543 1298 1584 tione
1329 1543 1492 1582 usitato
1534 1555 1572 1582 v,
1607 1543 1785 1597 Protag.
1819 1560 1858 1599 p.
1887 1546 1988 1590 319.

1181 1602 1230 1640 Ι).
1264 1599 1400 1653 Legg.
1432 1599 1488 1641 X.
1519 1613 1562 1654 p.
1597 1600 1694 1645 897.
1725 1607 1774 1646 A.
1803 1603 1867 1654 8.,
1901 1617 1987 1657 quo

1178 1671 1264 1699 uno
1298 1659 1337 1698 in
1376 1660 1471 1698 loco
1504 1671 1657 1710 magna
1690 1665 1986 1712 exemplorum

1179 1717 1303 1768 copia
1348 1717 1547 1757 cernitur.
1592 1715 1766 1760 Cicer.
1810 1718 1988 1764 Tuscul.

1179 1775 1212 1818 1.
1244 1773 1313 1816 26.
1348 1773 1492 1825 ibique
1523 1774 1658 1827 intpp.

1238 1831 1288 1875 C.
1329 1828 1623 1883 Τριγώνων
1654 1829 1751 1884 ἄρα
1783 1833 1868 1873 καὶ
1901 1848 1987 1887 πη-

1180 1887 1383 1930 κτίδων
1414 1889 1501 1941 -]
1555 1889 1712 1932 Reiicit
1744 1892 1889 1932 omnia
1922 1892 1989 1932 in-

1178 1951 1417 1988 strumenta
1462 1947 1644 1995 musica,
1694 1960 1806 2000 quae
1855 1962 1988 2002 quum

1179 2006 1341 2046 multas
1372 2002 1561 2044 habeant
1594 2004 1777 2046 chordas
1816 2011 1861 2047 et
1890 2006 1988 2048 har·

1179 2062 1420 2104 moniarum
1473 2063 1679 2103 varietate
1726 2075 1854 2104 aures
1907 2065 1989 2106 de·-

1178 2121 1425 2169 mulceant‚
1464 2121 1648 2160 animum
1683 2125 1825 2162 tamen
1855 2121 1987 2163 nihilo

1178 2177 1401 2219 meliorem
1447 2176 1654 2229 reddant,
1707 2178 1785 2220 sed
1843 2180 1987 2231 potius

1179 2236 1430 2277 effeminent
1475 2235 1706 2288 multisque
1757 2236 1989 2278 aflectibus

1178 2298 1223 2334 et
1259 2292 1561 2345 cupiditatibus
1604 2294 1809 2345 repleant.
1885 2295 1988 2337 Huc

1178 2351 1362 2392 maxime
1385 2350 1520 2392 refert
1542 2350 1672 2391 tibiae
1693 2364 1834 2402 usum,
1860 2365 1987 2404 quem

1178 2409 1308 2450 etiam
1340 2407 1616 2478 Pytliagqras
1644 2410 1869 2452 reiecerat.
1903 2409 1987 2450 Hic

1179 2468 1294 2507 enim
1338 2462 1444 2505 τούς
1483 2462 1650 2507 avinius
1689 2462 1987 2519 ὑπελάμβανεν

1178 2520 1435 2594 ὑβριστικόν
1476 2538 1518 2563 τε
1566 2524 1635 2564 καὶ
1687 2522 1986 2594 πανηγυρικὸν

1178 2582 1245 2622 καὶ
1280 2576 1480 2631 ουδαμῶε
1501 2579 1754 2634 ἐλευθέριον
1779 2580 1855 2624 τὸν
1880 2575 1985 2636 ἦχον

1176 2640 1296 2692 ἔχειν,
1330 2645 1375 2680 ut
1407 2645 1550 2680 narrat
1582 2641 1862 2684 lamblich.
1898 2642 1979 2682 Vit.

1177 2697 1304 2750 Pyth.
1336 2711 1370 2740 c.
1391 2697 1460 2740 25.
1481 2711 1521 2750 p.
1546 2697 1615 2741 93.
1649 2698 1851 2752 adeoque
1868 2703 1983 2741 teste

1174 2755 1412 2796 Aristid.
1435 2755 1649 2798 Quinct.
1676 2755 1738 2797 de
1774 2757 1901 2797 Mus.
1929 2757 1980 2800 ll.

1179 2827 1221 2866 p.
1245 2813 1355 2857 110.
1389 2812 1608 2864 discipulis
1640 2813 1852 2854 suadebat
1891 2815 1981 2854 suis

1178 2866 1318 2912 avio&
1345 2869 1421 2920 μὲν
1452 2868 1731 2920 αἰσθομένοις
1760 2866 1898 2940 α’κοῆν
1924 2867 1984 2912 ὥς

1179 2926 1383 2980 πνεύματι
1430 2927 1689 2977 μιανθεῖσαν
1748 2923 1982 2981 ἀποκλύζε-

1179 2986 1304 3038 σθαι,
1338 2982 1450 3038 πρὸς
1485 2982 1536 3024 δὲ
1579 2982 1626 3025 τὸ
1658 2982 1809 3038 λύριον
1839 2986 1979 3027 ἐνιαυ-

1179 3045 1291 3085 σίοις
1319 3043 1458 3094 μέλεσι
1493 3041 1568 3083 τὰς
1597 3044 1672 3095 τῆς
1701 3045 1844 3098 ψυχῆς
1879 3041 1978 3085 ἀλό-

1178 3114 1287 3156 γους
1317 3097 1448 3154 ὁρμάε
1482 3095 1878 3154 ἅποκαθαιρεσθαι.
1925 3103 1982 3144 Et

1177 3160 1342 3201 Platoni
1395 3159 1566 3211 quidem
1622 3173 1690 3199 ars
1742 3160 1978 3201 tibicinaria

1173 3217 1403 3259 videbatur
1434 3213 1510 3269 τὴν
1550 3213 1713 3270 ἡδονην
1753 3213 1872 3270 ἡμων
1901 3216 1978 3267 μό-

1175 3289 1255 3315 νον
1286 3271 1467 3321 διώκειν,
1499 3270 1597 3315 diuo
1630 3271 1665 3315 δ’
1687 3270 1819 3316 οὐδὲν
1837 3289 1974 3328 φρον·

1175 3334 1310 3384 τίζειν,
1341 3339 1389 3373 ut
1419 3338 1541 3385 patet
1573 3347 1595 3373 e
1614 3333 1781 3386 Gorgia
1815 3347 1856 3386 p.
1875 3333 1974 3376 501.

1173 3390 1240 3442 E„
1272 3390 1384 3432 unde
1415 3391 1666 3431 mirandum
1690 3404 1774 3431 non
1792 3397 1859 3432 est
1878 3403 1972 3431 eum

1174 3449 1292 3503 lyrae
1332 3461 1456 3489 usum
1501 3448 1555 3490 ab
1603 3448 1870 3493 institutione
1907 3450 1975 3490 iu·
2052 3451 2054 3455 '
