2098 3658
174 398 223 452 E
273 392 399 448 ἀλλ’

143 1165 242 1216 441.

279 82 380 132 376

274 225 554 292 ὑπηκόους
619 227 726 276 τῶν
787 223 1076 295 ἀρχόντων

279 311 482 373 Καλῶς
548 307 687 378 γάρ,
747 300 814 373 ἦν
871 308 924 362 δ’

876 77 1351 132 PLATONiS

1152 226 1327 295 ὥςπερ
1398 233 1669 294 ποιμένων
1743 226 1978 290 πόλεως]

990 300 1122 378 ἐγῶ,
1184 319 1327 372 νοεῖς
1385 307 1414 364 ὃ
1459 309 1735 380 βούλομαι
1779 314 1967 380 λέγειν.

465 400 509 448 εὶ
568 390 707 463 πρὸς
767 393 945 461 τούτῳ
991 397 1083 448 καὶ
1130 392 1254 448 τόδε
1298 397 1551 462 ἐνθυμεῖ.

1644 392 1720 449 Τὸ
1767 403 1939 450 ποῖον
1958 419 1975 459 ,-

262 476 381 534 Ὅτι
442 475 776 532 τούναντίον
837 473 870 544 ἢ
930 476 1133 548 ἀρτίως
1189 476 1319 547 ἡμῖν
1378 481 1640 551 φαίνεται
1695 481 1814 550 περὶ
1871 481 1975 532 τοῦ

281 563 638 632 θυμοειδοῦς.
683 557 805 614 τότε
835 564 934 630 μὲν
979 559 1086 631 γὰρ
1128 560 1541 628 ἐπιθυμητικόν
1584 584 1637 616 τι
1680 560 1820 617 αὐτὸ
1869 559 1977 632 ᾠό-

278 650 436 717 μεθα
493 645 662 712 εἶναι,
709 647 810 699 νῦν
856 648 911 700 δὲ
958 649 1165 701 πολλοῦ
1225 650 1338 700 δεῖν
1381 668 1598 721 φαμεν,
1643 644 1788 701 ἀλλὰ
1832 643 1976 701 πολὺ

275 734 492 800 μᾶλλον
552 727 690 783 αὐτὸ
757 735 814 783 ὲν
863 734 924 806 τῇ
971 733 1069 796 τῆς
1118 733 1299 804 ψυχῆς
1343 729 1533 785 στάσει
1579 734 1861 785 τίθεσθαι
1903 728 1973 785 τὰ

278 812 427 870 ὅπλα
473 811 614 886 πρὸς
659 816 760 869 τοῦ
805 818 1139 884 λογιστικοῦ.

1201 814 1600 878 Παντάπασιν,
1657 819 1780 888 ἔφη.
1853 808 1968 887 Ἆρ’

282 892 385 954 οὖν
448 905 635 970 ἕτερον
694 895 759 951 ὃν
823 902 914 953 καὶ
970 897 1204 962 τούτου,
1251 897 1280 966 ἢ
1342 902 1656 970 λογιστικοῦ
1720 922 1773 954 τι
1819 897 1975 964 εἶδος,

282 982 414 1048 ὥςτε
456 982 531 1055 μὴ
581 987 722 1052 τρία,
750 981 893 1037 ἀλλὰ
942 982 1042 1038 δύο
1087 983 1204 1050 εἴδη
1251 983 1391 1038 εἶναι
1429 991 1486 1038 ὲν
1533 988 1707 1061 ψυχῇ,
1738 988 1979 1050 λογιστι-

280 1067 380 1123 κὸν
406 1073 497 1123 καὶ
528 1071 666 1122 ems)
674 1069 970 1136 υιιητικόν·,
1012 1064 1045 1134 ἢ
1070 1066 1339 1139 καθαπερ
1369 1075 1426 1122 ὲν
1454 1071 1517 1145 τῆ
1553 1069 1709 1123 πόλει
1743 1069 1980 1138 ’ξυνεῖχεν

290 1150 469 1220 αὐτὴν
525 1156 652 1223 τρία
709 1147 847 1206 ὅντα
899 1158 1057 1221 γένη,
1098 1154 1566 1224 χρηματιστικόν,
1615 1151 1981 1224 ἐπικουρικόν,

282 1236 676 1307 βουλευτικόν,
725 1233 870 1292 οὕτω
933 1259 1024 1291 και
1079 1244 1137 1290 ὲν
1193 1240 1342 1313 ψυχῇ
1400 1242 1589 1314 τρίτον
1649 1237 1820 1292 τοῦτο’
1865 1244 1980 1292 ἐστι

283 1319 344 1377 τὸ
393 1323 702 1390 θυμοειδὲς,
747 1325 1040 1393 ἑπικουρον
1085 1318 1153 1375 ὃν
1195 1323 1271 1390 τῷ
1315 1324 1606 1390 λογιστικοῦ
1652 1319 1836 1397 φύσει,
1882 1319 1986 1395 ὲοιν

281 1403 357 1476 μὴ
415 1403 520 1460 ὑπὸ
590 1407 762 1470 κακῆς
826 1408 1040 1480 τροφῆς
1106 1407 1442 1481 διαφθαρῇς

282 1494 491 1563 τρίτον.

1514 1404 1754 1475 Ἀνάγκη
1771 1448 1786 1476 ,
1859 1410 1981 1479 ἔφη,

584 1491 712 1551 Ναί,
748 1481 814 1556 ἦν
860 1490 913 1544 δ’
970 1487 1089 1558 ἐγώ,
1116 1489 1189 1544 ἄν
1234 1512 1291 1559 γε
1342 1493 1438 1545 τοῦ
1484 1493 1797 1559 λογιστικοῦ
1840 1487 1979 1546 ἄλλο

400 1650 505 1694 ἀλλ’
540 1653 591 1696 εἰ
618 1653 756 1708 πρὸς
787 1653 967 1710 τούτῳ
1004 1656 1083 1708 —-]
1119 1655 1261 1700 Codd.
1294 1670 1447 1699 omnes
1479 1672 1577 1699 cum
1609 1663 1711 1700 vett.
1743 1660 1864 1700 editt.
1894 1655 1982 1701 ἀλλ’

283 1713 333 1759 εἰ,
365 1719 541 1765 praeter
573 1714 693 1758 Flor.
709 1727 752 1753 x.
743 1745 770 1766 .,
803 1716 879 1767 qui
908 1714 1042 1756 habet
1058 1709 1150 1755 ἀλλ’
1187 1709 1283 1756 οὖν.
1327 1717 1483 1759 Astius
1501 1710 1584 1757 ἀλλ’
1611 1709 1650 1770 ἦ,
1682 1730 1803 1759 num
1835 1731 1983 1770 vero,

287 1773 496 1813 Correxit.
542 1779 544 1782 ’

397 1858 451 1902 Ε.
515 1857 571 1900 τὰ
611 1856 744 1900 ὅπλα
790 1857 932 1914 πρὸς
979 1860 1074 1900 τοῦ
1107 1857 1493 1928 λογιστικοῦ]
1518 1860 1622 1901 Par.
1648 1861 1759 1903 A.K
1795 1862 1894 1902 Vat.
1931 1860 1980 1902 Θ.

289 1917 1054 1961 m.r.Ven.11.Vin‹1.‹1⁵.F10r.
1087 1931 1126 1960 a.
1159 1933 1195 1962 c.
1227 1930 1270 1958 x,
1303 1931 1344 1957 α.
1377 1932 1415 1970 γ.
1451 1913 1497 1957 τὸ
1530 1916 1785 1971 λογιστικόν.
1846 1920 1980 1960 Male.

289 1974 426 2015 iidem
455 1975 546 2017 fere
577 1989 679 2017 mox
711 1975 858 2029 ἕτερον
890 1974 945 2016 ὃν
977 1977 1044 2017 καὶ
1077 1976 1219 2016 τοῦτο.

349 2108 456 2153 ἀλλ’
503 2114 554 2154 εἰ
593 2112 736 2168 πρὸς
776 2113 952 2172 τούτῳ
998 2117 1087 2157 καὶ

292 2167 414 2211 τόδε
451 2170 710 2227 ἐνθυμεῖ]
756 2174 861 2215 Non
888 2188 1022 2227 posse
1054 2174 1098 2215 εί

287 2231 333 2270 in
391 2230 740 2284 interrogatione
795 2238 915 2273 recta
970 2234 1090 2286 poni,

289 2288 368 2328 sed
399 2291 600 2341 speciose
631 2295 799 2331 tantum
821 2291 1009 2332 subinde
1030 2293 1093 2333 ita

289 2349 495 2398 usurpari
536 2348 703 2400 videri,
745 2350 853 2389 satis
893 2351 1096 2390 videmur

292 2404 668 2447 demonstravisse
710 2407 767 2447 ad
814 2405 1011 2462 Sophist.
1051 2421 1092 2460 p.

293 2462 392 2506 233.
433 2465 492 2504 A.
527 2470 570 2504 et
605 2464 819 2505 Alcibiad.
852 2465 883 2506 l.
917 2479 961 2519 p.
994 2466 1095 2510 115.

291 2522 348 2560 A.
395 2519 546 2574 ltaque
574 2522 961 2565 Schneiderus
996 2524 1096 2566 sub-

290 2579 380 2619 lato
423 2587 524 2633 post
559 2578 744 2630 ἐνθυμεῖ
787 2582 1096 2635 interrogandi

291 2637 417 2690 signo
459 2638 631 2692 ellipsin
664 2641 833 2692 statuit,
853 2639 1099 2695 vertitque:
1144 2647 1147 2650 '

294 2696 389 2735 sed
431 2696 571 2744 vide,
613 2711 730 2737 num
776 2702 825 2738 et
878 2697 973 2739 hoc
1025 2701 1099 2739 in-

294 2766 458 2805 super
505 2756 945 2798 animadvertas.
1011 2756 1100 2798 Sed

292 2811 379 2850 hoc
411 2814 762 2866 supplementum
792 2821 914 2854 caret
935 2815 1101 2856 idonea

293 2871 482 2910 ratione.
551 2870 694 2911 Nobis
736 2873 936 2924 proxime
975 2882 1098 2914 ante-

295 2940 447 2979 gressa
495 2930 883 2972 considerantibus
930 2930 973 2971 εἰ
1007 2945 1099 2971 non

294 2986 468 3026 videtur
495 2987 868 3039 interrogativum
886 3003 997 3036 esse,
1022 2988 1102 3030 sed

295 3044 598 3086 conditionem
618 3046 829 3090 indicare.
880 3048 962 3088 Est
986 3046 1100 3088 enim

296 3102 440 3141 oratio
473 3103 673 3156 abrupta.
699 3117 831 3155 quam
855 3106 1101 3146 collocutor

294 3158 595 3210 interpellavit
627 3162 799 3206 verbis:
854 3160 916 3204 Τό
950 3168 1100 3213 ποῖον;

298 3216 545 3258 Additurus
578 3225 721 3259 autem
751 3219 961 3262 Socrates
987 3227 1100 3263 erat:

295 3268 405 3313 αὐτὸ
446 3275 515 3314 καὶ
568 3273 736 3316 κάλλιον
788 3277 985 3332 νοήσειε,
1026 3286 1103 3321 aut

294 3333 434 3374 s1mi1e
478 3334 702 3384 quiddam.
774 3335 843 3376 De
898 3351 1099 3379 sermone

1178 2119 1242 2158 sic
1287 2119 1536 2169 interrupto
1584 2120 1675 2160 vid.
1730 2125 1880 2161 annot.
1926 2120 1985 2160 ad

1177 2177 1431 2229 Sophist.p.
1446 2175 1549 2219 265.
1571 2176 1621 2219 C.
1634 2177 1751 2218 Phil.
1771 2191 1813 2230 p.
1835 2176 1911 2222 57.
1925 2177 1983 2218 D.

1235 2235 1288 2274 E.
1317 2233 1580 2276 τίθεσθαι
1600 2233 1652 2276 τὰ
1681 2231 1820 2276 ὅπλα
1842 2233 1987 2288 πρὸς

1182 2293 1285 2332 τοῦ
1315 2293 1660 2348 λογιστικοῦ]
1694 2295 1726 2336 i.
1751 2307 1788 2335 e.
1815 2308 1870 2335 se
1904 2307 1987 2335 ac-

1182 2351 1416 2403 cingere
1446 2365 1479 2392 s.
1514 2365 1662 2393 arma
1693 2366 1891 2406 capere
1922 2353 1988 2393 ad

1183 2406 1231 2448 τὸ
1276 2407 1519 2461 λογιστικόν
1558 2411 1987 2452 defendendum.

1189 2463 1263 2508 Τὰ
1308 2463 1446 2508 ὅπλα
1490 2468 1763 2510 τίθεσθαι
1806 2468 1988 2524 proprie

1183 2529 1250 2566 est
1286 2538 1435 2567 arma
1475 2540 1572 2568 sua
1610 2527 1769 2568 iuxta
1799 2542 1853 2569 se
1885 2529 1989 2568 ool-

1186 2585 1406 2635 locare3
1431 2586 1591 2626 deinde
1613 2586 1729 2626 inter
1748 2586 1838 2627 alia
1857 2586 1990 2627 etiam

1186 2643 1240 2682 in
1296 2644 1469 2683 aciem
1533 2645 1880 2694 consistere3
1933 2657 1989 2684 se

1186 2702 1252 2741 ad
1293 2714 1529 2753 pugnam
1573 2703 1906 2754 accingere,
1943 2708 1991 2741 ut

1185 2759 1228 2798 b.
1271 2760 1300 2798 l.
1341 2759 1598 2801 Formulam
1640 2761 1716 2800 alii
1763 2756 1893 2801 aliter
1923 2762 1989 2799 in·

1186 2818 1413 2869 terpretati
1465 2824 1582 2859 sunt.
1622 2832 1662 2857 v.
1711 2817 1888 2871 vi‘ger.
1937 2818 1990 2858 de

1188 2871 1314 2917 mint.
1346 2889 1389 2928 p.
1417 2874 1616 2928 2975qq.
1645 2876 1989 2929 Wesseling.

1186 2934 1244 2973 ad
1283 2933 1472 2974 Diodor.
1518 2934 1635 2984 XX,
1678 2932 1748 2976 31.
1782 2935 1991 2975 Borne-

1186 3003 1227 3030 m
1239 3003 1264 3030 a
1277 3003 1302 3030 n
1317 2991 1474 3032 1=.Ind.
1493 2992 1550 3031 ad
1563 2991 1774 3044 Xenoph.
1790 2994 1991 3034 Anabas.

1187 3063 1221 3089 s.
1249 3062 1290 3088 v.
1331 3044 1477 3097 Saia„
1522 3050 1595 3101 qui
1630 3052 1777 3091 varias
1809 3053 1902 3092 eius
1935 3052 1991 3092 si-

1185 3107 1494 3158 gnificationes
1542 3109 1768 3161 copiosius
1810 3111 1991 3151 rimatus

1187 3169 1265 3205 est.
1327 3165 1446 3207 Dein
1489 3162 1628 3218 πρὸς
1669 3168 1764 3208 τοῦ
1795 3167 1991 3221 λογιστ.

1188 3227 1254 3262 est
1287 3235 1313 3262 a
1345 3224 1615 3275 partibus
1637 3225 1715 3264 τοῦ
1745 3225 1991 3278 λογιστικοῦ

1188 3286 1365 3321 stans.
1415 3281 1706 3324 Demosth.
1756 3283 1808 3323 T.
1847 3283 1909 3324 11.
1950 3296 1990 3335 p.

1186 3338 1327 3384 1006:
1366 3335 1445 3379 κᾶν
1489 3337 1602 3380 οὕτω
1651 3338 1759 3393 πρὸς
1796 3339 1903 3391 ἐμοῦ
1933 3338 1990 3380 δι-

2085 509 2098 604 ,ΝΝᾺ
2094 458 2098 466 ,,
