2098 3658
459 1108 1411 1285 Aaeumsswvum

651 1337 879 1383 1118ss!
918 1335 1234 1382 Tnn'l’n.

86 1536 431 1655 Expositum
477 1589 563 1637 est
616 1578 758 1636 libro
810 1578 1056 1635 secundo
1103 1577 1172 1634 de
1219 1576 1351 1632 reli
1416 1578 1579 1634 ione
1605 1582 1788 1647 ¹atque

87 1654 395 1727 pietate,
434 1671 545 1724 qua
581 1672 769 1708 eorum
805 1652 999 1717 animi,
1042 1649 1139 1723 qui
1186 1649 1315 1704 olim
1376 1649 1524 1705 uturi
1562 1647 1674 1704 sint
1710 1646 1787 1702 ci·-

87 1722 276 1781 vitatis
313 1724 595 1795 custodes,
629 1723 802 1779 imbui
840 1722 1096 1779 debeant.
1169 1719 1451 1795 Sequitur,
1483 1728 1547 1794 ut
1571 1717 1640 1774 de
1665 1720 1788 1793 aliis

83 1797 336 1871 partibus
405 1793 748 1858 educationis
807 1814 997 1851 eorum
1066 1793 1296 1849 dicatur.
1405 1797 1496 1849 Ac
1531 1792 1790 1863 ¹primum

86 1869 309 1941 quidem
355 1867 660 1923 cavendum
706 1875 823 1935 est,
871 1887 941 1921 ne
990 1867 1216 1921 iuvenes
1267 1864 1403 1920 talia
1436 1862 1665 1922 audiant
1700 1860 1792 1917 vel

83 1937 297 2071 effi
318 1936 1263 2067 ‘zsssssssffffrmzss‘zgsss‘ussssssnzffi
1288 1934 1788 2063 &efflat-‘3233

82 2084 310 2140 tristitia
345 2092 513 2156 atque
546 2030 723 2138 reb’usl
744 2032 1043 2138 inferoruiii
1075 2081 1244 2155 vulgo
1282 2029 1597 2145 niirrantun
1649 2099 1790 2150 quae

83 2155 155 2212 de
201 2155 439 2229 querelis
496 2175 563 2211 ac
620 2155 1103 2211 lamentationibus
1160 2173 1486 2229 magnorum
1547 2152 1790 2206 virorum

82 2227 332 2300 adeoque
381 2226 611 2285 deorum
665 2226 872 2299 passim
916 2223 1067 2310 apud
1113 2233 1305 2301 poetas
1358 2226 1645 2298 leguntur3
1695 2221 1791 2278 de-

83 2300 251 2372 nique
332 2319 438 2356 uae
489 2296 559 2355 de
594 2297 981 2371 intemperanti
1015 2297 1162 2370 risu,
1200 2298 1297 2370 qui
1332 2299 1571 2352 animum
1607 2295 1791 2369 arguit

81 2373 263 2429 minus
325 2380 500 2428 ortem
529 2379 587 2427 et
622 2377 992 2441 constantem,
1029 2370 1395 2444 exponuntur.
1470 2370 1535 2424 P.
1575 2369 1680 2423 386
1716 2398 1790 2408 -—

84 2444 208 2501 389.
258 2450 332 2515 A·
413 2442 591 2500 Porro
638 2441 966 2498 veritatis
1016 2462 1169 2498 amor
1214 2442 1283 2497 iis
1320 2439 1668 2515 instillandus
1706 2446 1790 2496 est

85 2534 252 2588 quam
286 2514 575 2572 maximus.
648 2510 895 2570 Tametsi
931 2514 1074 2570 enim
1118 2513 1218 2585 iis,
1259 2514 1356 2585 qui
1392 2511 1788 2584 rempublicam

82 2587 419 2670 gubernant,
467 2582 741 2640 interdum
787 2585 1040 2659 publicae
1085 2585 1284 2642 salutis
1331 2603 1530 2641 caussa
1571 2586 1610 2639 'a
1655 2602 1788 2639 vero

81 2657 342 2716 recedere
377 2657 541 2724 hcet3
591 2665 774 2713 tamen
818 2656 1052 2732 singulis
1089 2658 1301 2714 civibus
1338 2656 1396 2711 id
1434 2656 1585 2711 nullo
1622 2660 1788 2729 pacto

12 2758 47 2794 Αο,
83 2727 498 2788 concedendum
552 2743 652 2786 est.
728 2729 792 2783 P.
830 2731 953 2786 389.
990 2729 1059 2793 Β.
1111 2762 1155 2771 -
1204 2730 1279 2785 D.
1354 2729 1649 2793 Praeterea
1685 2744 1788 2781 nee

0 2799 23 2842 ’»
83 2802 568 2877 temperantia.
641 2800 933 2859 iuvenibus
1001 2801 1206 2859 nostris
1275 2797 1610 2884 negligenda
1679 2805 1786 2868 est,

12 2918 14 2921 -
84 2893 228 2948 quae
266 2874 503 2930 cernitur
542 2871 599 2927 in
634 2894 723 2943 ec,
763 2881 828 2938 ut
863 2882 919 2930 et
954 2882 1184 2947 pareant
1218 2872 1315 2941 iis,
1355 2892 1451 2945 qui
1483 2869 1554 2926 ad
1629 2870 1790 2929 uber—

13 2985 21 3010 ,-
83 2947 281 3003 nacula
328 2946 405 3002 rei
449 2945 664 3002 ublicae
711 2942 935 3016 sedent,
985 2965 1086 3000 nec
1132 2941 1421 3000 immodice
1468 2941 1600 2999 indu
1622 2954 1790 3017 geant

12 3023 37 3066 ³1>
84 3018 201 3075 suis
247 3018 375 3092 cupi
436 3017 665 3075 tatibus.
748 3015 945 3091 Itaque
983 3017 1165 3074 omnia
1201 3035 1298 3087 ea,
1338 3034 1479 3091 quae
1513 3013 1601 3096 vel
1638 3003 1792 3090 debi-

14 3132 22 3153 -.
84 3099 200 3148 tum
248 3089 644 3163 imperantibus
700 3089 1026 3162 obsequium
1072 3089 1337 3149 minuant
1376 3085 1467 3153 vel
1522 3085 1792 3160 intempe-

16 3178 22 3183 ·
84 3161 255 3219 rantis
303 3161 623 3235 cupiditatis
671 3161 794 3220 vim,
827 3162 1100 3218 suscitent
1145 3157 1233 3217 vel
1275 3156 1646 3230 inflamment,
1696 3163 1791 3215 eos

85 3232 335 3290 studiose
384 3233 561 3290 celare
607 3233 899 3304 debemus,
965 3252 1278 3305 quanquam
1330 3228 1594 3306 plurimae
1651 3229 1794 3287 eius-

86 3303 235 3361 modi
272 3305 615 3362 narrationes
644 3305 723 3371 'de
757 3304 1019 3362 heroibus
1057 3312 1221 3378 atque
1259 3302 1364 3370 diis
1400 3301 1549 3381 apud
1585 3302 1795 3366 Home-

37 3381 41 3386 '
84 3396 206 3434 rum
241 3376 514 3451 leguntur.
553 3377 617 3437 P.
656 3378 780 3435 389.
819 3377 892 3435 Ι).
934 3409 1002 3419 —-
1042 3377 1143 3432 391
1187 3374 1254 3432 E.
1330 3374 1590 3449 Denique
1624 3369 1795 3443 'etiam
