<?xml version="1.0" encoding="UTF-8"?>
<!DOCTYPE html PUBLIC "-//W3C//DTD XHTML 1.0 Transitional//EN"
    "http://www.w3.org/TR/xhtml1/DTD/xhtml1-transitional.dtd">
<html xmlns="http://www.w3.org/1999/xhtml" xml:lang="en" lang="en">
 <head>
  <title>
</title>
<meta http-equiv="Content-Type" content="text/html;charset=utf-8" />
  <meta name='ocr-system' content='tesseract 3.04.00' />
  <meta name='ocr-capabilities' content='ocr_page ocr_carea ocr_par ocr_line ocrx_word'/>
</head>
<body>
  <div class='ocr_page' id='page_1' title='image "./operaomniarecens03platuoft/operaomniarecens03platuoft_1080.png"; bbox 0 0 2124 3744; ppageno 0'>
   <div class='ocr_carea' id='block_1_1' title="bbox 301 208 1538 265">
    <p class='ocr_par' dir='ltr' id='par_1_1' title="bbox 301 208 1538 265">
     <span class='ocr_line' id='line_1_1' title="bbox 301 208 1538 265; baseline 0 -1"><span class='ocrx_word' id='word_1_1' title='bbox 301 212 408 264; x_wconf 80' lang='lat'>458</span> <span class='ocrx_word' id='word_1_2' title='bbox 761 208 1044 265; x_wconf 84' lang='lat' dir='ltr'>BREVIS</span> <span class='ocrx_word' id='word_1_3' title='bbox 1082 208 1538 264; x_wconf 87' lang='lat' dir='ltr'>ADMONITIO</span> 
     </span>
    </p>
   </div>
   <div class='ocr_carea' id='block_1_2' title="bbox 281 349 1993 3426">
    <p class='ocr_par' dir='ltr' id='par_1_2' title="bbox 281 349 1993 3426">
     <span class='ocr_line' id='line_1_2' title="bbox 302 349 1988 406; baseline 0.001 -2"><span class='ocrx_word' id='word_1_4' title='bbox 302 359 531 404; x_wconf 87' lang='lat' dir='ltr'>menta</span> <span class='ocrx_word' id='word_1_5' title='bbox 597 349 678 404; x_wconf 87' lang='lat' dir='ltr'>ad</span> <span class='ocrx_word' id='word_1_6' title='bbox 747 349 1098 405; x_wconf 88' lang='lat' dir='ltr'>Civitatis</span> <span class='ocrx_word' id='word_1_7' title='bbox 1157 350 1583 406; x_wconf 82' lang='lat' dir='ltr'>Platonicae</span> <span class='ocrx_word' id='word_1_8' title='bbox 1639 351 1864 405; x_wconf 84' lang='lat' dir='ltr'>libros</span> <span class='ocrx_word' id='word_1_9' title='bbox 1913 353 1988 405; x_wconf 89' lang='lat' dir='ltr'>X.</span> 
     </span>
     <span class='ocr_line' id='line_1_3' title="bbox 301 421 1989 492; baseline 0.001 -18"><span class='ocrx_word' id='word_1_10' title='bbox 301 422 598 492; x_wconf 80' lang='lat' dir='ltr'>Lipsiae</span> <span class='ocrx_word' id='word_1_11' title='bbox 642 440 690 474; x_wconf 88' lang='lat' dir='ltr'>a.</span> <span class='ocrx_word' id='word_1_12' title='bbox 739 421 1282 477; x_wconf 84' lang='lat' dir='ltr'>MDCCCXXX.</span> <span class='ocrx_word' id='word_1_13' title='bbox 1335 423 1593 477; x_wconf 89' lang='lat' dir='ltr'>XXXI.</span> <span class='ocrx_word' id='word_1_14' title='bbox 1637 423 1989 478; x_wconf 89' lang='lat' dir='ltr'>XXXIII.</span> 
     </span>
     <span class='ocr_line' id='line_1_4' title="bbox 301 491 1989 564; baseline 0.001 -19"><span class='ocrx_word' id='word_1_15' title='bbox 301 493 542 546; x_wconf 90' lang='lat' dir='ltr'>editos</span> <span class='ocrx_word' id='word_1_16' title='bbox 582 512 614 546; x_wconf 90' lang='lat' dir='ltr'>a</span> <span class='ocrx_word' id='word_1_17' title='bbox 650 491 713 547; x_wconf 85' lang='lat' dir='ltr'>C.</span> <span class='ocrx_word' id='word_1_18' title='bbox 752 493 821 546; x_wconf 86' lang='lat' dir='ltr'>E.</span> <span class='ocrx_word' id='word_1_19' title='bbox 862 493 1011 547; x_wconf 89' lang='lat' dir='ltr'><strong>Chr.</strong></span> <span class='ocrx_word' id='word_1_20' title='bbox 1051 493 1505 548; x_wconf 88' lang='lat' dir='ltr'>Schneidero.</span> <span class='ocrx_word' id='word_1_21' title='bbox 1575 495 1803 564; x_wconf 83' lang='lat' dir='ltr'>Lipsiae</span> <span class='ocrx_word' id='word_1_22' title='bbox 1839 497 1989 550; x_wconf 83' lang='lat'>1854.</span> 
     </span>
     <span class='ocr_line' id='line_1_5' title="bbox 300 565 1990 636; baseline 0.001 -18"><span class='ocrx_word' id='word_1_23' title='bbox 300 566 351 618; x_wconf 87' lang='grc'>8.</span> <span class='ocrx_word' id='word_1_24' title='bbox 400 584 564 636; x_wconf 85' lang='lat' dir='ltr'>pagg.</span> <span class='ocrx_word' id='word_1_25' title='bbox 618 565 703 617; x_wconf 85' lang='lat'>87.</span> <span class='ocrx_word' id='word_1_26' title='bbox 779 565 844 617; x_wconf 93' lang='lat' dir='ltr'>In</span> <span class='ocrx_word' id='word_1_27' title='bbox 894 585 1001 636; x_wconf 91' lang='lat' dir='ltr'>quo</span> <span class='ocrx_word' id='word_1_28' title='bbox 1051 565 1182 635; x_wconf 89' lang='lat' dir='ltr'>quid</span> <span class='ocrx_word' id='word_1_29' title='bbox 1230 565 1314 618; x_wconf 90' lang='lat' dir='ltr'>vir</span> <span class='ocrx_word' id='word_1_30' title='bbox 1363 565 1556 619; x_wconf 91' lang='lat' dir='ltr'>doctus</span> <span class='ocrx_word' id='word_1_31' title='bbox 1594 574 1862 634; x_wconf 90' lang='lat' dir='ltr'>sequutus</span> <span class='ocrx_word' id='word_1_32' title='bbox 1900 566 1990 635; x_wconf 88' lang='lat' dir='ltr'>sit,</span> 
     </span>
     <span class='ocr_line' id='line_1_6' title="bbox 300 635 1992 708; baseline 0.001 -18"><span class='ocrx_word' id='word_1_33' title='bbox 300 637 405 690; x_wconf 87' lang='lat' dir='ltr'>etsi</span> <span class='ocrx_word' id='word_1_34' title='bbox 452 636 694 689; x_wconf 80' lang='lat' dir='ltr'>iudicare</span> <span class='ocrx_word' id='word_1_35' title='bbox 746 635 969 690; x_wconf 88' lang='lat' dir='ltr'>difficile</span> <span class='ocrx_word' id='word_1_36' title='bbox 1018 646 1130 705; x_wconf 84' lang='lat' dir='ltr'>est,</span> <span class='ocrx_word' id='word_1_37' title='bbox 1181 644 1363 689; x_wconf 87' lang='lat' dir='ltr'>tamen</span> <span class='ocrx_word' id='word_1_38' title='bbox 1415 637 1778 691; x_wconf 89' lang='lat' dir='ltr'>verisimiliter</span> <span class='ocrx_word' id='word_1_39' title='bbox 1814 638 1992 708; x_wconf 86' lang='lat' dir='ltr'>suspi-</span> 
     </span>
     <span class='ocr_line' id='line_1_7' title="bbox 300 706 1989 779; baseline 0.001 -18"><span class='ocrx_word' id='word_1_40' title='bbox 300 707 414 761; x_wconf 89' lang='lat' dir='ltr'>cari</span> <span class='ocrx_word' id='word_1_41' title='bbox 460 727 527 760; x_wconf 84' lang='lat' dir='ltr'>ex</span> <span class='ocrx_word' id='word_1_42' title='bbox 574 707 640 761; x_wconf 91' lang='lat' dir='ltr'>iis</span> <span class='ocrx_word' id='word_1_43' title='bbox 693 707 848 776; x_wconf 88' lang='lat' dir='ltr'>licet,</span> <span class='ocrx_word' id='word_1_44' title='bbox 907 727 1046 779; x_wconf 90' lang='lat' dir='ltr'>quae</span> <span class='ocrx_word' id='word_1_45' title='bbox 1093 708 1213 779; x_wconf 89' lang='lat' dir='ltr'>ipse</span> <span class='ocrx_word' id='word_1_46' title='bbox 1250 706 1431 761; x_wconf 73' lang='lat' dir='ltr'>Praei.</span> <span class='ocrx_word' id='word_1_47' title='bbox 1484 707 1554 761; x_wconf 92' lang='lat' dir='ltr'>ad</span> <span class='ocrx_word' id='word_1_48' title='bbox 1591 707 1718 761; x_wconf 90' lang='lat' dir='ltr'>edit.</span> <span class='ocrx_word' id='word_1_49' title='bbox 1758 709 1989 763; x_wconf 88' lang='lat' dir='ltr'>Parisin.</span> 
     </span>
     <span class='ocr_line' id='line_1_8' title="bbox 297 778 1993 849; baseline 0.001 -17"><span class='ocrx_word' id='word_1_50' title='bbox 297 798 353 849; x_wconf 91' lang='lat' dir='ltr'>p.</span> <span class='ocrx_word' id='word_1_51' title='bbox 390 778 466 835; x_wconf 91' lang='lat' dir='ltr'>II.</span> <span class='ocrx_word' id='word_1_52' title='bbox 505 797 586 848; x_wconf 91' lang='lat' dir='ltr'>sq.</span> <span class='ocrx_word' id='word_1_53' title='bbox 623 778 895 849; x_wconf 78' lang='lat' dir='ltr'>prodidit,</span> <span class='ocrx_word' id='word_1_54' title='bbox 939 780 1034 833; x_wconf 91' lang='lat' dir='ltr'>ubi</span> <span class='ocrx_word' id='word_1_55' title='bbox 1071 798 1189 833; x_wconf 86' lang='lat' dir='ltr'>sese</span> <span class='ocrx_word' id='word_1_56' title='bbox 1225 787 1413 832; x_wconf 90' lang='lat' dir='ltr'>narrat</span> <span class='ocrx_word' id='word_1_57' title='bbox 1447 779 1682 833; x_wconf 88' lang='lat' dir='ltr'>Politiae</span> <span class='ocrx_word' id='word_1_58' title='bbox 1718 779 1888 834; x_wconf 90' lang='lat' dir='ltr'>libros</span> <span class='ocrx_word' id='word_1_59' title='bbox 1925 800 1993 833; x_wconf 87' lang='lat' dir='ltr'>ex</span> 
     </span>
     <span class='ocr_line' id='line_1_9' title="bbox 296 850 1990 923; baseline 0.002 -21"><span class='ocrx_word' id='word_1_60' title='bbox 296 851 382 918; x_wconf 82' lang='lat' dir='ltr'>iis,</span> <span class='ocrx_word' id='word_1_61' title='bbox 424 869 564 920; x_wconf 91' lang='lat' dir='ltr'>quae</span> <span class='ocrx_word' id='word_1_62' title='bbox 599 856 716 903; x_wconf 90' lang='lat' dir='ltr'>tum</span> <span class='ocrx_word' id='word_1_63' title='bbox 768 851 1186 923; x_wconf 86' lang='lat' dir='ltr'>suppetiissent,</span> <span class='ocrx_word' id='word_1_64' title='bbox 1237 850 1453 904; x_wconf 79' lang='lat' dir='ltr'>critices</span> <span class='ocrx_word' id='word_1_65' title='bbox 1490 850 1777 921; x_wconf 86' lang='lat' dir='ltr'>praesidiis</span> <span class='ocrx_word' id='word_1_66' title='bbox 1836 871 1990 906; x_wconf 89' lang='lat' dir='ltr'>reco-</span> 
     </span>
     <span class='ocr_line' id='line_1_10' title="bbox 297 922 1986 994; baseline 0.001 -20"><span class='ocrx_word' id='word_1_67' title='bbox 297 922 480 994; x_wconf 84' lang='lat' dir='ltr'>gnitos</span> <span class='ocrx_word' id='word_1_68' title='bbox 542 922 785 976; x_wconf 87' lang='lat' dir='ltr'>Parisios</span> <span class='ocrx_word' id='word_1_69' title='bbox 841 923 1241 988; x_wconf 85' lang='lat' dir='ltr'>transmisisse3</span> <span class='ocrx_word' id='word_1_70' title='bbox 1311 922 1388 976; x_wconf 91' lang='lat' dir='ltr'>ibi</span> <span class='ocrx_word' id='word_1_71' title='bbox 1448 942 1579 976; x_wconf 86' lang='lat' dir='ltr'>vero</span> <span class='ocrx_word' id='word_1_72' title='bbox 1643 922 1986 993; x_wconf 80' lang='lat' dir='ltr'>Diibnerum,</span> 
     </span>
     <span class='ocr_line' id='line_1_11' title="bbox 295 992 1988 1066; baseline 0.001 -19"><span class='ocrx_word' id='word_1_73' title='bbox 295 992 509 1047; x_wconf 89' lang='lat' dir='ltr'>edendo</span> <span class='ocrx_word' id='word_1_74' title='bbox 558 994 709 1065; x_wconf 90' lang='lat' dir='ltr'>operi</span> <span class='ocrx_word' id='word_1_75' title='bbox 744 995 1110 1066; x_wconf 86' lang='lat' dir='ltr'>praefectum,</span> <span class='ocrx_word' id='word_1_76' title='bbox 1159 1012 1369 1047; x_wconf 89' lang='lat' dir='ltr'>summa</span> <span class='ocrx_word' id='word_1_77' title='bbox 1407 993 1614 1047; x_wconf 92' lang='lat' dir='ltr'>codicis</span> <span class='ocrx_word' id='word_1_78' title='bbox 1648 993 1881 1048; x_wconf 89' lang='lat' dir='ltr'>Parisini</span> <span class='ocrx_word' id='word_1_79' title='bbox 1918 997 1988 1049; x_wconf 89' lang='lat' dir='ltr'>A.</span> 
     </span>
     <span class='ocr_line' id='line_1_12' title="bbox 297 1064 1991 1136; baseline 0.001 -18"><span class='ocrx_word' id='word_1_80' title='bbox 297 1064 624 1118; x_wconf 89' lang='lat' dir='ltr'>auctoritate</span> <span class='ocrx_word' id='word_1_81' title='bbox 655 1066 963 1134; x_wconf 88' lang='lat' dir='ltr'>intellecta,</span> <span class='ocrx_word' id='word_1_82' title='bbox 1018 1064 1330 1118; x_wconf 89' lang='lat' dir='ltr'>faciendum</span> <span class='ocrx_word' id='word_1_83' title='bbox 1374 1073 1626 1136; x_wconf 87' lang='lat' dir='ltr'>putasse,</span> <span class='ocrx_word' id='word_1_84' title='bbox 1676 1072 1738 1118; x_wconf 90' lang='lat' dir='ltr'>ut</span> <span class='ocrx_word' id='word_1_85' title='bbox 1790 1066 1991 1119; x_wconf 92' lang='lat' dir='ltr'>librum</span> 
     </span>
     <span class='ocr_line' id='line_1_13' title="bbox 294 1136 1990 1208; baseline 0.001 -19"><span class='ocrx_word' id='word_1_86' title='bbox 294 1137 855 1207; x_wconf 87' lang='lat' dir='ltr'>praestantissimum,</span> <span class='ocrx_word' id='word_1_87' title='bbox 905 1144 1100 1208; x_wconf 80' lang='lat' dir='ltr'>utpote</span> <span class='ocrx_word' id='word_1_88' title='bbox 1146 1136 1388 1206; x_wconf 88' lang='lat' dir='ltr'>nondum</span> <span class='ocrx_word' id='word_1_89' title='bbox 1424 1137 1556 1191; x_wconf 85' lang='lat' dir='ltr'>satis</span> <span class='ocrx_word' id='word_1_90' title='bbox 1595 1144 1850 1190; x_wconf 90' lang='lat' dir='ltr'>accurate</span> <span class='ocrx_word' id='word_1_91' title='bbox 1898 1157 1990 1190; x_wconf 83' lang='lat' dir='ltr'>ex-</span> 
     </span>
     <span class='ocr_line' id='line_1_14' title="bbox 293 1207 1992 1278; baseline -0.001 -16"><span class='ocrx_word' id='word_1_92' title='bbox 293 1227 542 1276; x_wconf 85' lang='lat' dir='ltr'>cussum,</span> <span class='ocrx_word' id='word_1_93' title='bbox 599 1208 778 1262; x_wconf 90' lang='lat' dir='ltr'>denuo</span> <span class='ocrx_word' id='word_1_94' title='bbox 817 1217 980 1278; x_wconf 86' lang='lat' dir='ltr'>quam</span> <span class='ocrx_word' id='word_1_95' title='bbox 1016 1207 1423 1262; x_wconf 85' lang='lat' dir='ltr'>accuratissime</span> <span class='ocrx_word' id='word_1_96' title='bbox 1460 1209 1761 1277; x_wconf 85' lang='lat' dir='ltr'>conferret,</span> <span class='ocrx_word' id='word_1_97' title='bbox 1818 1215 1874 1262; x_wconf 90' lang='lat' dir='ltr'>et</span> <span class='ocrx_word' id='word_1_98' title='bbox 1908 1208 1992 1261; x_wconf 89' lang='lat' dir='ltr'>in-</span> 
     </span>
     <span class='ocr_line' id='line_1_15' title="bbox 293 1279 1988 1351; baseline 0 -19"><span class='ocrx_word' id='word_1_99' title='bbox 293 1287 459 1333; x_wconf 89' lang='lat' dir='ltr'>venta</span> <span class='ocrx_word' id='word_1_100' title='bbox 496 1298 578 1348; x_wconf 79' lang='lat' dir='ltr'>ea,</span> <span class='ocrx_word' id='word_1_101' title='bbox 619 1299 758 1350; x_wconf 89' lang='lat' dir='ltr'>quae</span> <span class='ocrx_word' id='word_1_102' title='bbox 798 1280 1005 1349; x_wconf 79' lang='lat' dir='ltr'>editor,</span> <span class='ocrx_word' id='word_1_103' title='bbox 1055 1280 1112 1334; x_wconf 88' lang='lat' dir='ltr'>si.</span> <span class='ocrx_word' id='word_1_104' title='bbox 1147 1280 1238 1336; x_wconf 83' lang='lat' dir='ltr'>illa</span> <span class='ocrx_word' id='word_1_105' title='bbox 1284 1280 1393 1343; x_wconf 82' lang='lat' dir='ltr'>iam</span> <span class='ocrx_word' id='word_1_106' title='bbox 1429 1279 1719 1348; x_wconf 17' lang='lat' dir='ltr'>habuisset.</span> <span class='ocrx_word' id='word_1_107' title='bbox 1745 1281 1988 1351; x_wconf 78' lang='lat' dir='ltr'>cognita,</span> 
     </span>
     <span class='ocr_line' id='line_1_16' title="bbox 292 1349 1991 1422; baseline 0.001 -18"><span class='ocrx_word' id='word_1_108' title='bbox 292 1358 613 1421; x_wconf 88' lang='lat' dir='ltr'>recepturus</span> <span class='ocrx_word' id='word_1_109' title='bbox 636 1351 805 1405; x_wconf 90' lang='lat' dir='ltr'>fuisse</span> <span class='ocrx_word' id='word_1_110' title='bbox 826 1350 1122 1420; x_wconf 84' lang='lat' dir='ltr'>videretur,</span> <span class='ocrx_word' id='word_1_111' title='bbox 1147 1351 1435 1404; x_wconf 71' lang='lat' dir='ltr'>maxim‘am</span> <span class='ocrx_word' id='word_1_112' title='bbox 1453 1358 1665 1422; x_wconf 88' lang='lat' dir='ltr'>partem</span> <span class='ocrx_word' id='word_1_113' title='bbox 1689 1349 1760 1403; x_wconf 90' lang='lat' dir='ltr'>ad</span> <span class='ocrx_word' id='word_1_114' title='bbox 1778 1351 1991 1405; x_wconf 85' lang='lat' dir='ltr'>hiatum</span> 
     </span>
     <span class='ocr_line' id='line_1_17' title="bbox 291 1422 1990 1494; baseline 0.001 -19"><span class='ocrx_word' id='word_1_115' title='bbox 291 1430 351 1475; x_wconf 89' lang='lat' dir='ltr'>et</span> <span class='ocrx_word' id='word_1_116' title='bbox 387 1422 670 1478; x_wconf 84' lang='lat' dir='ltr'>elisionem</span> <span class='ocrx_word' id='word_1_117' title='bbox 706 1423 1072 1493; x_wconf 56' lang='lat' dir='ltr'>pertinentia,</span> <span class='ocrx_word' id='word_1_118' title='bbox 1091 1442 1191 1477; x_wconf 92' lang='lat' dir='ltr'>suo</span> <span class='ocrx_word' id='word_1_119' title='bbox 1231 1422 1483 1493; x_wconf 88' lang='lat' dir='ltr'>periculo</span> <span class='ocrx_word' id='word_1_120' title='bbox 1499 1422 1727 1478; x_wconf 70' lang='lat' dir='ltr'>‘Platoni</span> <span class='ocrx_word' id='word_1_121' title='bbox 1747 1423 1990 1494; x_wconf 84' lang='lat' dir='ltr'>imperti-</span> 
     </span>
     <span class='ocr_line' id='line_1_18' title="bbox 292 1493 1990 1564; baseline 0 -18"><span class='ocrx_word' id='word_1_122' title='bbox 292 1500 403 1559; x_wconf 82' lang='lat' dir='ltr'>ret3</span> <span class='ocrx_word' id='word_1_123' title='bbox 452 1494 665 1564; x_wconf 89' lang='lat' dir='ltr'>reliqua</span> <span class='ocrx_word' id='word_1_124' title='bbox 698 1514 826 1548; x_wconf 88' lang='lat' dir='ltr'>vero</span> <span class='ocrx_word' id='word_1_125' title='bbox 856 1514 980 1548; x_wconf 90' lang='lat' dir='ltr'>cum</span> <span class='ocrx_word' id='word_1_126' title='bbox 1016 1493 1207 1548; x_wconf 89' lang='lat' dir='ltr'>codem</span> <span class='ocrx_word' id='word_1_127' title='bbox 1230 1495 1309 1549; x_wconf 85' lang='lat' dir='ltr'>ita</span> <span class='ocrx_word' id='word_1_128' title='bbox 1334 1494 1776 1562; x_wconf 83' lang='lat' dir='ltr'>communicaret,</span> <span class='ocrx_word' id='word_1_129' title='bbox 1814 1501 1877 1547; x_wconf 93' lang='lat' dir='ltr'>ut</span> <span class='ocrx_word' id='word_1_130' title='bbox 1897 1493 1990 1547; x_wconf 90' lang='lat' dir='ltr'>ille</span> 
     </span>
     <span class='ocr_line' id='line_1_19' title="bbox 290 1564 1987 1637; baseline 0.001 -19"><span class='ocrx_word' id='word_1_131' title='bbox 290 1565 443 1636; x_wconf 87' lang='lat' dir='ltr'>ipse,</span> <span class='ocrx_word' id='word_1_132' title='bbox 500 1566 547 1618; x_wconf 91' lang='lat' dir='ltr'>si</span> <span class='ocrx_word' id='word_1_133' title='bbox 587 1585 695 1635; x_wconf 91' lang='lat' dir='ltr'>qua</span> <span class='ocrx_word' id='word_1_134' title='bbox 733 1585 870 1637; x_wconf 92' lang='lat' dir='ltr'>opus</span> <span class='ocrx_word' id='word_1_135' title='bbox 910 1564 1218 1633; x_wconf 85' lang='lat' dir='ltr'>videretur,</span> <span class='ocrx_word' id='word_1_136' title='bbox 1269 1564 1569 1619; x_wconf 92' lang='lat' dir='ltr'>secundum</span> <span class='ocrx_word' id='word_1_137' title='bbox 1621 1584 1685 1618; x_wconf 92' lang='lat' dir='ltr'>ea</span> <span class='ocrx_word' id='word_1_138' title='bbox 1734 1573 1987 1620; x_wconf 90' lang='lat' dir='ltr'>mutaret.</span> 
     </span>
     <span class='ocr_line' id='line_1_20' title="bbox 292 1635 1989 1706; baseline 0.001 -16"><span class='ocrx_word' id='word_1_139' title='bbox 292 1638 490 1706; x_wconf 91' lang='lat' dir='ltr'>Itaque</span> <span class='ocrx_word' id='word_1_140' title='bbox 555 1636 1039 1692; x_wconf 88' lang='lat' dir='ltr'>Schneiderus</span> <span class='ocrx_word' id='word_1_141' title='bbox 1098 1637 1154 1690; x_wconf 91' lang='lat' dir='ltr'>in</span> <span class='ocrx_word' id='word_1_142' title='bbox 1203 1636 1505 1690; x_wconf 89' lang='lat' dir='ltr'>Didotiana</span> <span class='ocrx_word' id='word_1_143' title='bbox 1555 1635 1791 1690; x_wconf 89' lang='lat' dir='ltr'>editione</span> <span class='ocrx_word' id='word_1_144' title='bbox 1840 1657 1989 1691; x_wconf 90' lang='lat' dir='ltr'>mero</span> 
     </span>
     <span class='ocr_line' id='line_1_21' title="bbox 291 1708 1989 1779; baseline 0.001 -17"><span class='ocrx_word' id='word_1_145' title='bbox 291 1708 520 1762; x_wconf 89' lang='lat' dir='ltr'>arbitrio</span> <span class='ocrx_word' id='word_1_146' title='bbox 559 1727 658 1762; x_wconf 91' lang='lat' dir='ltr'>suo</span> <span class='ocrx_word' id='word_1_147' title='bbox 697 1728 761 1762; x_wconf 91' lang='lat' dir='ltr'>ea</span> <span class='ocrx_word' id='word_1_148' title='bbox 795 1716 1006 1762; x_wconf 88' lang='lat' dir='ltr'>tantum</span> <span class='ocrx_word' id='word_1_149' title='bbox 1045 1728 1114 1762; x_wconf 88' lang='lat' dir='ltr'>ex</span> <span class='ocrx_word' id='word_1_150' title='bbox 1149 1728 1277 1762; x_wconf 90' lang='lat' dir='ltr'>mss.</span> <span class='ocrx_word' id='word_1_151' title='bbox 1316 1708 1692 1762; x_wconf 87' lang='lat' dir='ltr'>Duebneri</span> <span class='ocrx_word' id='word_1_152' title='bbox 1740 1709 1989 1779; x_wconf 87' lang='lat' dir='ltr'>publica-</span> 
     </span>
     <span class='ocr_line' id='line_1_22' title="bbox 288 1779 1991 1850; baseline 0.001 -16"><span class='ocrx_word' id='word_1_153' title='bbox 288 1781 398 1848; x_wconf 81' lang='lat' dir='ltr'>vit,</span> <span class='ocrx_word' id='word_1_154' title='bbox 492 1798 596 1833; x_wconf 90' lang='lat' dir='ltr'>uae</span> <span class='ocrx_word' id='word_1_155' title='bbox 635 1779 705 1833; x_wconf 88' lang='lat' dir='ltr'>ad</span> <span class='ocrx_word' id='word_1_156' title='bbox 752 1782 1014 1835; x_wconf 87' lang='lat' dir='ltr'>sermonis</span> <span class='ocrx_word' id='word_1_157' title='bbox 1065 1780 1336 1834; x_wconf 84' lang='lat' dir='ltr'>Platonici</span> <span class='ocrx_word' id='word_1_158' title='bbox 1384 1779 1841 1850; x_wconf 82' lang='lat' dir='ltr'>emendationem,</span> <span class='ocrx_word' id='word_1_159' title='bbox 1884 1780 1991 1835; x_wconf 87' lang='lat' dir='ltr'>hoc</span> 
     </span>
     <span class='ocr_line' id='line_1_23' title="bbox 289 1850 1987 1922; baseline 0.001 -17"><span class='ocrx_word' id='word_1_160' title='bbox 289 1859 377 1906; x_wconf 87' lang='lat' dir='ltr'>cst</span> <span class='ocrx_word' id='word_1_161' title='bbox 424 1871 456 1905; x_wconf 91' lang='lat' dir='ltr'>a</span> <span class='ocrx_word' id='word_1_162' title='bbox 544 1850 754 1905; x_wconf 92' lang='lat' dir='ltr'>hiatum</span> <span class='ocrx_word' id='word_1_163' title='bbox 804 1860 862 1918; x_wconf 65' lang='lat' dir='ltr'>&gt;et</span> <span class='ocrx_word' id='word_1_164' title='bbox 907 1852 1190 1906; x_wconf 86' lang='lat' dir='ltr'>elisionem</span> <span class='ocrx_word' id='word_1_165' title='bbox 1226 1859 1280 1905; x_wconf 91' lang='lat' dir='ltr'>et</span> <span class='ocrx_word' id='word_1_166' title='bbox 1316 1869 1405 1905; x_wconf 89' lang='lat' dir='ltr'>res</span> <span class='ocrx_word' id='word_1_167' title='bbox 1445 1851 1646 1905; x_wconf 89' lang='lat' dir='ltr'>similes</span> <span class='ocrx_word' id='word_1_168' title='bbox 1681 1852 1987 1922; x_wconf 72' lang='lat' dir='ltr'>mutandae,</span> 
     </span>
     <span class='ocr_line' id='line_1_24' title="bbox 288 1922 1990 1994; baseline -0.001 -17"><span class='ocrx_word' id='word_1_169' title='bbox 288 1923 380 1994; x_wconf 86' lang='lat' dir='ltr'>vel</span> <span class='ocrx_word' id='word_1_170' title='bbox 416 1942 448 1976; x_wconf 91' lang='lat' dir='ltr'>a</span> <span class='ocrx_word' id='word_1_171' title='bbox 485 1922 869 1977; x_wconf 85' lang='lat' dir='ltr'>Duebnero</span> <span class='ocrx_word' id='word_1_172' title='bbox 905 1924 995 1978; x_wconf 74' lang='lat' dir='ltr'>vel</span> <span class='ocrx_word' id='word_1_173' title='bbox 1031 1943 1063 1976; x_wconf 90' lang='lat' dir='ltr'>a</span> <span class='ocrx_word' id='word_1_174' title='bbox 1099 1943 1157 1977; x_wconf 92' lang='lat' dir='ltr'>se</span> <span class='ocrx_word' id='word_1_175' title='bbox 1193 1924 1316 1994; x_wconf 88' lang='lat' dir='ltr'>ipso</span> <span class='ocrx_word' id='word_1_176' title='bbox 1351 1931 1536 1977; x_wconf 88' lang='lat' dir='ltr'>essent</span> <span class='ocrx_word' id='word_1_177' title='bbox 1572 1922 1844 1988; x_wconf 86' lang='lat' dir='ltr'>adhibita3</span> <span class='ocrx_word' id='word_1_178' title='bbox 1884 1924 1990 1976; x_wconf 91' lang='lat' dir='ltr'>alia</span> 
     </span>
     <span class='ocr_line' id='line_1_25' title="bbox 286 1994 1986 2066; baseline 0.001 -19"><span class='ocrx_word' id='word_1_179' title='bbox 286 1995 462 2048; x_wconf 87' lang='lat' dir='ltr'>multo</span> <span class='ocrx_word' id='word_1_180' title='bbox 497 2013 666 2066; x_wconf 86' lang='lat' dir='ltr'>saepe</span> <span class='ocrx_word' id='word_1_181' title='bbox 714 1996 967 2066; x_wconf 78' lang='lat' dir='ltr'>graviora</span> <span class='ocrx_word' id='word_1_182' title='bbox 1016 2003 1179 2066; x_wconf 87' lang='lat' dir='ltr'>atque</span> <span class='ocrx_word' id='word_1_183' title='bbox 1226 1994 1449 2049; x_wconf 88' lang='lat' dir='ltr'>utiliora</span> <span class='ocrx_word' id='word_1_184' title='bbox 1494 1994 1553 2046; x_wconf 90' lang='lat' dir='ltr'>in</span> <span class='ocrx_word' id='word_1_185' title='bbox 1590 1995 1806 2048; x_wconf 89' lang='lat' dir='ltr'>scriniis</span> <span class='ocrx_word' id='word_1_186' title='bbox 1855 1995 1986 2048; x_wconf 50' lang='lat' dir='ltr'>reti*-</span> 
     </span>
     <span class='ocr_line' id='line_1_26' title="bbox 288 2066 1990 2137; baseline -0.001 -17"><span class='ocrx_word' id='word_1_187' title='bbox 288 2066 442 2137; x_wconf 86' lang='lat' dir='ltr'>nuit,</span> <span class='ocrx_word' id='word_1_188' title='bbox 480 2083 656 2136; x_wconf 85' lang='lat' dir='ltr'>usque</span> <span class='ocrx_word' id='word_1_189' title='bbox 695 2066 854 2136; x_wconf 87' lang='lat' dir='ltr'>dum,</span> <span class='ocrx_word' id='word_1_190' title='bbox 904 2087 936 2120; x_wconf 91' lang='lat' dir='ltr'>a</span> <span class='ocrx_word' id='word_1_191' title='bbox 987 2067 1383 2120; x_wconf 87' lang='lat' dir='ltr'>Turicensibus</span> <span class='ocrx_word' id='word_1_192' title='bbox 1428 2066 1646 2137; x_wconf 91' lang='lat' dir='ltr'>publice</span> <span class='ocrx_word' id='word_1_193' title='bbox 1696 2067 1990 2137; x_wconf 82' lang='lat' dir='ltr'>compella-</span> 
     </span>
     <span class='ocr_line' id='line_1_27' title="bbox 285 2137 1990 2210; baseline -0.001 -19"><span class='ocrx_word' id='word_1_194' title='bbox 285 2145 409 2207; x_wconf 86' lang='lat' dir='ltr'>tus,</span> <span class='ocrx_word' id='word_1_195' title='bbox 464 2139 628 2192; x_wconf 89' lang='lat' dir='ltr'>etiam</span> <span class='ocrx_word' id='word_1_196' title='bbox 678 2138 889 2208; x_wconf 90' lang='lat' dir='ltr'>reliqua</span> <span class='ocrx_word' id='word_1_197' title='bbox 938 2138 1143 2210; x_wconf 92' lang='lat' dir='ltr'>publici</span> <span class='ocrx_word' id='word_1_198' title='bbox 1189 2138 1322 2191; x_wconf 90' lang='lat' dir='ltr'>iuris</span> <span class='ocrx_word' id='word_1_199' title='bbox 1375 2138 1553 2191; x_wconf 86' lang='lat' dir='ltr'>facere</span> <span class='ocrx_word' id='word_1_200' title='bbox 1593 2137 1884 2190; x_wconf 91' lang='lat' dir='ltr'>constituit</span> <span class='ocrx_word' id='word_1_201' title='bbox 1919 2137 1990 2191; x_wconf 89' lang='lat' dir='ltr'>ad</span> 
     </span>
     <span class='ocr_line' id='line_1_28' title="bbox 287 2208 1985 2281; baseline 0.001 -19"><span class='ocrx_word' id='word_1_202' title='bbox 287 2210 607 2281; x_wconf 87' lang='lat' dir='ltr'>ampliorem</span> <span class='ocrx_word' id='word_1_203' title='bbox 637 2210 814 2281; x_wconf 87' lang='lat' dir='ltr'>operis</span> <span class='ocrx_word' id='word_1_204' title='bbox 840 2209 1136 2263; x_wconf 92' lang='lat' dir='ltr'>editionem</span> <span class='ocrx_word' id='word_1_205' title='bbox 1159 2208 1518 2281; x_wconf 87' lang='lat' dir='ltr'>supplendam</span> <span class='ocrx_word' id='word_1_206' title='bbox 1555 2208 1985 2279; x_wconf 86' lang='lat' dir='ltr'>accommodata.</span> 
     </span>
     <span class='ocr_line' id='line_1_29' title="bbox 289 2278 1988 2353; baseline -0.001 -19"><span class='ocrx_word' id='word_1_207' title='bbox 289 2281 379 2334; x_wconf 87' lang='lat' dir='ltr'>Ex</span> <span class='ocrx_word' id='word_1_208' title='bbox 427 2282 630 2351; x_wconf 89' lang='lat' dir='ltr'>quibus</span> <span class='ocrx_word' id='word_1_209' title='bbox 690 2282 942 2335; x_wconf 84' lang='lat' dir='ltr'>omnibus</span> <span class='ocrx_word' id='word_1_210' title='bbox 1003 2288 1250 2353; x_wconf 86' lang='lat' dir='ltr'>apertum</span> <span class='ocrx_word' id='word_1_211' title='bbox 1301 2288 1413 2352; x_wconf 80' lang='lat' dir='ltr'>est,</span> <span class='ocrx_word' id='word_1_212' title='bbox 1477 2278 1988 2334; x_wconf 81' lang='lat' dir='ltr'>Schneiderum</span> 
     </span>
     <span class='ocr_line' id='line_1_30' title="bbox 286 2351 1987 2423; baseline 0 -18"><span class='ocrx_word' id='word_1_213' title='bbox 286 2360 536 2405; x_wconf 88' lang='lat' dir='ltr'>neutram</span> <span class='ocrx_word' id='word_1_214' title='bbox 573 2352 869 2407; x_wconf 88' lang='lat' dir='ltr'>editionem</span> <span class='ocrx_word' id='word_1_215' title='bbox 906 2371 1060 2406; x_wconf 90' lang='lat' dir='ltr'>suam</span> <span class='ocrx_word' id='word_1_216' title='bbox 1098 2353 1262 2423; x_wconf 86' lang='lat' dir='ltr'>plane</span> <span class='ocrx_word' id='word_1_217' title='bbox 1302 2351 1371 2404; x_wconf 89' lang='lat' dir='ltr'>ad</span> <span class='ocrx_word' id='word_1_218' title='bbox 1407 2352 1716 2422; x_wconf 85' lang='lat' dir='ltr'>exemplum</span> <span class='ocrx_word' id='word_1_219' title='bbox 1753 2351 1987 2407; x_wconf 88' lang='lat' dir='ltr'>Parisini</span> 
     </span>
     <span class='ocr_line' id='line_1_31' title="bbox 285 2422 1987 2493; baseline 0 -15"><span class='ocrx_word' id='word_1_220' title='bbox 285 2423 499 2478; x_wconf 88' lang='lat' dir='ltr'>codicis</span> <span class='ocrx_word' id='word_1_221' title='bbox 548 2425 1009 2493; x_wconf 79' lang='lat' dir='ltr'>conformavisse,</span> <span class='ocrx_word' id='word_1_222' title='bbox 1061 2431 1124 2478; x_wconf 90' lang='lat' dir='ltr'>ut</span> <span class='ocrx_word' id='word_1_223' title='bbox 1170 2422 1474 2478; x_wconf 90' lang='lat' dir='ltr'>mirandum</span> <span class='ocrx_word' id='word_1_224' title='bbox 1513 2443 1623 2477; x_wconf 91' lang='lat' dir='ltr'>non</span> <span class='ocrx_word' id='word_1_225' title='bbox 1677 2425 1785 2492; x_wconf 82' lang='lat' dir='ltr'>sit,</span> <span class='ocrx_word' id='word_1_226' title='bbox 1839 2425 1987 2493; x_wconf 92' lang='lat' dir='ltr'>quod</span> 
     </span>
     <span class='ocr_line' id='line_1_32' title="bbox 287 2493 1988 2568; baseline 0.001 -19"><span class='ocrx_word' id='word_1_227' title='bbox 287 2515 391 2549; x_wconf 86' lang='lat' dir='ltr'>nec</span> <span class='ocrx_word' id='word_1_228' title='bbox 428 2496 487 2549; x_wconf 93' lang='lat' dir='ltr'>in</span> <span class='ocrx_word' id='word_1_229' title='bbox 541 2515 705 2568; x_wconf 89' lang='lat' dir='ltr'>opere</span> <span class='ocrx_word' id='word_1_230' title='bbox 755 2496 1004 2550; x_wconf 87' lang='lat' dir='ltr'>Parisino</span> <span class='ocrx_word' id='word_1_231' title='bbox 1057 2515 1089 2549; x_wconf 91' lang='lat' dir='ltr'>a</span> <span class='ocrx_word' id='word_1_232' title='bbox 1138 2496 1418 2566; x_wconf 86' lang='lat' dir='ltr'>superiore</span> <span class='ocrx_word' id='word_1_233' title='bbox 1470 2493 1710 2548; x_wconf 88' lang='lat' dir='ltr'>editione</span> <span class='ocrx_word' id='word_1_234' title='bbox 1757 2497 1988 2550; x_wconf 83' lang='lat' dir='ltr'>multum</span> 
     </span>
     <span class='ocr_line' id='line_1_33' title="bbox 287 2565 1987 2637; baseline 0 -17"><span class='ocrx_word' id='word_1_235' title='bbox 287 2569 533 2623; x_wconf 83' lang='lat' dir='ltr'>recessit.</span> <span class='ocrx_word' id='word_1_236' title='bbox 630 2568 879 2637; x_wconf 73' lang='lat' dir='ltr'>Dignum</span> <span class='ocrx_word' id='word_1_237' title='bbox 944 2575 1029 2621; x_wconf 92' lang='lat' dir='ltr'>est</span> <span class='ocrx_word' id='word_1_238' title='bbox 1081 2574 1263 2620; x_wconf 90' lang='lat' dir='ltr'>autem</span> <span class='ocrx_word' id='word_1_239' title='bbox 1313 2565 1811 2636; x_wconf 82' lang='lat' dir='ltr'>animadversione,</span> <span class='ocrx_word' id='word_1_240' title='bbox 1874 2568 1987 2622; x_wconf 87' lang='lat' dir='ltr'>col-</span> 
     </span>
     <span class='ocr_line' id='line_1_34' title="bbox 285 2637 1987 2693; baseline 0.001 -2"><span class='ocrx_word' id='word_1_241' title='bbox 285 2638 545 2692; x_wconf 89' lang='lat' dir='ltr'>lationem</span> <span class='ocrx_word' id='word_1_242' title='bbox 649 2639 1106 2693; x_wconf 87' lang='lat' dir='ltr'>Duebnerian</span> <span class='ocrx_word' id='word_1_243' title='bbox 1125 2659 1222 2692; x_wconf 91' lang='lat' dir='ltr'>am</span> <span class='ocrx_word' id='word_1_244' title='bbox 1306 2638 1364 2691; x_wconf 90' lang='lat' dir='ltr'>in</span> <span class='ocrx_word' id='word_1_245' title='bbox 1457 2637 1866 2693; x_wconf 85' lang='lat' dir='ltr'>Additamentis</span> <span class='ocrx_word' id='word_1_246' title='bbox 1955 2660 1987 2693; x_wconf 91' lang='lat' dir='ltr'>a</span> 
     </span>
     <span class='ocr_line' id='line_1_35' title="bbox 284 2709 1986 2765; baseline 0 -1"><span class='ocrx_word' id='word_1_247' title='bbox 284 2709 726 2765; x_wconf 85' lang='lat' dir='ltr'>Schneidero</span> <span class='ocrx_word' id='word_1_248' title='bbox 796 2711 1019 2764; x_wconf 90' lang='lat' dir='ltr'>tandem</span> <span class='ocrx_word' id='word_1_249' title='bbox 1080 2729 1201 2763; x_wconf 91' lang='lat' dir='ltr'>cum</span> <span class='ocrx_word' id='word_1_250' title='bbox 1252 2709 1478 2763; x_wconf 90' lang='lat' dir='ltr'>eruditis</span> <span class='ocrx_word' id='word_1_251' title='bbox 1535 2711 1986 2764; x_wconf 87' lang='lat' dir='ltr'>communicatam</span> 
     </span>
     <span class='ocr_line' id='line_1_36' title="bbox 281 2780 1984 2853; baseline 0 -18"><span class='ocrx_word' id='word_1_252' title='bbox 281 2789 401 2835; x_wconf 77' lang='lat' dir='ltr'>tam</span> <span class='ocrx_word' id='word_1_253' title='bbox 449 2801 571 2836; x_wconf 90' lang='lat' dir='ltr'>esse</span> <span class='ocrx_word' id='word_1_254' title='bbox 621 2783 858 2853; x_wconf 88' lang='lat' dir='ltr'>plenam,</span> <span class='ocrx_word' id='word_1_255' title='bbox 907 2790 1020 2835; x_wconf 86' lang='lat' dir='ltr'>tam</span> <span class='ocrx_word' id='word_1_256' title='bbox 1058 2789 1396 2850; x_wconf 81' lang='lat' dir='ltr'>accuratam,</span> <span class='ocrx_word' id='word_1_257' title='bbox 1435 2788 1546 2833; x_wconf 86' lang='lat' dir='ltr'>tarn</span> <span class='ocrx_word' id='word_1_258' title='bbox 1586 2780 1984 2851; x_wconf 82' lang='lat' dir='ltr'>deniqueexa-</span> 
     </span>
     <span class='ocr_line' id='line_1_37' title="bbox 284 2852 1985 2924; baseline -0.001 -18"><span class='ocrx_word' id='word_1_259' title='bbox 284 2861 451 2922; x_wconf 82' lang='lat' dir='ltr'>ctam,</span> <span class='ocrx_word' id='word_1_260' title='bbox 489 2861 553 2907; x_wconf 92' lang='lat' dir='ltr'>ut</span> <span class='ocrx_word' id='word_1_261' title='bbox 589 2873 711 2908; x_wconf 91' lang='lat' dir='ltr'>cum</span> <span class='ocrx_word' id='word_1_262' title='bbox 755 2853 1044 2908; x_wconf 86' lang='lat' dir='ltr'>Turicensi</span> <span class='ocrx_word' id='word_1_263' title='bbox 1079 2854 1272 2922; x_wconf 90' lang='lat' dir='ltr'>utique</span> <span class='ocrx_word' id='word_1_264' title='bbox 1313 2852 1381 2906; x_wconf 92' lang='lat' dir='ltr'>de</span> <span class='ocrx_word' id='word_1_265' title='bbox 1417 2854 1786 2924; x_wconf 87' lang='lat' dir='ltr'>praestantiae</span> <span class='ocrx_word' id='word_1_266' title='bbox 1823 2852 1985 2907; x_wconf 82' lang='lat' dir='ltr'>laude</span> 
     </span>
     <span class='ocr_line' id='line_1_38' title="bbox 282 2924 1984 2995; baseline 0.001 -18"><span class='ocrx_word' id='word_1_267' title='bbox 282 2924 619 2979; x_wconf 83' lang='lat' dir='ltr'>contendere</span> <span class='ocrx_word' id='word_1_268' title='bbox 655 2924 924 2992; x_wconf 82' lang='lat' dir='ltr'>videatur,</span> <span class='ocrx_word' id='word_1_269' title='bbox 971 2926 1100 2979; x_wconf 89' lang='lat' dir='ltr'>licet</span> <span class='ocrx_word' id='word_1_270' title='bbox 1135 2925 1271 2978; x_wconf 87' lang='lat' dir='ltr'>haec</span> <span class='ocrx_word' id='word_1_271' title='bbox 1309 2943 1527 2994; x_wconf 89' lang='lat' dir='ltr'>quoque</span> <span class='ocrx_word' id='word_1_272' title='bbox 1563 2925 1784 2995; x_wconf 89' lang='lat' dir='ltr'>propria</span> <span class='ocrx_word' id='word_1_273' title='bbox 1818 2943 1984 2992; x_wconf 88' lang='lat' dir='ltr'>quae-</span> 
     </span>
     <span class='ocr_line' id='line_1_39' title="bbox 284 2994 1981 3068; baseline 0.001 -20"><span class='ocrx_word' id='word_1_274' title='bbox 284 2995 410 3049; x_wconf 90' lang='lat' dir='ltr'>dam</span> <span class='ocrx_word' id='word_1_275' title='bbox 459 3016 524 3051; x_wconf 93' lang='lat' dir='ltr'>ac</span> <span class='ocrx_word' id='word_1_276' title='bbox 569 2997 868 3068; x_wconf 88' lang='lat' dir='ltr'>peculiaria</span> <span class='ocrx_word' id='word_1_277' title='bbox 904 2996 1132 3063; x_wconf 90' lang='lat' dir='ltr'>habeat,</span> <span class='ocrx_word' id='word_1_278' title='bbox 1182 2995 1330 3050; x_wconf 89' lang='lat' dir='ltr'>unde</span> <span class='ocrx_word' id='word_1_279' title='bbox 1380 2995 1450 3048; x_wconf 90' lang='lat' dir='ltr'>ad</span> <span class='ocrx_word' id='word_1_280' title='bbox 1488 2994 1769 3048; x_wconf 88' lang='lat' dir='ltr'>Platonem</span> <span class='ocrx_word' id='word_1_281' title='bbox 1808 3013 1981 3049; x_wconf 89' lang='lat' dir='ltr'>emen-</span> 
     </span>
     <span class='ocr_line' id='line_1_40' title="bbox 285 3066 1985 3138; baseline 0.001 -19"><span class='ocrx_word' id='word_1_282' title='bbox 285 3066 528 3121; x_wconf 89' lang='lat' dir='ltr'>dandum</span> <span class='ocrx_word' id='word_1_283' title='bbox 563 3068 901 3138; x_wconf 89' lang='lat' dir='ltr'>proficiatur.</span> <span class='ocrx_word' id='word_1_284' title='bbox 977 3067 1254 3135; x_wconf 76' lang='lat' dir='ltr'>Quocirca</span> <span class='ocrx_word' id='word_1_285' title='bbox 1275 3075 1560 3136; x_wconf 88' lang='lat' dir='ltr'>utramque</span> <span class='ocrx_word' id='word_1_286' title='bbox 1584 3067 1985 3121; x_wconf 55' lang='lat' dir='ltr'>&gt;consulendam</span> 
     </span>
     <span class='ocr_line' id='line_1_41' title="bbox 288 3137 1982 3208; baseline 0.001 -18"><span class='ocrx_word' id='word_1_287' title='bbox 288 3137 571 3208; x_wconf 83' lang='lat' dir='ltr'>duximus,</span> <span class='ocrx_word' id='word_1_288' title='bbox 625 3141 701 3193; x_wconf 86' lang='lat' dir='ltr'>ita</span> <span class='ocrx_word' id='word_1_289' title='bbox 751 3147 934 3193; x_wconf 90' lang='lat' dir='ltr'>tamen</span> <span class='ocrx_word' id='word_1_290' title='bbox 983 3147 1045 3193; x_wconf 91' lang='lat' dir='ltr'>ut</span> <span class='ocrx_word' id='word_1_291' title='bbox 1081 3139 1528 3193; x_wconf 85' lang='lat' dir='ltr'>Duebnerianam</span> <span class='ocrx_word' id='word_1_292' title='bbox 1568 3137 1831 3208; x_wconf 88' lang='lat' dir='ltr'>imprimis</span> <span class='ocrx_word' id='word_1_293' title='bbox 1869 3159 1982 3192; x_wconf 88' lang='lat' dir='ltr'>me-</span> 
     </span>
     <span class='ocr_line' id='line_1_42' title="bbox 285 3209 1981 3265; baseline 0.001 -3"><span class='ocrx_word' id='word_1_294' title='bbox 285 3229 617 3265; x_wconf 87' lang='lat' dir='ltr'>moraremus</span> <span class='ocrx_word' id='word_1_295' title='bbox 666 3211 755 3264; x_wconf 89' lang='lat' dir='ltr'>vel</span> <span class='ocrx_word' id='word_1_296' title='bbox 807 3212 969 3264; x_wconf 90' lang='lat' dir='ltr'>etiam</span> <span class='ocrx_word' id='word_1_297' title='bbox 1017 3211 1238 3265; x_wconf 91' lang='lat' dir='ltr'>omnino</span> <span class='ocrx_word' id='word_1_298' title='bbox 1293 3209 1537 3264; x_wconf 87' lang='lat' dir='ltr'>codicem</span> <span class='ocrx_word' id='word_1_299' title='bbox 1573 3227 1764 3263; x_wconf 87' lang='lat' dir='ltr'>recens</span> <span class='ocrx_word' id='word_1_300' title='bbox 1801 3209 1981 3264; x_wconf 91' lang='lat' dir='ltr'>denuo</span> 
     </span>
     <span class='ocr_line' id='line_1_43' title="bbox 285 3278 1981 3354; baseline 0.001 -21"><span class='ocrx_word' id='word_1_301' title='bbox 285 3299 576 3335; x_wconf 86' lang='lat' dir='ltr'>excussum</span> <span class='ocrx_word' id='word_1_302' title='bbox 624 3283 712 3336; x_wconf 87' lang='lat' dir='ltr'>vel</span> <span class='ocrx_word' id='word_1_303' title='bbox 755 3283 1027 3354; x_wconf 82' lang='lat' dir='ltr'>repetitae</span> <span class='ocrx_word' id='word_1_304' title='bbox 1075 3281 1327 3336; x_wconf 90' lang='lat' dir='ltr'>lectionis</span> <span class='ocrx_word' id='word_1_305' title='bbox 1374 3278 1754 3345; x_wconf 85' lang='lat' dir='ltr'>laudaremus3</span> <span class='ocrx_word' id='word_1_306' title='bbox 1813 3280 1981 3349; x_wconf 89' lang='lat' dir='ltr'>idque</span> 
     </span>
     <span class='ocr_line' id='line_1_44' title="bbox 284 3352 1981 3426; baseline 0.001 -21"><span class='ocrx_word' id='word_1_307' title='bbox 284 3371 396 3405; x_wconf 84' lang='lat' dir='ltr'>non</span> <span class='ocrx_word' id='word_1_308' title='bbox 419 3352 552 3405; x_wconf 85' lang='lat' dir='ltr'>sine</span> <span class='ocrx_word' id='word_1_309' title='bbox 583 3373 783 3426; x_wconf 85' lang='lat' dir='ltr'>magno</span> <span class='ocrx_word' id='word_1_310' title='bbox 824 3353 1063 3423; x_wconf 89' lang='lat' dir='ltr'>quodam</span> <span class='ocrx_word' id='word_1_311' title='bbox 1098 3353 1349 3407; x_wconf 87' lang='lat' dir='ltr'>utilitatis</span> <span class='ocrx_word' id='word_1_312' title='bbox 1386 3352 1568 3404; x_wconf 88' lang='lat' dir='ltr'>fructu</span> <span class='ocrx_word' id='word_1_313' title='bbox 1599 3352 1795 3406; x_wconf 88' lang='lat' dir='ltr'>fecisse</span> <span class='ocrx_word' id='word_1_314' title='bbox 1832 3352 1981 3406; x_wconf 82' lang='lat' dir='ltr'>vide-</span> 
     </span>
    </p>
   </div>
   <div class='ocr_carea' id='block_1_3' title="bbox 284 3423 1980 3496">
    <p class='ocr_par' dir='ltr' id='par_1_3' title="bbox 284 3423 1980 3496">
     <span class='ocr_line' id='line_1_45' title="bbox 284 3423 1980 3496; baseline 0 -18"><span class='ocrx_word' id='word_1_315' title='bbox 284 3442 437 3493; x_wconf 79' lang='lat' dir='ltr'>mur,</span> <span class='ocrx_word' id='word_1_316' title='bbox 492 3424 934 3496; x_wconf 88' lang='lat' dir='ltr'>quandoquidem</span> <span class='ocrx_word' id='word_1_317' title='bbox 981 3425 1111 3480; x_wconf 89' lang='lat' dir='ltr'>inde</span> <span class='ocrx_word' id='word_1_318' title='bbox 1158 3424 1295 3478; x_wconf 85' lang='lat' dir='ltr'>locis</span> <span class='ocrx_word' id='word_1_319' title='bbox 1331 3442 1442 3477; x_wconf 86' lang='lat' dir='ltr'>non</span> <span class='ocrx_word' id='word_1_320' title='bbox 1478 3424 1671 3493; x_wconf 86' lang='lat' dir='ltr'>paucis</span> <span class='ocrx_word' id='word_1_321' title='bbox 1709 3423 1801 3478; x_wconf 82' lang='lat' dir='ltr'>lux</span> <span class='ocrx_word' id='word_1_322' title='bbox 1837 3425 1980 3479; x_wconf 86' lang='lat' dir='ltr'>salu-</span> 
     </span>
    </p>
   </div>
   <div class='ocr_carea' id='block_1_4' title="bbox 2089 2207 2124 3744">
    <p class='ocr_par' dir='ltr' id='par_1_4' title="bbox 2089 2207 2124 3744">
     <span class='ocr_line' id='line_1_46' title="bbox 2089 2207 2124 3744; baseline 0 0"><span class='ocrx_word' id='word_1_323' title='bbox 2089 2207 2124 3744; x_wconf 95' lang='lat' dir='ltr'> </span> 
     </span>
    </p>
   </div>
  </div>
 </body>
</html>
