2124 3744
324 184 429 237 DE
473 181 926 238 REPUBLICA
978 181 1125 233 LIB.
1171 181 1266 234 Vl.
1326 182 1384 233 P.
1432 185 1550 235 5025.
1594 183 1675 236 St.
1825 187 1891 234 99

161 351 336 396 μενος
378 329 520 387 αὐτὸ
584 330 785 400 ὀρθῶς
837 325 1083 402 ἡγήσει]
1144 328 1455 399 ἐπιστήμην
1499 333 1558 385 δὲ
1600 333 1694 384 καὶ
1735 328 1887 396 ,ἁλή-

165 418 361 479 θειαν,
408 413 589 484 ὥςπερ
633 421 742 469 ἐκεῖ
783 414 904 489 φῶς
948 432 1005 466 τε
1051 417 1142 466 καὶ
1190 410 1332 488 ὄψιν
1375 412 1623 481 ἡλιοειδῆ
1646 416 1749 484 μὲν
1786 434 1881 474 να·
1922 418 2024 470 509

160 618 272 659 quae
332 606 388 647 ab
440 606 540 659 ipso
586 602 847 656 philosopho
892 615 978 644 non
1067 616 1216 646 rursus
1248 606 1354 646 solis
1372 606 1716 660 comparatione.
1771 606 1878 648 Sed

160 664 323 717 scripta
356 664 547 705 fuerunt.
583 660 781 715 Tempus
809 666 877 703 est
898 662 977 703 ali·
1064 662 1373 704 scientiam
1438 670 1491 706 et
1551 665 1877 715 veritatem,

159 719 336 774 qnando
391 731 633 773 exponere,
694 718 800 772 qnid
850 717 977 760 nobis
1063 718 1214 772 inquit,
1245 719 1696 773 quemadmodum
1729 721 1877 763 illic

158 778 268 832 ipsis
298 776 383 819 boc
413 782 619 830 tempore
659 776 716 818 de
749 781 844 818 toto
875 777 975 819 loco
1063 778 1239 819 lucem
1295 790 1355 819 ac
1405 779 1581 820 visum
1632 778 1743 821 soli
1800 780 1874 821 si-

157 832 736 888 videatur‚qnandoquidem
749 846 860 886 quae
870 835 972 877 olim

157 891 214 935 de
246 904 300 933 eo
333 891 606 947 scripsimus,
636 903 750 932 nnnc
774 904 858 933 non
879 904 974 933 am-

155 950 269 1004 plius
308 949 532 1004 probanda
575 960 823 991 censemus.
888 952 973 990 Pu-

155 1014 299 1051 tamus
351 1013 499 1050 antem
539 1008 680 1050 locum
729 1007 972 1049 miserrime

155 1066 497 1107 contaminatum
508 1077 608 1108 esse
618 1065 968 1118 interpolatione,

153 1124 329 1176 qualem
356 1123 582 1165 continent
613 1122 770 1164 verba.
809 1119 866 1170 ὥς
899 1138 967 1176 yo-

151 1183 446 1235 γνωσιομέης
475 1193 615 1235 usque
646 1179 701 1222 ad
731 1179 884 1234 ὀρθῶς
917 1177 965 1231 ἦ·

150 1237 290 1307 yriasf.
350 1239 522 1286 Quibus
563 1239 714 1281 eiectis
757 1238 963 1279 continno

153 1297 294 1340 omnis
325 1297 548 1339 evanescit
568 1295 819 1340 difficultas.
850 1295 964 1338 Nam

152 1355 338 1409 primum
363 1353 542 1412 quidem
563 1354 624 1396 ita
646 1353 831 1408 emergit
851 1354 967 1395 clara

150 1417 287 1466 atque
300 1399 438 1454 lucida
448 1411 842 1467 argumentationis
862 1424 965 1466 pro-

151 1469 337 1525 gressio.
368 1469 541 1512 Deinde
571 1483 677 1512 vero
708 1469 838 1512 etiam
867 1470 967 1512 lnce

152 1528 313 1571 clarius
340 1534 538 1583 apparet,
572 1539 804 1582 quamnam
832 1527 966 1570 verba

153 1585 211 1628 de
249 1586 592 1641 interpolatione
631 1590 838 1639 suspecta
875 1586 965 1627 ori-

149 1645 293 1697 ginem
327 1642 526 1689 habeant.
566 1642 737 1686 Etenim
769 1643 965 1698 disputat

153 1701 365 1745 Socrates
405 1703 468 1744 ita
514 1702 628 1745 hunc
668 1703 712 1744 in
754 1701 961 1746 modum·

152 1760 280 1803 Boc
306 1759 843 1815 igitur,inqnit,quod
863 1759 961 1811 iis,

150 1830 293 1872 qnae
339 1823 780 1873 cognoscuntur,
820 1817 960 1859 oeri-

150 1881 320 1919 tatem
365 1876 478 1930 (qna
517 1889 670 1918 revera
712 1881 838 1927 sunt3
896 1875 962 1917 in-

150 1934 312 1988 telligit
348 1935 461 1977 enim
514 1933 814 1977 veritatem
866 1946 958 1975 eam

151 1994 381 2045 virtutem,
429 2005 513 2046 qua
562 2004 634 2034 res
681 2003 842 2044 reapse
882 2004 961 2035 ex-

150 2054 296 2101 stant,
337 2050 394 2093 de
431 2062 522 2103 qno
559 2062 654 2094 voc.
699 2061 781 2091 usn
823 2060 862 2093 v.
903 2049 960 2091 ad

149 2109 324 2152 Phileb.
343 2122 397 2177 ·p.
429 2108 531 2153 151.
562 2107 634 2151 ed.
667 2107 699 2152 1.
733 2106 879 2162 Lips.)
909 2112 964 2149 et

149 2179 356 2267 :2:2³5ss
386 2171 962 2277 ⁶5.⁸;·„‘3:::{;.⁰⁰.‚÷:2-

150 2283 268 2335 bet,
309 2283 433 2325 boni
474 2282 650 2325 ideam
695 2293 823 2324 esse
854 2286 964 2323 sta-

150 2348 272 2397 tne,
365 2341 616 2394 adeoque
709 2339 960 2382 caussam

148 2377 422 2442 scientiae
453 2405 507 2441 et
538 2396 823 2450 veritatis,
866 2396 962 2453 (le-

149 2456 340 2529 gendum
400 2457 514 2500 enim
595 2457 748 2509 utique
810 2429 964 2496 ἀἰτίαν

210 2545 222 2562 ,
261 2514 387 2557 sicuti
418 2514 619 2557 Astins
652 2513 827 2568 voluit).
884 2511 962 2555 Ni-

150 2573 304 2615 mirum
352 2571 448 2615 idea
481 2573 583 2615 boni
614 2583 696 2623 eo,
735 2570 856 2625 qnod
891 2583 960 2613 re-

151 2630 232 2672 bus
263 2630 518 2679 veritatem,
560 2629 782 2672 hominnm
814 2635 961 2671 autem

149 2687 367 2730 mentibus
387 2686 680 2743 cognoscendi
711 2687 963 2729 facultatem

149 2746 294 2796 affert,
326 2758 479 2789 revera
500 2746 784 2788 scientiae
814 2749 861 2787 et
881 2756 965 2786 ve·

150 2803 343 2846 ritstis
374 2816 527 2846 caussa
548 2803 737 2855 exsistit,
767 2807 815 2843 nt
832 2802 966 2844 facilc

150 2862 449 2936 intelligatur,
505 2874 584 2904 cur
632 2860 829 2931 addit'nm
876 2860 962 2902 sit:

151 2918 299 2961 ahter
333 2917 379 2974 γ’
421 2918 664 2974 δπιστῆμης
702 2933 840 2960 ουσαν
891 2915 965 2957 καὶ

147 2975 381 3032 ἀληθείας
440 2977 534 3020 Iam
577 2990 682 3020 vero
723 2975 767 3018 id
810 2977 966 3031 ipsum,

149 3035 268 3089 qnod
310 3035 407 3078 idea
445 3035 548 3078 boni
588 3037 644 3078 sit
674 3035 889 3077 scientiae
920 3037 968 3075 et

150 3093 352 3137 veritatis
373 3105 530 3135 caussa
557 3099 601 3136 et
634 3093 776 3148 origo,
810 3098 967 3133 tenens

152 3149 364 3194 Socrates
394 3150 554 3194 deinde
573 3150 702 3194 etiam
723 3150 856 3192 docet
880 3161 965 3191 nou

150 3206 503 3253 confundendam
534 3209 636 3252 ideo
662 3208 885 3251 scientiam
921 3212 964 3249 et

152 3267 380 3310 varitstsu
424 3278 524 3309 esse
564 3278 664 3310 cum
703 3266 806 3309 boni
847 3264 961 3315 idea,

152 3321 503 3379 quandoquidem
537 3322 644 3367 haec
674 3328 860 3377 utraque
892 3321 961 3364 ilia

152 3382 208 3423 sit
249 3383 378 3432 lonae
417 3382 615 3437 superior
655 3388 700 3426 et
735 3386 961 3435 praestan-

150 3440 245 3482 tior.
314 3439 364 3482 isi
414 3439 531 3491 quod
589 3439 718 3482 docet
774 3437 961 3480 adhibita

1060 835 1252 877 milia
1309 840 1527 879 tanturn
1587 846 1684 878 nec
1742 848 1874 878 vero

1060 893 1251 946 paria
1310 893 1637 936 existimare
1686 892 1870 946 decet,

1060 952 1140 991 ita
1195 951 1360 992 etiam
1423 949 1511 992 hic
1570 951 1871 995 veritatem

1060 1013 1114 1049 et
1199 1008 1509 1050 scientiam
1581 1008 1719 1050 bono
1793 1011 1869 1052 sis

1058 1065 1218 1107 mile
1240 1077 1280 1107 m
1325 1065 1545 1117 quidem
1577 1070 1633 1107 et
1671 1078 1869 1119 cogna-

1058 1127 1169 1164 tam
1210 1123 1472 1165 convenit
1510 1123 1868 1177 existimare,

1058 1181 1085 1222 b
1109 1181 1219 1222 oni
1274 1180 1451 1233 ipsius
1499 1186 1673 1224 autem
1718 1182 1869 1224 ratio

1054 1243 1118 1279 et
1148 1241 1345 1280 natura
1373 1238 1517 1294 (ἕξις)
1560 1238 1739 1294 pluris
1781 1253 1868 1282 ae-

1053 1295 1339 1338 stimanda
1407 1303 1466 1338 et
1533 1297 1868 1352 augustiore

1049 1354 1166 1396 loco
1199 1353 1464 1396 habenda
1497 1359 1592 1399 est.
1636 1353 1760 1397 Haec
1791 1355 1868 1409 igi·

1051 1416 1123 1453 tur
1164 1412 1351 1454 universi
1393 1412 1476 1454 loci
1523 1414 1744 1455 sententia
1785 1418 1866 1458 est.

1050 1469 1171 1529 Quid
1200 1469 1360 1524 igitur?
1392 1471 1459 1513 Ea
1493 1471 1692 1525 exposita
1723 1483 1866 1513 nonne

1051 1533 1259 1596 protenus
1301 1527 1431 1571 etiam
1471 1530 1634 1572 clarum
1682 1529 1764 1571 erit
1812 1541 1865 1570 ac

1050 1586 1355 1641 perspicuum,
1398 1587 1529 1629 verba
1571 1600 1597 1629 a.
1628 1587 1751 1629 uobis
1786 1600 1865 1640 pro

1051 1644 1268 1698 suspectis
1300 1642 1443 1686 habita
1486 1643 1588 1686 nihil
1617 1644 1732 1687 aliud
1765 1658 1866 1688 esse

1050 1701 1133 1743 nisi
1163 1701 1359 1755 ineptum
1391 1703 1637 1756 glossema,
1677 1703 1765 1745 loci
1796 1702 1865 1745 di-

1050 1758 1268 1801 lucidandi
1306 1771 1463 1801 caussa
1502 1759 1770 1815 adscriptum
1812 1774 1864 1802 ac

1051 1822 1205 1872 postea
1259 1816 1299 1858 in
1342 1817 1477 1870 ipsam
1518 1818 1712 1860 Platonis
1760 1831 1864 1861 ora-

1050 1876 1214 1916 tionem
1246 1874 1500 1917 invectum?
1537 1870 1648 1918 Nam
1681 1875 1741 1918 ad
1768 1876 1863 1917 ἔπι-

1049 1930 1221 1987 στῆμην
1250 1937 1501 1975 annotatum
1524 1940 1613 1976 est·
1631 1931 1687 1981 ὥς
1708 1949 1864 1989 γιγνω-

1046 1995 1250 2045 σκομένης
1293 1992 1368 2043 μὲν
1412 1990 1482 2031 διὰ
1531 1996 1638 2033 νου·
1625 2023 1636 2036 .
1691 1993 1861 2045 reliqua

1045 2053 1190 2090 antem
1225 2047 1442 2101 pertinent
1470 2048 1524 2090 ad
1557 2049 1860 2093 illustrandam

1046 2107 1289 2148 sententiae
1336 2111 1503 2159 partem
1561 2106 1693 2149 lianc·
1746 2105 1861 2149 οὕτω

1045 2163 1117 2204 καὶ
1146 2164 1350 2204 ἐνταῦθα
1380 2189 1438 2196 —
1477 2162 1695 2219 μειζόνως
1731 2181 1861 2219 τιμη-

1045 2222 1148 2263 τέον
1178 2219 1259 2273 τὴν
1288 2225 1374 2262 τοῦ·
1408 2217 1594 2276 drabo&
1626 2221 1722 2268 ἕξιν.
1767 2224 1860 2266 Sed

1048 2278 1156 2323 haec
1185 2278 1292 2321 satis
1324 2276 1380 2322 de
1411 2279 1493 2324 bis.
1542 2281 1670 2324 Quae
1698 2281 1735 2324 si
1757 2293 1862 2324 vere

1047 2337 1270 2391 disputata
1301 2342 1430 2391 sunt,
1469 2337 1569 2381 hinc
1604 2351 1778 2393 quoque
1807 2339 1861 2381 li-

1046 2400 1150 2451 quet
1180 2394 1366 2438 Parisini
1399 2396 1492 2439 libri
1524 2401 1574 2441 A.
1611 2397 1861 2440 auctoritati

1046 2453 1301 2508 neutiquam
1320 2454 1464 2496 omnia
1487 2454 1715 2498 tribuenda
1737 2467 1858 2508 esse,

1046 2522 1178 2565 quum
1229 2512 1270 2552 in
1326 2510 1413 2554 isto
1461 2513 1730 2567 glossemate
1780 2510 1854 2555 διὰ

1045 2573 1123 2610 ὀὗ
1156 2569 1283 2611 unice
1314 2581 1461 2612 verum
1502 2584 1603 2612 esse
1632 2574 1855 2625 appareat.

1107 2626 1160 2669 P.
1188 2625 1555 2680 509.ἦλιοειδῆ
1578 2626 1855 2683 μὲν-ἄγα-

1050 2685 1356 2739 θοειδῆ-]
1400 2686 1464 2727 De
1497 2699 1591 2728 voc.
1622 2683 1857 2740 ἡλιοειδῆς,

1050 2743 1173 2784 cuius
1185 2743 1502 2796 superlativum
1518 2741 1859 2796 ἡλιοειδέστατον

1049 2814 1088 2855 p.
1108 2799 1212 2845 508.
1233 2801 1287 2844 Β.
1310 2801 1510 2854 legimns,
1533 2813 1574 2843 v.
1597 2802 1857 2846 Creuser.

1047 2857 1103 2900 ad
1145 2858 1305 2902 Plotin.
1368 2859 1434 2901 De
1474 2860 1657 2913 pulcrit-
1690 2858 1764 2905 57.

1047 2915 1149 2962 358.
1183 2914 1428 2960 Chalcid.
1459 2916 1515 2959 ad
1546 2915 1662 2959 Tim.
1694 2872 1857 2971 μΙΒῙ.

1052 2974 1200 3016 Sext.
1234 2973 1428 3029 Emplr.
1463 2973 1856 3019 adv.Matliem..1

1054 3031 1122 3075 13.
1155 3043 1198 3086 p.
1229 3030 1330 3076 283.
1361 3031 1509 3084 ibique
1539 3033 1852 3076 Fabricius.

1052 3088 1343 3132 Iambllcb.
1400 3088 1582 3134 Adliort.
1634 3090 1689 3133 ad
1753 3089 1856 3133 Plui-

1052 3149 1131 3190 los.
1160 3145 1378 3192 32—58.
1412 3144 1480 3190 ed.
1511 3148 1713 3192 Kiessl.
1772 3147 1855 3191 m-

1052 3207 1208 3247 mirum
1244 3205 1311 3247 usi
1351 3205 1425 3247 illo
1465 3212 1566 3249 snut
1592 3207 1857 3250 creberrime

1049 3263 1527 3307 recentioresPlstonici
1537 3270 1669 3319 atque
1680 3266 1856 3308 omnino

1052 3319 1310 3375 philosophi.
1372 3319 1496 3365 Idem
1546 3322 1712 3365 dictum
1757 3327 1856 3365 esto

1050 3380 1105 3422 de
1134 3377 1421 3435 ἆγαθοειδῆς,
1455 3379 1510 3423 de
1531 3392 1619 3435 qno
1639 3394 1675 3422 v.
1693 3380 1856 3423 Creu-

1052 3449 1155 3479 κον.
1210 3436 1415 3490 Prole-gg.
1466 3436 1520 3479 ael
1571 3439 1726 3481 Plotini.
1794 3439 1855 3479 De

1421 3522 1514 3573 7*
