2106 3594
331 123 477 178 XVI

333 266 424 318 nia
475 263 947 318 considerantibus
997 261 1156 315 nobis
1207 263 1391 316 nescio
1451 283 1557 333 quo
1610 271 1773 333 pacto
1824 282 2039 335 semper

335 337 436 390 hac
486 336 695 387 ratione
751 334 888 387 inita
946 333 1124 386 visum
1178 342 1261 388 est
1328 353 1468 404 opus
1526 333 2040 389 artificiosissimum

335 426 543 460 summa
583 407 785 458 virtute
825 404 1040 471 orbari,
1095 404 1201 458 hoc
1239 413 1324 457 est
1373 407 1681 477 argumenti
1728 405 1938 459 unitate
1977 424 2040 459 ac

336 477 697 548 simplicitate.
786 476 1007 529 Etenim
1057 493 1223 544 quum
1271 478 1349 530 ita
1397 477 1634 530 civitatis
1686 478 1868 549 imago
1922 484 2041 530 tota

335 546 620 600 referenda
656 547 730 599 sit
766 546 837 599 ad
874 547 1091 600 virtutis
1130 547 1364 618 speciem
1403 547 1819 616 absolvendam,
1859 555 2042 602 tamen

338 617 513 671 eidem
541 617 792 671 ‘admixta
829 625 957 671 sunt
1007 636 1166 687 quae,
1224 618 1356 688 quid
1411 619 1616 671 faciant
1654 618 1725 671 ad
1760 619 1906 672 illius
1945 637 2042 670 na—

336 698 513 743 turam
553 688 955 756 declarandam,
995 689 1229 761 intelligi
1251 690 1399 743 nullo
1427 689 1591 743 modo
1631 696 1833 759 potest.
1890 687 2044 757 Quid

337 760 486 829 quod
524 761 684 813 etiam
711 760 780 813 -in
808 759 1168 814 describenda
1192 761 1471 832 republica
1497 781 1608 814 non
1639 761 1817 814 minus
1845 779 2043 832 operae

338 832 678 885 consumitur
715 851 879 900 quam
916 832 971 883 in
1011 831 1344 903 exploranda
1380 832 1621 900 iustitia,
1662 831 1738 883 ita
1774 839 1838 884 ut
1875 850 2043 901 quae-

339 902 444 957 stio
484 902 551 956 de
600 903 765 957 rebus
806 903 1057 957 civilibus
1108 904 1339 973 amplius
1377 904 1489 956 fere
1530 903 1766 974 spatium
1806 909 2044 974 occupet

340 993 504 1044 quam
554 992 693 1044 quae
741 973 809 1027 de
855 974 1057 1027 virtute
1107 973 1464 1028 disseruntur.
1562 972 1730 1042 Quod
1780 973 1902 1044 quis
1960 981 2046 1027 est

341 1045 433 1116 qui
483 1045 771 1099 Platonem
820 1045 895 1098 i'ta
954 1045 1328 1099 instituturum
1378 1046 1547 1099 fuisse
1601 1043 1821 1112 credat,
1881 1043 1928 1099 si
1978 1043 2045 1097 de

339 1115 546 1189 optima
582 1116 802 1170 civitate
841 1116 997 1186 quasi
1036 1117 1214 1170 obiter
1251 1125 1333 1184 et,
1383 1126 1445 1170 ut
1484 1115 1697 1171 Graece
1737 1115 1934 1184 dicam,
1975 1115 2048 1179 ὠς

338 1194 397 1242 ὲν
432 1193 690 1258 παρέργῳ
728 1207 987 1258 quaerere
1026 1188 1331 1242 voluisset?
1406 1187 1500 1241 Ad
1562 1187 1698 1240 haec
1734 1194 1917 1240 autem
1956 1205 2045 1240 ac-

340 1257 490 1313 cedit
538 1259 701 1313 etiam
772 1258 938 1329 illud,
990 1258 1057 1312 de
1111 1278 1220 1328 quo
1269 1278 1444 1330 nuper
1492 1258 1868 1330 Rettigius
1916 1276 2046 1312 acu-

338 1330 546 1385 tissime
596 1330 928 1402 disputavit,
982 1329 1130 1401 quod
1166 1331 1408 1384 universi
1458 1331 1640 1402 operis
1681 1348 1768 1383 ars
1806 1341 1861 1383 et
1899 1348 2045 1382 com-

337 1401 542 1473 positio
590 1402 669 1455 ita
717 1400 935 1455 demum
983 1400 1279 1473 prudenter
1334 1402 1590 1455 instituta
1637 1419 1757 1455 esse
1811 1400 2046 1455 iudicari

340 1471 536 1541 debet,
599 1473 646 1526 si
695 1471 1120 1542 disputationem
1187 1471 1254 1525 de
1321 1473 1601 1542 republica
1660 1491 1772 1526 non
1834 1478 2045 1538 tantum

341 1543 718 1597 secundariam
756 1545 871 1597 eius
908 1551 1118 1615 partem
1144 1562 1262 1597 esse
1287 1543 1670 1607 statuerimus;
1711 1541 1860 1612 quod
1899 1550 2046 1596 certe

341 1614 499 1668 aliter
531 1622 679 1669 esset
715 1615 976 1682 futurum,
1017 1615 1065 1667 si
1099 1614 1395 1685 praecipue
1433 1621 1690 1686 ageretur
1728 1613 1797 1668 de
1833 1613 2046 1668 iustitia

342 1705 407 1740 ac
439 1686 688 1756 perfecta
724 1686 942 1739 virtute.
1017 1686 1214 1755 Itaque
1239 1686 1595 1757 gravissimae
1633 1685 1880 1754 profecto
1918 1691 2048 1738 sunt

341 1756 741 1825 dubitationeS,
794 1757 1123 1825 quibuscum
1171 1757 1278 1810 ista
1337 1756 1405 1814 de
1468 1755 1823 1827 Reipublicae
1883 1774 2046 1828 argu-

340 1835 525 1881 mento
574 1835 629 1881 et
677 1828 906 1881 consilio
955 1827 1228 1881 sententia
1281 1827 1595 1881 coniuncta·
1621 1834 1737 1896 est,
1778 1845 1920 1897 quae
1977 1845 2047 1880 ne

339 1899 407 1953 iis
447 1897 667 1968 quidem
704 1898 815 1951 ullo
852 1898 1016 1952 modo
1064 1898 1332 1952 tolluntur
1370 1906 1467 1951 aut
1503 1911 1868 1967 removentur,
1907 1915 2046 1967 quae

342 1990 374 2024 a
413 1969 1074 2026 Schleiermachero
1114 1969 1182 2023 de
1236 1970 1431 2023 horum
1464 1969 1727 2023 librorum
1764 1988 1889 2022 cum
1925 1969 2046 2023 aliis

340 2042 558 2114 scriptis
607 2041 855 2094 Platonis
894 2041 1297 2096 necessitudine
1349 2049 1403 2094 et
1461 2041 1848 2095 coniunctione
1921 2039 2034 2095 dis·

339 2119 532 2184 putata
567 2120 710 2167 sunt.
783 2112 1006 2166 Etenim
1043 2113 1175 2166 artis
1213 2110 1435 2182 quidem
1470 2112 1624 2184 leges
1649 2113 1896 2184 profecto
1934 2111 2040 2165 hoc

341 2184 605 2255 exigunt,
655 2193 718 2237 ut
768 2183 1199 2253 unumquodque
1239 2203 1376 2254 opus
1427 2182 1498 2236 ad
1535 2203 1627 2238 eas
1667 2185 2049 2254 comparatum

341 2256 400 2308 in
449 2275 507 2309 se
554 2256 857 2327 perfectum
909 2256 980 2309 sit
1029 2263 1085 2308 et
1121 2255 1462 2323 absolutum,
1514 2254 1618 2308 hoc
1663 2263 1746 2308 est
1781 2255 1859 2307 ita
1897 2273 2044 2307 com-

341 2326 612 2397 positum,
668 2333 732 2379 ut
775 2326 845 2378 ad
895 2325 1330 2408 perspiciendam
1367 2344 1581 2379 omnem
1630 2326 1746 2378 eius
1783 2324 2042 2392 indolem,

341 2405 588 2451 naturam
617 2405 672 2450 et
693 2398 959 2450 rationem
983 2397 1117 2450 mhil
1138 2396 1330 2450 deesse
1355 2396 1622 2450 videatur.
1661 2396 1807 2450 Nam
1831 2395 2046 2449 etiamsi
2102 2418 2105 2466 ς

341 2467 479 2521 illud
517 2468 807 2522 cohaereat
853 2488 976 2522 cum
1036 2469 1176 2536 aliis,
1230 2476 1410 2521 tamen
1447 2469 1627 2539 ipsum
1665 2487 1762 2538 per
1800 2486 1859 2520 se
1909 2486 2045 2536 quo·
2100 2502 2102 2524 z

344 2557 449 2609 que
505 2539 736 2611 simplex
790 2547 953 2608 atque
993 2559 1159 2593 unum
1206 2557 1327 2593 esse
1365 2546 1598 2610 oportet.
1674 2537 1842 2606 Quod
1878 2538 2047 2609 igitur
2100 2541 2106 2551 '¹

342 2617 540 2682 poetae
578 2611 783 2664 scenici
824 2618 1034 2664 veteres
1072 2612 1320 2664 fecerunt
1365 2611 1420 2663 in
1458 2607 1850 2681 componendis
1889 2609 2045 2662 fabu-

341 2683 517 2735 larum
565 2682 830 2754 trilogiis,
883 2690 943 2736 ut
999 2683 1103 2735 etsi
1151 2701 1322 2735 unum
1373 2681 1628 2751 idemque
1666 2687 2046 2752 argumentum

344 2754 728 2806 continuarent
773 2772 838 2806 ac
931 2760 1380 2823 ersequerentur,
1431 2760 1616 2806 tamen
1667 2750 1912 2822 singulas
1962 2751 2044 2803 fa-

343 2824 499 2877 bulas
537 2843 602 2877 eo
642 2824 804 2878 modo
845 2844 876 2877 a
918 2837 1202 2894 ornarent,
1242 2832 1306 2877 ut
1342 2842 1440 2896 per
1474 2842 1534 2876 se
1572 2823 1818 2894 integrae
1857 2831 1912 2877 et
1950 2822 2044 2875 ab·

290 2945 293 2947 .
344 2894 556 2948 solutae
605 2895 956 2962 viderentur3
1005 2896 1149 2949 idem
1195 2897 1311 2948 iure
1363 2893 1601 2964 quodam
1655 2901 1845 2947 nostro
1883 2893 2045 2947 etiam

345 2984 378 3018 a
421 2964 762 3038 dialogorum
812 2968 1079 3037 scriptore
1115 2966 1396 3038 postulare
1434 2964 1710 3031 videmur,
1761 2964 1927 3036 idque
1981 2980 2068 3017 eo.

344 3037 581 3106 rectius,
634 3036 812 3091 sicubi
850 3037 917 3091 de
969 3039 1038 3093 iis
1075 3038 1240 3092 rebus
1293 3035 1609 3103 disseritur,
1661 3055 1799 3104 quae
1834 3034 2046 3089 etiamsi

344 3107 529 3176 aliqua
567 3109 872 3179 argumenti
909 3109 1237 3181 cognatione
1274 3106 1675 3175 contineantur,
1715 3115 1900 3161 tamen
1934 3124 2045 3160 non

343 3192 455 3230 tam
491 3186 640 3232 arcte
678 3179 819 3233 inter
853 3198 910 3234 se
950 3180 1271 3248 cohaerent,
1321 3186 1385 3232 ut
1421 3197 1453 3230 a
1490 3196 1547 3231 se
1586 3177 1819 3231 invicem
1859 3176 2042 3230 divelli

344 3267 409 3302 ac
448 3249 687 3321 separari
724 3251 872 3305 nullo
911 3250 1073 3305 modo
1110 3250 1399 3322 potuerint.
1477 3247 1752 3316 Quocirca
1789 3267 1892 3303 nec
1920 3248 2043 3301 Pla-

344 3321 488 3373 tonis
543 3320 796 3374 Politiam
859 3341 1174 3390 censemuS,
1225 3318 1494 3390 siquidem
1541 3339 1678 3390 opus
1741 3320 1813 3373 sit
1868 3321 1920 3372 in
1986 3337 2041 3369 se
