2106 3594
260 181 371 234 XL
410 152 417 158 ’

263 323 571 394 Republica
599 322 881 390 disputata
908 326 1059 388 sunt,
1098 320 1316 373 omnino
1354 319 1432 371 ita
1471 316 1794 389 accipienda
1831 336 1971 386 esse,

262 402 325 448 ut
361 394 521 448 simul
560 392 630 446 ad
673 393 952 446 civitatem
987 390 1275 445 referenda
1311 391 1451 455 sint3
1505 408 1818 459 quanquam
1868 389 1972 441 hac

265 465 486 535 quidem
510 465 566 517 in
603 471 758 535 parte
807 461 1201 532 disputationis
1228 462 1316 515 res
1354 463 1475 534 ipsa
1512 462 1703 531 utique
1729 462 1809 513 ita
1845 461 1972 513 tulit

264 545 340 604 ut,
382 536 583 589 civium
623 554 685 587 ac
711 534 1017 605 principum
1052 535 1131 587 rei
1175 534 1385 588 ublicae
1423 533 1609 604 potius
1649 552 1813 603 quam
1850 533 1972 584 uni-

264 626 455 660 versae
495 606 733 660 civitatis
770 606 910 659 ratio
948 605 1125 660 haben
1168 625 1199 658 a
1237 613 1397 659 esset.

410 679 527 732 Iam
576 697 706 731 vero
763 676 846 731 his
897 678 976 730 ita
1013 678 1276 748 expositis
1315 677 1540 749 planum
1577 675 1775 729 fecisse
1812 675 1971 727 nobis

265 749 542 818 videmur,
595 769 812 816 eorum,
863 767 1003 818 quae
1051 748 1119 802 de
1158 749 1364 819 optimo
1415 747 1631 801 homine
1671 754 1727 799 et
1764 745 1833 798 de
1873 765 1972 816 op-

264 823 398 875 tima
443 822 667 875 civitate
716 828 882 890 atque
927 821 1095 874 variis
1143 821 1430 889 utriusque
1466 818 1768 872 rationibus
1807 836 1974 888 expo·

262 894 370 946 sita
409 901 557 960 sunt,
595 899 804 945 tantam
842 911 960 946 esse
999 893 1436 946 convenientiam
1487 898 1803 959 tantamque
1843 907 1974 941 con-

261 965 616 1033 iunctionem,
665 972 729 1017 ut
775 965 892 1025 sine
940 963 1054 1016 ulla
1090 963 1430 1016 dubitatione
1479 962 1600 1033 pari
1652 959 1973 1032 dignatione

264 1035 629 1107 impertienda
679 1036 791 1089 sint
809 1076 824 1104 ,
885 1036 1210 1106 praesertim
1278 1054 1443 1104 quum
1495 1034 1658 1086 etiam
1692 1032 1812 1104 pari
1851 1030 1974 1082 dili-

264 1108 452 1179 gentia
488 1127 553 1161 ac
591 1107 914 1161 subtilitatis
954 1106 1135 1162 studio
1175 1107 1286 1161 sint
1319 1112 1558 1158 tractata
1597 1111 1763 1173 atque
1801 1101 1974 1155 admi-

261 1179 420 1233 rabili
458 1178 1118 1250 disputationis'artificio
1154 1179 1233 1231 ita
1268 1179 1592 1245 coniuncta,
1639 1184 1702 1229 ut
1736 1174 1867 1227 dum
1905 1173 1976 1225 (le

261 1259 459 1304 natura
496 1250 732 1304 hominis
773 1249 1105 1321 disputatur,
1146 1249 1335 1303 eadem
1375 1268 1542 1320 opera
1582 1247 1746 1301 etiam
1783 1245 1974 1299 civita-

261 1324 332 1376 tis
387 1322 626 1376 rationes
673 1321 1049 1392 declarentur,
1109 1340 1172 1374 ac
1223 1321 1466 1375 vicissim
1512 1319 1642 1372 dum
1690 1318 1757 1372 de
1811 1335 1974 1388 repu-

263 1394 411 1448 blica
460 1393 781 1462 disseritur,
841 1394 1016 1464 ipsius
1075 1392 1312 1446 hominis
1375 1391 1637 1463 grandior
1704 1388 1972 1460 quaedam

265 1466 480 1535 species
520 1473 574 1518 et
611 1465 794 1536 imago
834 1467 904 1519 ob
945 1464 1135 1518 oculos
1175 1472 1430 1535 ponatur,
1472 1462 1617 1516 unde
1640 1462 1789 1515 illius
1813 1461 1971 1514 indo-

260 1538 340 1591 les
369 1544 534 1606 atque
558 1537 734 1589 virtus
764 1536 962 1589 clarius
996 1542 1379 1606 cognoscatur.
1455 1533 1597 1589 Cum
1610 1533 1694 1588 his
1720 1533 1972 1587 omnibus

261 1628 394 1662 vero
446 1604 597 1678 quod
646 1607 943 1661 coniuncta
997 1614 1083 1660 est
1132 1605 1435 1677 disputatio
1484 1605 1552 1658 de
1589 1606 1646 1659 vi
1684 1611 1739 1658 et
1777 1613 1975 1657 natura

260 1680 480 1734 virtutis
528 1679 872 1749 maximeque
928 1678 1169 1732 iustitiae
1218 1685 1382 1746 atque
1443 1676 1744 1731 arctissime
1809 1676 1972 1729 etiam

263 1769 511 1804 connexa
558 1751 808 1820 quaestio
861 1749 929 1804 de
980 1749 1285 1803 defectione
1324 1749 1391 1802 ab
1431 1750 1639 1819 optima
1676 1747 1791 1802 vita
1829 1749 1972 1801 eius-

262 1842 368 1892 que
409 1822 740 1892 indignitate
784 1829 948 1891 atque
987 1840 1188 1893 poena,
1226 1819 1437 1873 faciunt
1460 1826 1606 1873 certe
1632 1819 1813 1873 omnia
1849 1820 1971 1891 plu-

257 1895 454 1947 rimum
494 1893 563 1946 ad
601 1892 1033 1947 confirmandam
1070 1912 1190 1946 eam
1228 1891 1571 1958 sententiam,
1613 1910 1776 1960 quam
1805 1910 1972 1963 supra

262 1965 329 2018 de
379 1966 612 2037 Politiae
652 1983 863 2018 summa
889 1973 944 2017 et
980 1964 1174 2017 ultimo
1212 1963 1322 2016 fine
1360 1963 1724 2033 prodidimus.
1800 1963 1970 2016 Pro-

258 2037 494 2108 posuit
532 2037 674 2090 enim
712 2035 1073 2108 philosophus
1097 2036 1316 2089 omnino
1354 2035 1737 2088 universae
1777 2036 1970 2089 vitae

260 2111 636 2178 humanae,
685 2108 988 2161 iustitia
1024 2107 1135 2160 vel
1173 2115 1649 2159 consummata
1686 2107 1968 2160 virtute

262 2179 647 2241 secundum
708 2179 1032 2252 nativam
1096 2177 1177 2231 ad
1254 2178 1588 2232 virtutem
1649 2178 1968 2232 indolem

258 2272 284 2307 s
309 2271 455 2305 uam
483 2251 564 2305 ad
590 2270 784 2321 quam
808 2251 1163 2308 maximam
1185 2249 1668 2321 perfectionis
1690 2250 1967 2304 laudem

261 2329 553 2377 evectae
596 2332 662 2376 et
699 2321 778 2375 ad
831 2322 997 2376 boni
1045 2320 1269 2375 ideam
1322 2321 1759 2393 gubernatae
1810 2341 1966 2395 spe-

260 2395 434 2449 ciem
494 2403 560 2448 et
628 2394 998 2518 imaginem
1052 2392 1359 2461 eiusque
1423 2393 1556 2445 vim
1618 2412 1691 2447 ac
1757 2413 1964 2466 prae-

260 2466 594 2520 stantiam
631 2466 729 2518 ita
818 2465 1009 2519 eclar
1029 2465 1211 2533 avit,
1252 2474 1326 2517 ut
1363 2464 1571 2517 simul
1628 2465 1967 2519 ostende-

261 2539 364 2591 rit
426 2538 646 2591 vitam
698 2537 1060 2590 humanam
1107 2544 1316 2588 tanto
1368 2535 1804 2607 peioremac
1842 2539 1966 2590 mi-

261 2610 595 2662 seriorem
679 2609 1039 2662 exsistere
1112 2607 1373 2673 solere,
1474 2615 1738 2676 quanto
1826 2629 1965 2662 ma-

259 2682 363 2752 gis
405 2699 437 2733 a
473 2680 800 2747 iustitia,
841 2699 918 2732 ex
953 2679 1193 2732 summi
1245 2678 1408 2732 boni
1449 2677 1611 2731 idea
1650 2680 1962 2751 oriunda,

261 2752 632 2805 defecerit.
710 2751 838 2820 Qua
872 2750 1090 2821 quidem
1128 2751 1340 2803 ratione
1379 2750 1536 2802 simul
1578 2750 1738 2804 etiam
1786 2751 1965 2822 philo-

258 2823 511 2892 sophiam
575 2843 756 2877 veram
831 2842 952 2876 esse
1018 2831 1188 2875 artem
1263 2821 1477 2875 civilem
1551 2820 1963 2884 demonstravit,

257 2893 553 2949 Enimvero
615 2896 746 2948 boni
804 2894 984 2948 ideam
1040 2913 1252 2948 omnem
1302 2891 1580 2946 hominum
1634 2894 1803 2947 vitam
1850 2903 1963 2949 tam

258 2964 528 3035 privatam
567 2967 834 3036 cuiusque
875 2985 1036 3036 quam
1074 2965 1348 3036 publicam
1375 2971 1662 3034 penetrare
1689 2973 1960 3036 oportere,

256 3038 378 3106 ipse
427 3054 540 3088 non
592 3037 823 3090 obscure
873 3037 1206 3109 significavit
1253 3035 1408 3088 Libr.
1465 3035 1568 3087 VI.
1618 3055 1671 3105 p.
1712 3039 1831 3091 500.
1868 3039 1961 3108 D„

256 3107 349 3160 ubi
417 3106 604 3176 quales
668 3126 788 3161 esse
846 3108 1038 3162 deceat
1085 3107 1326 3160 civitatis
1373 3113 1644 3175 rectores,
1686 3108 1965 3180 eleganter

257 3177 520 3250 disputat.
607 3178 695 3232 Ibi
746 3180 887 3236 enim
939 3179 1119 3235 verbis
1174 3177 1488 3234 clarissimis
1538 3178 1672 3232 haec
1712 3181 1960 3252 scripsit:

259 3251 400 3317 Θείῳ
441 3247 510 3316 δὴ
559 3253 652 3304 καὶ
690 3257 903 3319 κοσμίῳ
945 3250 978 3304 ὅ
1017 3271 1077 3320 γε
1117 3246 1440 3323 φιλόσοφος
1478 3247 1688 3319 ὁμιλῶν
1726 3252 1964 3321 κόσμιός

253 3341 308 3372 τε
361 3324 451 3374 καὶ
499 3323 665 3384 θεῖος
704 3327 781 3384 εὶς
828 3322 890 3374 τὸ
946 3323 1188 3375 δυνατὸν
1240 3317 1534 3389 ἀνθρώπῳ
1589 3328 1851 3393 γίγνεται.
1891 3358 1958 3364 --

254 3387 324 3443 [ἓν
354 3386 453 3445 οὖν
493 3414 575 3455 τις
632 3393 784 3462 αὐτῷ
827 3390 1039 3462 ἀνάγκη
1074 3394 1297 3462 γένηται
1351 3392 1386 3445 εἳ
1435 3398 1543 3446 ἐκεῖ
1599 3393 1709 3464 ὁρᾷ
1769 3394 1958 3462 (ideas
