2124 3744
549 1078 1498 1175 ARGUMENTUM

757 1253 981 1300 ΙιΙΒΙῑΙ
1029 1254 1292 1300 smxrl.

181 1457 461 1556 Socrates
510 1501 801 1573 imaginem
854 1501 1171 1573 philosophi
1218 1500 1288 1554 ad
1336 1501 1614 1554 civitatem
1652 1497 1881 1552 admini-

179 1574 462 1629 strandam
497 1573 684 1627 idonei
722 1572 984 1628 exhibens
1020 1574 1099 1626 ita
1124 1573 1404 1644 disputare
1427 1571 1622 1644 pergit.
1698 1569 1885 1638 Quum

182 1646 382 1719 igitur,
423 1646 634 1716 inquit,
672 1645 987 1717 philosophi
1025 1645 1136 1700 sint
1170 1646 1240 1714 ii,
1281 1644 1376 1715 qui
1415 1653 1663 1697 aeternas
1704 1662 1884 1697 rerum

182 1719 397 1789 species
450 1727 505 1771 et
552 1719 754 1770 formas
802 1737 1140 1789 cognoscere
1195 1717 1484 1786 animoque
1535 1715 1733 1768 intueri
1769 1724 1883 1769 stu-

181 1790 344 1854 dent3
385 1798 578 1844 contra
614 1789 680 1857 ii,
722 1790 814 1858 qui
851 1788 904 1841 in
945 1790 1108 1843 rebus
1147 1789 1347 1857 variis,
1389 1788 1567 1855 fluxis,
1607 1786 1883 1841 mutabili-4

182 1863 285 1917 bus
343 1859 755 1916 considerandis
815 1869 1128 1930 versantur,
1189 1881 1300 1914 non
1365 1861 1477 1914 sint
1540 1858 1884 1930 philosophi:

182 1933 318 1988 utris
353 1932 591 1987 civitatis
629 1932 952 2004 gubernatio
990 1932 1258 1986 tradenda
1298 1933 1388 2000 sit,
1431 1932 1587 1985 facile
1626 1931 1886 2002 intelligi-

181 2015 285 2061 tur.
361 2004 685 2077 Philosophi
733 2005 876 2058 enim
926 2024 1094 2075 quum
1148 2005 1389 2060 habeant
1423 2004 1599 2074 ipsius
1640 2003 1917 2075 veritatis⁴

182 2077 584 2151 cognitionem,
638 2075 771 2147 quid
826 2078 1027 2131 iustum
1066 2077 1138 2131 sit
1173 2077 1228 2130 in
1265 2077 1519 2145 civitate,
1573 2074 1707 2144 quid
1745 2075 1887 2128 iniu-

183 2160 359 2218 stum,
397 2149 711 2203 acutissime
757 2148 1037 2203 videbunt.
1114 2149 1392 2217 Quocirca
1428 2148 1495 2216 ii,
1554 2147 1648 2217 qui
1685 2147 1795 2200 vim
1832 2155 1889 2200 et

185 2231 434 2278 naturam
483 2220 750 2291 cuiusque
798 2221 878 2274 rei
924 2232 1223 2295 novenum,
1288 2220 1527 2292 eligendi
1577 2226 1705 2273 sunt
1753 2219 1888 2273 civi-

182 2294 316 2349 tatis
353 2291 646 2361 custode8‚
696 2294 1014 2364 praesertim
1065 2297 1234 2363 quum
1280 2312 1383 2346 nec
1417 2293 1484 2345 iis
1523 2299 1744 2345 careant
1779 2291 1889 2345 vir-

185 2366 432 2433 tutibus,
481 2364 681 2435 quibus
730 2365 825 2418 alii
876 2365 1142 2419 excellere
1179 2365 1486 2418 videantur.
1562 2363 1731 2431 Quod
1770 2363 1889 2434 qui-

186 2437 309 2492 dem
348 2438 427 2490 ita
463 2455 585 2491 esse
623 2436 827 2509 optime
864 2456 931 2490 ex
967 2437 1100 2509 ipsa.
1124 2437 1440 2508 philosophi
1478 2444 1702 2504 natura,
1753 2455 1888 2505 qua-

185 2510 291 2565 lem
328 2508 747 2581 descripsimus,
796 2509 1060 2581 cognosci
1109 2518 1310 2581 potest.
1395 2509 1614 2562 Etenim
1654 2508 1890 2580 flagran-

187 2582 399 2637 tissimo
448 2600 633 2634 earum
686 2599 896 2647 rerum,
951 2600 1091 2651 quae
1128 2601 1320 2636 revera
1357 2590 1516 2649 sunt,
1568 2599 1752 2634 amore
1809 2579 1891 2632 in·

186 2653 339 2710 censi
388 2653 551 2707 etiam
600 2671 693 2706 eas
731 2660 875 2706 artes
912 2672 976 2707 ac
1013 2651 1197 2707 studia
1234 2655 1528 2720 amabunt.,
1575 2671 1714 2723 quae
1752 2651 1769 2704 i
1815 2651 1891 2706 sis

189 2727 298 2781 vim
346 2732 599 2779 aeternae
650 2723 797 2779 illius
846 2725 1041 2788 οὐσίας
1091 2725 1260 2780 veluti
1314 2724 1666 2799 patefaciant.
1761 2670 1889 2792 8,υο

187 2796 407 2870 quidem
445 2795 630 2851 studio
681 2817 789 2851 non
829 2806 1015 2868 potest
1051 2817 1162 2851 non
1202 2797 1380 2868 effici,
1429 2805 1492 2851 ut
1541 2794 1787 2850 fraudem
1837 2804 1894 2849 et

186 2868 530 2926 mendacium
568 2869 798 2923 maxime
837 2870 1071 2942 fugiant,
1123 2870 1498 2924 veritatem
1537 2868 1746 2923 unice
1784 2866 1890 2921 di-

189 2943 436 3015 ligant.
513 2941 668 2996 Nihil
707 2941 1000 2995 enimcum
1038 2941 1325 3013 sapientia,
1366 2942 1455 2996 cui
1490 2941 1568 2995 illi
1606 2948 1754 2995 certe
1776 2946 1892 2995 stu-

189 3013 356 3082 dent,
408 3014 612 3069 maiore
665 3014 976 3068 continetur
1012 3013 1420 3069 necessitudine
1460 3032 1622 3098 quam
1659 3013 1892 3078 ver-itas3

189 3087 269 3141 its
303 3095 364 3140 ut
399 3090 495 3157 qui
531 3085 680 3140 illam
717 3105 786 3158 ap
829 3087 944 3155 etit,
983 3085 1112 3140 huic
1138 3106 1356 3158 quoque
1390 3105 1595 3141 amicus
1630 3085 1701 3140 sit
1736 3106 1894 3158 pror-

190 3176 285 3213 sus
330 3176 555 3215 necesse
605 3159 694 3214 sit.
782 3106 968 3227 &num
1020 3178 1149 3213 vero
1186 3160 1525 3231 voluptatem
1571 3158 1802 3214 maxime
1838 3158 1894 3213 in

192 3229 475 3284 doctrinae
511 3249 578 3286 ae
614 3231 917 3303 sapientiae
957 3230 1156 3286 studiis
1194 3232 1427 3303 positam
1466 3250 1588 3286 esse
1615 3239 1893 3299 censeant,

193 3304 550 3372 consequitur
597 3303 790 3373 etiarn,
843 3313 904 3357 ut
953 3303 1201 3375 corporis
1250 3302 1626 3376 voluptatibus
1675 3303 1894 3357 minime

196 3371 532 3446 indulgeant.
607 3373 772 3431 Unde
796 3376 958 3430 etiam
998 3383 1479 3447 temperantes
1518 3383 1647 3431 sunt
1689 3382 1742 3430 et
1780 3396 1892 3430 mo-
