2106 3594
287 123 454 183 CXX

285 282 394 340 tur‚
434 279 495 325 ut
531 268 843 341 planissime
875 275 985 322 tam
1024 270 1303 341 praeclara
1339 269 1504 322 animi
1540 269 1855 339 ingeniique
1893 270 1974 321 in·

285 344 466 411 doles,
521 359 630 412 qua
677 338 916 410 praediti
953 349 1110 410 sunt,
1151 361 1312 411 quam
1349 340 1594 395 veritatis
1631 360 1808 409 amor,
1866 359 1975 410 quo

285 416 610 480 animantur,
645 419 1027 483 cognoscatur.
1101 413 1376 467 Nimirum
1413 412 1548 465 haec
1596 412 1776 465 omnia
1810 431 1978 482 quum

281 485 612 540 conveniant
654 483 713 534 in
761 481 1131 539 adolescentes
1180 485 1324 538 ultra
1358 484 1450 537 vul
1493 503 1640 537 arem
1674 483 1978 537 iuventutis

279 556 558 610 modulum
595 555 888 624 sapiente8‚
937 563 1054 610 tum
1091 557 1252 610 simul
1292 576 1356 611 eo
1393 575 1463 608 va
1486 574 1576 608 ere
1615 554 1980 609 existimanda

279 642 426 697 sunt,
467 634 529 680 ut
564 627 738 680 virtus
777 645 963 681 eorum
1002 647 1029 680 a
1071 629 1302 682 Platone
1351 627 1420 680 de
1454 626 1724 681 industria
1759 625 1978 697 praedi·

280 707 404 754 cata
439 707 496 752 et
533 706 728 756 ornata
761 717 884 753 esse
921 701 1102 771 putari
1136 700 1349 756 debeat.
1424 698 1632 751 Verum
1671 701 1804 752 satis
1842 698 1979 752 haec

279 769 347 824 de
386 769 672 825 Glaucone
709 777 764 823 et
799 770 1098 826 Adimanto
1120 813 1135 842 ‚
1174 790 1311 842 quos
1349 790 1448 843 pro
1486 769 1746 824 fratribus
1784 770 1978 824 Plato·-

279 843 367 898 nis
415 842 605 896 haberi
653 849 908 913 oportere
959 844 1118 898 nobis
1166 843 1328 914 plane
1375 843 1766 912 persuasimus.
1855 842 1977 894 Iam

278 934 410 969 vero
459 934 601 968 unus
650 914 764 967 fere
813 915 1058 985 reliquus
1106 925 1190 969 est
1239 913 1548 986 Cephalus,
1601 913 1669 967 de
1720 931 1828 984 quo
1881 913 1980 966 ali-

278 984 414 1057 quid
467 985 782 1040 addendum
833 987 920 1041 sit.
1021 987 1385 1040 Vehementer
1449 993 1631 1038 autem
1689 985 1757 1040 de
1817 985 1979 1039 huius

276 1074 516 1130 persona
550 1057 675 1111 ideo
713 1067 798 1110 est
835 1057 1174 1127 dubitatum,
1215 1058 1343 1129 quia
1391 1065 1722 1130 personatus
1762 1057 1980 1110 Plutar-

276 1130 411 1184 chus
461 1150 584 1184 eum
630 1136 816 1182 narrat
859 1131 967 1183 iam
1024 1150 1088 1184 eo
1155 1138 1400 1202 tempore
1462 1129 1604 1183 diem
1668 1146 1979 1200 supremum

276 1202 511 1269 obiisse,
566 1221 674 1273 quo
724 1201 925 1272 Lysias
977 1218 1100 1256 cum
1141 1198 1497 1256 Polemarcho
1534 1202 1700 1254 fratre
1740 1200 1980 1254 Thurios

275 1273 608 1328 discesserit.
697 1271 810 1340 Qui
858 1281 1005 1328 certe
1054 1274 1233 1328 tristis
1289 1292 1439 1326 error
1489 1281 1604 1342 est,
1660 1292 1822 1343 quem
1878 1291 1981 1326 nec

275 1346 414 1399 alius
471 1345 762 1415 quisquam
823 1348 1152 1417 scriptorum
1224 1345 1497 1399 commisit
1551 1363 1654 1398 nec
1711 1363 1980 1418 prosopo-

272 1417 503 1489 graphia
541 1416 790 1470 Platonis
828 1417 942 1471 ullo
979 1416 1144 1471 modo
1182 1424 1537 1470 contestatur.
1613 1415 1799 1484 Quum
1837 1417 1981 1469 enim

273 1489 455 1543 omnia
489 1489 806 1558 loquantur,
848 1505 1127 1542 sermones
1161 1489 1396 1543 Politiae
1437 1487 1660 1559 Olymp.
1699 1486 1889 1542 XCII.
1929 1489 1980 1542 2.
2030 1517 2032 1521 ·
2104 1479 2106 1485 Α

272 1560 490 1615 habitos
543 1559 712 1632 fingi,
762 1568 879 1614 tum
929 1579 999 1613 ne
1061 1558 1369 1630 Cephalum
1430 1557 1652 1630 quidem
1717 1558 1979 1614 credibile

276 1640 362 1686 cst
396 1651 461 1685 eo
498 1639 745 1701 tempore
784 1651 893 1686 non
933 1632 1167 1703 amplius
1205 1632 1260 1684 in
1297 1631 1439 1685 vivis
1479 1632 1679 1698 fuisse,
1719 1638 1980 1702 recteque

273 1702 556 1758 contendit
593 1705 662 1756 A.
704 1702 1117 1758 Boeckhius
1162 1702 1408 1756 Platonis
1448 1703 1827 1757 auctoritatem
1875 1703 1981 1756 hac

271 1777 327 1829 in
376 1793 572 1829 caussa
616 1774 755 1827 falso
806 1774 1103 1828 Plutarcho
1140 1775 1311 1828 multo
1348 1779 1469 1829 esse
1507 1775 1789 1846 potiorem.
1862 1773 1979 1829 Ubi

271 1847 439 1920 igitur
486 1846 668 1900 missis
721 1845 944 1916 reliquis
992 1846 1246 1917 ponimus
1297 1845 1446 1916 quod
1496 1854 1644 1900 certe
1694 1865 1793 1917 pro
1844 1864 1978 1899 vero

236 1978 239 1982 ,
272 1917 588 1990 ponendum
636 1926 748 1986 est,
800 1917 1109 1989 Cephalum
1148 1915 1370 1990 Olymp.
1409 1916 1581 1972 XCII.
1623 1921 1672 1972 2.
1744 1938 1811 1964 :z
1852 1921 1975 1973 411.

272 2011 320 2045 a.
360 1989 491 2045 Chr.
530 1989 711 2043 adhuc
748 1990 974 2058 vixisse,
1016 1989 1463 2058 quandoquidem
1504 1990 1665 2044 Plato
1704 2009 1826 2044 eum
1861 1997 1979 2044 tum

272 2061 617 2116 sermonibus
669 2057 726 2114 in
754 2061 1090 2132 -Republica
1125 2060 1327 2115 habitis
1362 2063 1630 2116 interesse
1668 2061 1857 2130 iussit,
1908 2061 1977 2115 de

271 2133 503 2206 Cephali
551 2133 666 2186 vita
713 2140 769 2186 et
814 2133 1032 2186 fortuna
1094 2135 1174 2187 sic
1223 2133 1335 2186 fere
1383 2135 1488 2187 erit
1538 2133 1973 2188 existimandum.

272 2205 480 2259 Narrat
541 2204 745 2276 Lysias
804 2204 860 2257 in
909 2205 1157 2259 oratione
1211 2217 1403 2258 contra
1445 2205 1868 2259 Eratosthenem
1925 2226 1976 2276 p.

271 2279 394 2332 384.
436 2275 521 2330 ed.
569 2276 757 2331 Reisk.
799 2295 910 2329 non
946 2276 1107 2350 longe
1146 2275 1214 2330 ab
1252 2277 1412 2330 initio
1451 2281 1500 2346 ξ.
1541 2283 1591 2333 4.
1633 2277 1662 2331 ὁ
1703 2277 1837 2347 ἐμὸς
1874 2298 1978 2331 πα-

268 2347 368 2420 τὴρ
416 2350 684 2421 Κέφαλος
734 2351 1120 2419 ἐπείσθημεν
1176 2347 1285 2402 ὑπὸ
1355 2352 1699 2420 Περικλέους
1737 2354 1814 2412 εἰς
1851 2347 1976 2403 ταύ-

269 2440 369 2487 την
419 2417 520 2486 τὴν
581 2423 684 2489 γῆν
723 2419 1085 2493 ἀφικέσθαι,
1137 2422 1231 2485 ἔτη
1288 2422 1346 2474 δε
1400 2419 1706 2492 τριάκοντα
1775 2417 1975 2491 ᾤκησε,

271 2496 363 2546 καὶ
402 2491 589 2546 οὐδενὶ
641 2489 861 2546 πώποτε
913 2490 1122 2561 ἡμεῖς
1172 2489 1300 2545 οὔτε
1351 2498 1637 2556 ἐκεῖνος
1673 2495 1836 2559 δίκην
1874 2495 1976 2546 551-

270 2561 572 2634 κησοὲμεθα
611 2561 735 2617 οὔτε
774 2561 1082 2637 ἐφύγομεν,
1133 2563 1244 2617 ἀλλ’
1303 2562 1482 2629 οὕτως
1517 2564 1772 2635 ᾠκοῦμεν
1808 2567 1975 2633 δημο·

270 2634 659 2707 κρατούμενοι,
700 2635 831 2698 ὥςτε
868 2634 1006 2704 μήτε
1045 2641 1124 2698 εὶς
1161 2632 1294 2698 τοὺς
1336 2633 1540 2701 ἄλλους
1575 2634 1978 2706 ἐξαμαρτάνειν

267 2706 404 2776 μήτε
451 2705 560 2762 ὑπὸ
609 2709 720 2760 τῶν
755 2704 939 2760 ἄλλων
995 2705 1347 2776 ἀδικεῖσθαι,
1400 2729 1447 2762 κ.
1494 2730 1542 2763 τ.
1590 2712 1637 2761 λ.
1737 2707 1974 2762 Constat

268 2786 450 2832 autem
498 2780 802 2832 orationem
851 2785 1042 2833 contra
1088 2778 1513 2833 Eratosthenem
1562 2779 1806 2833 habitam
1852 2798 1975 2833 esse

270 2849 494 2922 Olymp.
549 2849 762 2904 XCIV.
803 2852 852 2905 2.
890 2869 988 2900 Ξ
1027 2852 1149 2906 403.
1201 2868 1248 2906 a.
1298 2850 1429 2904 Chr.
1468 2871 1521 2905 n.
1556 2861 1688 2905 ¹octo
1725 2852 1838 2905 fere
1877 2869 1973 2903 an-

270 2921 354 2974 nis
412 2929 540 2993 post
577 2922 910 2990 colloquium
946 2922 1002 2975 in
1027 2921 1337 2993 Republica
1363 2922 1692 2978 institutum.
1731 2923 1975 2976 Necesse

269 3001 356 3045 est
386 2993 561 3064 igitur
604 2991 906 3064 Cephalum
945 2994 1089 3047 intra
1124 2994 1230 3047 hoc
1269 3001 1394 3047 octo
1432 3010 1696 3047 annorum
1735 2994 1972 3064 spatium

270 3062 413 3116 diem
466 3082 777 3134 supremum
825 3066 1047 3120 obiisse.
1120 3063 1286 3138 Quod
1335 3064 1554 3134 quidem
1593 3065 1812 3135 quando
1849 3085 1973 3118 eve-

268 3135 431 3201 nerit,
475 3135 580 3188 etsi
617 3135 776 3205 plane
809 3145 897 3189 est
933 3138 1234 3204 incertum,
1274 3143 1457 3189 tamen
1497 3137 1753 3206 quoniam
1792 3144 1974 3189 orator

269 3206 479 3259 nullam
533 3206 664 3259 fecit
707 3209 945 3261 recentis
995 3208 1224 3261 alicuius
1274 3207 1454 3261 luctus
1493 3207 1970 3280 significationem,

270 3297 572 3348 sanequam
608 3277 1057 3332 verisimillimum
1091 3287 1193 3346 est,
1234 3298 1356 3332 eum
1386 3299 1497 3332 non
1532 3281 1608 3333 ita
1637 3279 1808 3333 multo
1847 3288 1969 3350 post

227 3409 230 3412 ⁴
271 3348 404 3403 illud
458 3357 705 3418 tempus7
757 3369 865 3418 quo
915 3350 1271 3419 Reipublicae
1324 3370 1598 3405 sermones
1648 3351 1818 3405 habiti
1869 3351 1970 3402 fin-
