2106 3594
273 155 399 207 (le

275 313 390 365 tur,
442 318 564 351 cum
612 298 875 350 institutis
926 296 1226 351 Platonicis
1274 299 1328 351 in
1378 298 1498 368 ipsa
1539 298 1759 351 civitate
1799 299 1973 355 Lace·

276 369 564 423 daemonia
612 367 794 438 posita
841 369 1011 422 fuisse
1060 371 1242 438 putari
1290 369 1502 423 debeat.
1589 367 1807 440 Quippe
1855 373 1974 426 fue-

274 448 403 494 runt
447 458 577 494 sane
632 439 864 493 Athenis
912 439 1008 492 illa
1057 448 1233 494 aetate
1282 459 1394 494 non
1442 441 1624 512 pauci,
1667 443 1760 510 qui
1798 462 1976 498 mores

276 520 329 565 et
378 512 630 564 instituta
677 510 1237 566 Lacedaemoniorum
1297 532 1408 565 non
1462 512 1624 566 modo
1681 514 1978 583 probarent

274 603 339 637 ac
413 581 790 652 dilaudarent,
864 582 963 636 sed
1025 585 1186 636 etiam
1259 582 1455 638 stolide
1530 592 1979 639 consectarentur

274 655 571 724 inepteque
619 654 977 708 imitarentur.
1073 655 1293 709 Docent
1346 654 1484 707 illud
1534 656 1622 708 vel
1670 656 1707 707 ii
1757 642 1977 711 fabulae

275 726 404 795 loci,
454 727 510 778 in
548 726 747 795 quibus
785 726 1071 780 Laconum
1120 746 1298 780 mores
1349 726 1508 779 claris
1555 728 1738 781 verbis
1777 748 1979 782 memo·

274 805 493 866 rantur,
542 805 606 851 ut
659 819 710 851 v,
751 799 819 851 60
857 816 977 868 sqq.
1015 819 1066 852 v.
1108 802 1194 852 74.
1234 817 1354 867 sqq.
1394 819 1445 850 v.
1485 797 1608 850 279.
1647 817 1730 867 sq.
1767 820 1817 853 v.
1855 803 1978 854 365.

276 890 326 922 v.
364 871 487 922 4⁶26.
525 890 577 922 v.
617 871 737 925 530.
777 891 828 922 v.
867 871 988 924 564.
1063 870 1334 923 Nimirum
1371 869 1590 941 plurimi
1627 869 1767 923 inter
1802 871 1979 924 Athe·-

275 941 519 1010 menses,
588 961 756 1011 quum
813 941 1202 1012 rempublicam
1254 960 1407 995 suam
1465 942 1660 995 misere
1721 941 1980 996 afflictam

275 1012 822 1082 animadvertissent,
885 1012 1246 1084 publicaeque
1297 1012 1625 1066 calamitatis
1672 1032 1865 1068 causa-s
1923 1015 1979 1067 in

274 1084 466 1155 populi
514 1084 765 1153 levitate,
826 1085 1197 1138 inconstantia
1247 1091 1302 1138 et
1349 1083 1593 1137 lubidine
1653 1085 1804 1138 cerni
1873 1086 1978 1139 sibi

273 1156 697 1227 persuasissent,
737 1156 865 1210 huic
895 1157 1038 1210 malo
1077 1157 1154 1209 ita
1191 1155 1584 1210 occurrendum
1622 1166 1976 1223 censuerunt,

275 1241 338 1281 ut
373 1228 586 1282 civibus
636 1228 750 1282 suis
804 1227 1197 1299 Spartanorum
1249 1227 1599 1281 severitatem
1649 1235 1702 1280 et
1739 1228 1978 1299 gravita-

274 1310 382 1352 tem
434 1299 648 1352 enixius
700 1299 1156 1353 commendarent.
1243 1298 1410 1366 Quod
1459 1300 1678 1368 quinam
1726 1300 1978 1368 fecerint,

276 1372 380 1424 etsi
430 1371 738 1439 nescimuS,
787 1379 967 1424 tamen
1018 1371 1377 1442 philosophos
1415 1371 1694 1425 et.civiles
1733 1378 1980 1424 oratores

271 1442 422 1495 haud
470 1460 677 1514 paucos
739 1443 815 1495 ita
874 1442 1182 1495 faciendum
1236 1443 1497 1495 statuisse
1550 1442 1644 1494 vix
1693 1451 1778 1496 est
1830 1443 1980 1512 quod

274 1513 531 1581 dubites„
579 1515 744 1566 Patet
771 1513 876 1568 hoc
902 1533 970 1566 ex
1008 1513 1373 1583 Aristoph.
1413 1513 1714 1567 Eccle'siaz.
1755 1535 1807 1566 v.
1836 1517 1978 1583 244„

273 1587 368 1639 ubi
419 1587 736 1657 Praxagora
788 1586 1156 1656 interrogata,
1205 1584 1352 1638 unde
1406 1603 1561 1638 suam
1611 1585 1854 1639 hauserit
1892 1605 1981 1639 sa-

271 1659 565 1730 pientiam,
624 1655 948 1729 respondet:
1014 1665 1073 1709 ὲν
1120 1668 1241 1719 ταῖς
1292 1668 1503 1728 φυγαῖς
1555 1655 1694 1724 μετὰ
1742 1656 1983 1728 τάνδρὸς

273 1727 440 1799 ᾤκησ’
481 1737 538 1783 ἐν
588 1734 829 1782 πυκνί·
885 1728 1041 1782 ἔπειτ’
1096 1725 1355 1781 ἀκούοντί
1409 1729 1785 1796 ἐξέμαθον
1846 1732 1982 1782 τῶν

271 1802 616 1869 ῥητόρων.
675 1808 731 1854 et
779 1819 848 1853 ex
896 1820 947 1852 v.
1001 1802 1124 1854 493.
1176 1818 1330 1869 sqq.,
1381 1818 1490 1869 quo
1545 1799 1668 1853 loco
1730 1798 1979 1854 Chorus:

273 1875 399 1927 Νῦν
437 1870 504 1939 δὴ
544 1876 628 1926 δεῖ
665 1892 723 1925 σε
762 1876 977 1936 πυκνὴν
1018 1877 1197 1945 φρένα
1239 1893 1328 1924 και
1371 1869 1700 1943 φιλόσοφον
1751 1877 1979 1941 ἐγείρειν

274 1944 524 2018 φροντίδ’
576 1949 947 2013 ἐπισταμένην
997 1954 1147 1996 ταῖσι
1197 1945 1452 2014 φίλαισιν
1505 1941 1748 2012 ἀμύνειν.
1823 1943 1978 1996 Idem

271 2036 335 2071 co
379 2017 535 2071 nosci
625 2022 771 2070 otest
819 2033 886 2067 ex
936 2015 1207 2067 Platon.
1264 2012 1437 2086 Gorg.
1478 2035 1531 2085 p.
1573 2017 1695 2067 515.
1734 2014 1831 2084 E.,
1883 2016 1976 2069 ubi

269 2087 526 2142 Calicles
578 2035 795 2141 Socrati
847 2086 1265 2140 Atheniensium
1314 2105 1490 2139 mores
1538 2106 1570 2139 a
1607 2086 1818 2140 Pericle
1856 2106 1977 2141 cor-

268 2169 462 2232 ruptos
499 2159 762 2213 iudicanti
801 2157 998 2212 acerba
1049 2177 1173 2211 cum
1209 2157 1457 2211 irrisione
1495 2158 1819 2228 respondet:
1869 2161 1979 2211 τῶν

267 2230 337 2286 τὰ
388 2227 502 2286 ὦτα
551 2228 903 2297 κατεαγότων
951 2228 1179 2293 ἀκούεις
1227 2231 1431 2291 ταῦτα,
1479 2229 1586 2283 hoc
1625 2238 1738 2298 est,
1792 2231 1980 2283 talia
2039 2247 2046 2253 ’

269 2304 621 2358 dictitant
691 2303 808 2372 qui
888 2301 1099 2355 rebus
1172 2300 1696 2372 Spartanorum
1771 2302 1979 2355 unice

268 2375 580 2431 student.
656 2374 733 2427 Et
771 2373 1056 2427 Platonem
1094 2373 1271 2443 ipsum
1310 2380 1633 2442 ceterosque
1662 2372 1978 2427 Socraticos

268 2447 620 2501 Doriensium
677 2445 929 2499 civitates
980 2464 1080 2515 pro
1132 2444 1445 2497 melioribus
1484 2443 1740 2499 habuisse
1778 2445 1884 2497 iam
1922 2446 1978 2497 in

269 2519 548 2591 superiore
588 2517 958 2588 disputatione
997 2516 1423 2570 observavimus,
1499 2515 1628 2569 Dici
1668 2530 1847 2569 autem
1886 2516 1976 2570 vix

267 2598 482 2661 potest,
535 2597 797 2661 quantam
846 2588 954 2641 vim
1005 2587 1141 2640 illud
1177 2587 1441 2641 iudicium
1482 2587 1733 2641 habuerit
1769 2587 1839 2640 ad
1877 2589 1977 2640 im-

265 2661 560 2716 mutandos
609 2660 1031 2714 Atheniensium
1079 2679 1276 2712 mores.
1363 2657 1639 2712 Continuo
1675 2659 1820 2712 enim
1858 2659 1977 2730 plu-

255 2733 408 2802 rimi,
442 2741 499 2789 ut
539 2741 655 2787 erat
692 2731 971 2804 ingenium
1011 2731 1203 2801 populi
1243 2730 1504 2784 mutabile
1542 2739 1708 2799 atque
1743 2731 1974 2797 varium,

265 2805 480 2859 tunicas
539 2805 850 2858 Laconicas
886 2802 1149 2870 induere,
1188 2803 1442 2874 ingentes
1488 2801 1704 2855 calceos
1742 2801 1976 2873 pedibus

266 2876 511 2946 alligare,
543 2877 771 2930 baculos
795 2876 850 2927 in
879 2875 1078 2946 plateis
1108 2881 1344 2945 gestare,
1371 2873 1520 2926 lucta
1548 2873 1848 2941 decertare,
1881 2874 1975 2926 au-

265 2965 350 3000 res
389 2948 646 3018 gnaviter
684 2946 1050 3014 contundere,
1105 2945 1340 3014 denique
1378 2963 1554 2997 mores
1604 2944 1976 2998 Lacedaemo-

265 3018 481 3071 niorum
533 3019 779 3072 studiose
832 3017 1065 3083 imitari,
1106 3017 1184 3069 ita
1219 3015 1477 3068 videlicet
1528 3017 1633 3068 rati
1660 3036 1718 3069 se
1753 3024 1975 3087 repente

265 3108 556 3162 germanos
597 3087 918 3159 Spartanos,
958 3089 1064 3142 hoc
1103 3095 1186 3140 est
1222 3087 1368 3139 cives
1409 3087 1662 3156 optimos,
1701 3107 1820 3140 esse
1851 3106 1975 3140 eva-

265 3180 442 3215 suros.
520 3158 688 3227 Quod
727 3159 946 3229 quidem
989 3156 1236 3212 imitandi
1276 3157 1517 3210 studium
1543 3166 1711 3228 poeta
1735 3159 1974 3212 comicus

263 3252 372 3286 non
416 3252 525 3285 uno
578 3232 700 3285 loco
749 3231 1098 3301 perstrinxit,
1138 3229 1309 3282 veluti
1359 3232 1501 3282 Avv.
1544 3251 1594 3282 v.
1651 3231 1829 3298 1280.,
1881 3231 1974 3282 ubi

260 3323 461 3375 praeco
500 3303 569 3356 ad
610 3302 1042 3356 Pisthetaerum:
1122 3303 1273 3371 Πρὶν
1321 3300 1425 3370 γὰρ
1463 3307 1667 3355 οἰκίσαι
1715 3321 1772 3355 σε
1815 3301 1976 3366 τήνδε

260 3374 361 3439 τὴν
416 3373 610 3444 πόλιν,
659 3370 1303 3439 Ἰίλακωνοιιανουν
1369 3373 1609 3435 ἅπαντες
1674 3370 1973 3443 ἅνθρωποι
