2124 3744
289 211 390 259 418
905 202 1372 256 PLATONIS

291 351 674 420 ἀναγκάζηται
724 349 1063 425 ἀθανάτους
1111 350 1210 413 τὰς
1256 349 1443 424 ψυχὰς
1470 347 1784 420 ὁμολογεῖν,
1827 348 1989 416 ἀξιώ-

292 444 456 509 σομέν
501 456 626 498 που,
679 439 724 488 εἰ
768 434 966 501 ἀληθῆ
1011 440 1149 502 λέγει
1194 434 1225 489 ὁ
1271 438 1449 488 ταῦτα
1494 439 1678 504 λέγων,
1722 432 1825 500 τὴν
1866 433 1990 488 ἀδι-

290 526 418 577 κίαν
473 520 614 575 εἶναι
660 517 999 587 ,θανάσιμον
1055 522 1130 587 τῷ
1191 526 1371 589 ἔχοντι
1427 514 1601 588 ὥςπερ
1657 518 1852 577 νόσον,
1898 521 1991 573 καὶ

291 604 386 660 ὑπ’
438 604 764 659 αὐτοῦτοῦ
811 601 1253 665 ἀποκτιννύντος
1298 606 1361 678 τῇ
1407 605 1608 658 ἑαυτοῦ
1645 600 1823 670 φύσει,
1847 600 1992 656 ἀπο-

289 689 562 756 θνήσκειν
609 686 740 750 τοὺς
782 687 1183 757 λαμβάνοντας
1227 686 1385 749 αὐτό,
1435 685 1566 751 τοὺς
1607 689 1708 757 μὲν
1750 686 1992 756 μάλιστα

294 777 558 836 θ’ἆττον,
603 772 733 835 τοὺς
778 770 825 825 δ’
882 765 1053 836 ἧττον
1097 776 1478 842 σχολαίτερον,
1532 768 1676 826 ἀλλὰ
1727 771 1834 840 μή,
1891 768 1990 833 ὥς-

296 880 398 929 περ
455 860 558 912 νῦν
615 853 704 909 διὰ
764 858 934 910 τοῦτο
990 855 1090 910 ὑπ’
1168 853 1352 910 ἄλλων
1412 860 1566 921 δίκην
1624 859 1991 909 ἐπιτιθέντων

289 941 760 1008 ἀποθνήσκουσιν
791 945 844 995 οἱ
887 940 1091 996 ἄδικοι.
1156 939 1258 995 Μὰ
1296 939 1402 1005 Δί’,
1441 932 1474 1007 ἦ
1516 939 1564 995 δ’
1614 937 1691 1002 ὅς,
1739 938 1839 995 οὐκ
1874 937 1990 1010 ἄρα

408 1137 461 1177 D.
523 1129 623 1175 ὑπ’·
646 1130 822 1175 αὐτοῦ
854 1135 949 1175 τοῦ
979 1130 1200 1188 darona]
1241 1130 1319 1175 ’ὑπ’
1350 1130 1489 1183 αὐτοῦ
1519 1132 1678 1175 τούτου
1711 1131 1781 1176 ἀπ.
1813 1135 1989 1176 Bekke-

291 1209 367 1236 rus
404 1207 500 1236 cum
542 1194 661 1234 Mon.
695 1200 739 1235 et
772 1193 887 1233 Flor.
921 1192 966 1245 β.
1029 1192 1116 1233 Sed
1156 1199 1274 1234 recte
1306 1196 1374 1234 alii
1414 1188 1494 1234 ὑπ’
1536 1188 1676 1235 αὐτοῦ
1714 1195 1793 1235 τοῦ
1839 1188 1987 1233 ἆποκτ.

291 1251 410 1304 quod
442 1256 674 1293 servarunt
705 1252 832 1292 etiam
867 1251 998 1290 Sohn.
1032 1250 1161 1292 Turr.
1205 1250 1358 1292 Herm.
1403 1253 1506 1293 licet
1544 1265 1640 1293 cum
1684 1254 1807 1293 Astio
1847 1252 1987 1292 malim

291 1306 372 1352 ὑπ’
412 1306 553 1351 αὐτοῦ
591 1307 774 1357 τούτου,
814 1310 895 1349 τοῦ
931 1304 1081 1349 α’ποκτ.

291 1365 444 1411 αὐτοῦ.

1144 1308 1262 1350 idem
1306 1309 1464 1387 deinde
1505 1323 1583 1362 pro
1623 1309 1786 1350 ἑαυτοῦ
1824 1310 1991 1351 mavult

411 1422 498 1466 διὰ
539 1426 712 1465 τοῦτο
753 1419 841 1464 ὑπ’
881 1419 1089 1476 ἄλλων]
1134 1423 1182 1463 V.
1218 1421 1398 1471 τούτου,
1435 1423 1551 1475 quod
1585 1437 1608 1463 e
1644 1424 1764 1465 Mon.
1799 1429 1843 1465 et
1874 1424 1990 1464 Flor.

293 1485 338 1538 β.
371 1483 556 1526 correxi.

292 1543 429 1586 seruit
464 1541 703 1583 Hermann.

296 1683 463 1725 stath.
456 1682 553 1763 -ad
590 1680 709 1723 Iliad
744 1679 800 1721 V.
836 1695 876 1734 p.
896 1680 994 1724 935.
1031 1680 1098 1720 ed.

293 1743 422 1784 Rom.
456 1755 583 1794 -NJp
610 1739 708 1782 155
745 1739 813 1778 ed.
851 1739 969 1792 Lips.
996 1734 1103 1791 ''Opa

295 1799 367 1853 δέ,
408 1798 569 1869 inquit,
619 1794 683 1838 ὅτι
722 1794 769 1835 ἐκ
816 1799 895 1836 τοῦ
938 1793 1104 1846 ὁμόσε

297 1854 470 1929 ἦλθεν
502 1851 526 1909 ἦ
558 1854 693 1908 μάχη
731 1851 940 1906 λαβόντες
970 1849 1104 1907 ἀρχὴν

298 1916 345 1957 οἱ
370 1911 545 1956 Ἀττικοὶ
578 1912 646 1954 ἐπὶ
670 1914 948 1966 παρασκευῆς
981 1914 1103 1953 πολε-

296 1975 421 2028 μικῆς
464 1969 491 2027 ἢ
530 1973 598 2012 καὶ
638 1969 764 2023 ἄλλης
807 1969 1102 2021 ἑναντιωματι-

295 2033 374 2086 κῆς
417 2029 464 2070 τὸ
507 2026 703 2080 ὁμόσε,
713 2027 909 2077 τιθέασι
957 2029 1103 2083 λέγον-

295 2102 362 2131 τες
411 2085 552 2139 ομόσε
594 2081 751 2157 ἦλθεν
805 2083 829 2127 ὁ
885 2085 1001 2127 δεῖνα
1048 2088 1106 2141 τῷ

297 2147 423 2196 δεῖνι,
483 2141 605 2186 τοῦτ’
654 2147 786 2191 ἔστιν,
833 2140 1103 2214 ἅντικατέστη

296 2205 355 2247 ως
384 2205 447 2246 εἰς
478 2202 690 2256 πόλεμον,
734 2204 805 2243 και
838 2199 1000 2253 ὁμόσεν
1031 2197 1102 2257 ἧλ-

290 2265 349 2305 &e
391 2266 482 2303 τοῖς
524 2259 674 2314 λόγοις
708 2256 733 2315 ἢ
766 2266 856 2301 ταῖς
888 2257 1102 2314 ἀντιλο)ί-

293 2334 371 2363 αις.
406 2335 447 2361 v,
479 2320 685 2362 Ruhnk.
711 2318 772 2359 ad
806 2318 918 2360 Tim.
949 2321 1099 2361 Gloss.

292 2395 333 2435 p.
369 2379 467 2423 191.
501 2391 597 2419 ann.
633 2377 687 2419 ad
722 2376 955 2432 Eutliyplir.
991 2392 1030 2432 p.
1054 2378 1096 2421 3.

293 2439 342 2479 C.
376 2437 526 2489 ibique
559 2435 704 2476 Schol.

275 2494 284 2503 ⁰
354 2492 453 2547 τὴν
495 2490 709 2534 ἀδικίαν
747 2480 891 2532 εἶναι
936 2491 1099 2535 θανά-

294 2552 470 2606 σιμον]
502 2552 822 2592 Grammaticus
849 2552 961 2603 apml
984 2552 1098 2593 Bek-

292 2613 444 2654 kerum
484 2607 696 2650 Anecdot.
727 2623 767 2661 p.
788 2608 869 2652 99:
908 2607 1100 2662 Θανατή-

294 2684 392 2724 ριον
421 2664 635 2719 ἀξιοῦσιν,
654 2662 724 2707 -οὐ
756 2663 1006 2717 θανάσιμον
1036 2667 1100 2707 λε’-

294 2741 396 2781 γειν.
448 2723 626 2778 Πλάτων
645 2723 868 2765 Πολιτείας
898 2723 1098 2780 δευτέρῳ.

293 2781 542 2838 Εὐριπίδης
585 2780 768 2838 Μηδείᾳ.
834 2783 977 2825 Recte
1006 2784 1100 2824 Ba-

294 2845 438 2884 stius
485 2842 537 2882 ad
579 2840 766 2894 Gregor.
811 2839 1004 2885 Corinth.
1055 2855 1096 2894 ρ.

293 2901 391 2945 156.
446 2897 606 2952 δεκάτῳ
645 2912 724 2952 pro
765 2897 948 2954 δευτέρῳ
992 2901 1096 2940 scri·

293 2958 481 3000 bendum
527 2961 698 3007 censet,
746 2969 926 2997 monens
966 2958 1094 2998 etiam

290 3016 560 3066 grammatici
579 3015 838 3056 sententiam
868 3029 982 3063 esse,
1016 3015 1095 3055 ad-

291 3075 492 3115 iectivum
536 3069 804 3123 θανάσιμος,
853 3072 966 3125 quod
1023 3073 1095 3114 alii

295 3133 451 3172 Atticis
491 3127 859 3180 abiudicaverint,
906 3131 1097 3171 Platonis

294 3194 339 3229 et
384 3187 606 3241 Euripidis
665 3188 927 3228 auctoritate
991 3188 1097 3228 satis

293 3246 460 3290 muniri.
493 3245 662 3299 -»τςδ
691 3245 888 3297 ἔχοντι,
923 3258 984 3285 sc.
1019 3260 1095 3286 αυ-

294 3300 393 3356 τήν,
425 3309 475 3343 ut
504 3316 602 3344 mox
634 3303 692 3356 τῷ
722 3301 1007 3355 λαμβάιοντι,
1053 3309 1098 3345 et

294 3359 369 3400 τὸν
414 3355 459 3400 δ’
498 3360 668 3411 ἔχοντα,
724 3367 766 3400 et
816 3361 908 3402 libr.
956 3360 1004 3401 ll.
1052 3375 1093 3412 p.

291 3418 479 3517 {gfff-ER.
499 3431 566 3517 ¹p
598 3418 698 3462 366.
733 3419 786 3459 E.
832 3431 873 3472 p.
906 3418 1078 3462 367.B

341 3510 348 3517 .
427 3507 436 3516 .
471 3487 523 3517 a.

617 1483 858 1524 Servarunt
886 1486 1030 1522 tamen
1071 1478 1229 1521 τούτου
1270 1481 1397 1523 Schn.
1431 1481 1558 1521 Turr.
1594 1494 1703 1533 quos
1735 1483 1890 1523 merito
1916 1480 1994 1523 de-

767 1539 932 1581 Deinde
973 1540 1246 1581 scribebatur
1283 1538 1544 1588 ἐπιθέντων,
1580 1541 1695 1592 quod
1735 1553 1833 1582 cum
1873 1539 1992 1581 Bek-

1247 1682 1296 1722 D.
1371 1681 1456 1722 καὶ
1505 1675 1600 1721 ὑπ’
1647 1673 1843 1727 αὐτοῦ,
1894 1677 1994 1718 τοῦ

1189 1734 1216 1779 ἆ
1239 1753 1267 1778 π
1290 1754 1314 1779 ο
1333 1754 1356 1778 κ
1377 1754 1409 1780 τ.
1442 1740 1527 1792 -]
1582 1738 1877 1790 lungendum·
1925 1736 1992 1775 καὶ

1190 1795 1294 1838 τοὺς
1325 1795 1625 1868 λαμβάνοντας
1658 1791 1765 1836 αὐτὸ
1805 1797 1902 1864 (sc
1917 1791 1994 1862 τὴν

1188 1851 1376 1904 ἀδικίαν)
1406 1850 1709 1925 ἀποθνήσκειν
1732 1849 1807 1895 ὑπ’
1842 1846 1993 1900 αὐτοῦ,

1190 1916 1269 1954 τοῦ
1301 1915 1400 1967 (τῆς
1431 1910 1620 1981 ἆδικιας)
1656 1906 1993 1952 ἇποκτιννυντος

1189 1972 1239 2024 τῇ
1268 1970 1429 2013 ἑαυτοῦ
1460 1968 1602 2024 φύσει,
1634 1972 1719 2011 hoc
1749 1980 1903 2011 sensu:
1939 1972 1993 2008 et

1190 2032 1406 2081 abillo,
1452 2035 1645 2083 utpote
1690 2041 1784 2068 sua
1817 2027 1992 2080 ipsius

1190 2095 1394 2129 natura
1448 2087 1771 2141 pernicioso
1829 2090 1995 2136 atque

1191 2146 1462 2194 letifero,
1524 2144 1659 2186 mori
1722 2156 1839 2193 eon,
1901 2141 1990 2194 qui

1189 2204 1366 2256 ipsum
1430 2203 1757 2257 acceperint
1812 2212 1991 2251 eoque

1191 2261 1274 2302 lab
1290 2266 1467 2303 orent
1515 2260 1766 2302 Formulam
1788 2253 1990 2310 α’ποθνή·

1192 2331 1309 2359 σκειν
1341 2316 1429 2360 ὑπό
1462 2329 1602 2367 τινος,
1647 2323 1692 2359 et
1723 2317 1819 2359 Lat.
1854 2315 1990 2359 mori

1185 2378 1250 2418 ab
1283 2378 1492 2430 aliquo,
1526 2377 1764 2417 interire
1796 2375 1861 2419 ab
1893 2373 1991 2414 ali-

1185 2447 1247 2486 qu
1260 2450 1302 2487 0,
1322 2435 1491 2477 abunde
1507 2435 1781 2475 illustrarunt
1801 2433 1845 2475 M
1860 2430 1988 2473 aith.

1186 2493 1264 2533 Gr.
1319 2492 1354 2544 §.
1396 2490 1499 2537 496:
1547 2491 1589 2535 3.
1643 2490 1987 2543 Heusinger.

1186 2549 1239 2591 ad
1290 2550 1490 2592 Ciceron.
1543 2549 1669 2591 Offic.
1718 2550 1765 2600 l,
1816 2548 1868 2598 2,
1918 2548 1988 2590 12.

1186 2608 1417 2650 G6renz.
1469 2608 1524 2649 ad
1574 2605 1782 2649 Academ.
1831 2606 1876 2657 Ι,
1921 2605 1987 2648 11.

1184 2665 1279 2707 Nec
1309 2679 1434 2720 opus·
1454 2671 1523 2708 est
1560 2664 1615 2706 cle
1645 2669 1800 2705 neutro
1831 2676 1990 2717 prono-

1187 2724 1316 2765 minis
1353 2730 1458 2777 post
1496 2724 1659 2763 nomen
1689 2723 1880 2763 feminini
1910 2730 1989 2775 ge—

1185 2784 1302 2823 neris
1334 2783 1454 2823 illato
1487 2781 1658 2830 dicere,
1701 2793 1826 2833 quem
1863 2790 1986 2820 unum

1184 2839 1384 2893 loquendi
1433 2851 1565 2892 quum
1611 2838 1740 2890 alibi,
1789 2844 1880 2877 tum
1920 2834 1986 2875 ad

1183 2898 1415 2951 Protagor.
1449 2911 1490 2951 ρ.
1523 2895 1622 2939 352.
1648 2896 1713 2936 ·.-B
1752 2894 1984 2958 attigimus

1185 2956 1334 2996 Verba}
1370 2957 1420 3007 τῇ
1458 2954 1621 2994 ἑαυτοῦ
1667 2949 1796 3022 φυσει
1848 2962 1988 3003 neque

1182 3023 1280 3054 cum
1313 3015 1474 3054 Astio
1505 3013 1545 3052 in
1588 3011 1658 3062 τῇ-
1676 3004 1815 3050 αυτοῦ
1857 3007 1988 3062 φύσει

1186 3078 1382 3119 mutem,
1428 3083 1507 3111 nec
1555 3081 1652 3110 cum
1699 3068 1987 3109 Sclnleier-

1184 3129 1432 3171 machero
1485 3129 1761 3179 interpretem
1826 3124 1989 3166 ieder

1184 3189 1375 3228 seiner
1411 3185 1649 3237 *eigenen
1692 3183 1860 3224 Natur
1897 3197 1986 3235 ge-

1185 3246 1344 3285 mass.
1378 3243 1592 3283 *Alterum
1633 3242 1744 3282 enim
1780 3241 1986 3282 librorum

1182 3300 1462 3349 auctoritati,
1531 3300 1713 3340 alterum
1785 3297 1985 3351 loquendi

1182 3356 1481 3400 consuetudini
1513 3356 1784 3397 adversatur.
1848 3355 1986 3397 Nimi-

1183 3429 1276 3456 rum
1307 3413 1604 3455 connectenda
1634 3419 1734 3458 suut
1775 3414 1845 3455 illa
1885 3425 1983 3454 cum

1184 3474 1263 3514 τοῦ
1275 3482 1279 3492 ”
1292 3468 1641 3513 ἀποκτιννύντος.
