<?xml version="1.0" encoding="UTF-8"?>
<!DOCTYPE html PUBLIC "-//W3C//DTD XHTML 1.0 Transitional//EN"
    "http://www.w3.org/TR/xhtml1/DTD/xhtml1-transitional.dtd">
<html xmlns="http://www.w3.org/1999/xhtml" xml:lang="en" lang="en">
 <head>
  <title>
</title>
<meta http-equiv="Content-Type" content="text/html;charset=utf-8" />
  <meta name='ocr-system' content='tesseract 3.04.00' />
  <meta name='ocr-capabilities' content='ocr_page ocr_carea ocr_par ocr_line ocrx_word'/>
</head>
<body>
  <div class='ocr_page' id='page_1' title='image "./operaomniarecens03platuoft_0654.png"; bbox 0 0 2124 3744; ppageno 0'>
   <div class='ocr_carea' id='block_1_1' title="bbox 286 166 1372 222">
    <p class='ocr_par' dir='ltr' id='par_1_1' title="bbox 286 166 1372 222">
     <span class='ocr_line' id='line_1_1' title="bbox 286 166 1372 222; baseline 0.002 -3"><span class='ocrx_word' id='word_1_1' title='bbox 286 174 352 222; x_wconf 74' lang='lat'>32</span> <span class='ocrx_word' id='word_1_2' title='bbox 895 166 1372 222; x_wconf 78' lang='lat' dir='ltr'>PLATONIS</span> 
     </span>
    </p>
   </div>
   <div class='ocr_carea' id='block_1_2' title="bbox 188 312 2124 1314">
    <p class='ocr_par' dir='ltr' id='par_1_2' title="bbox 197 312 2124 1088">
     <span class='ocr_line' id='line_1_2' title="bbox 197 312 1989 386; baseline 0 -18"><span class='ocrx_word' id='word_1_3' title='bbox 197 334 246 384; x_wconf 68' lang='grc' dir='ltr'>ῃ</span> <span class='ocrx_word' id='word_1_4' title='bbox 283 319 383 386; x_wconf 71' lang='grc' dir='ltr'>μὲν</span> <span class='ocrx_word' id='word_1_5' title='bbox 430 316 746 378; x_wconf 79' lang='grc' dir='ltr'><strong><em>καλοῦντας</em></strong></span> <span class='ocrx_word' id='word_1_6' title='bbox 790 318 882 369; x_wconf 82' lang='grc' dir='ltr'><strong><em>καὶ</em></strong></span> <span class='ocrx_word' id='word_1_7' title='bbox 921 314 1316 386; x_wconf 78' lang='grc' dir='ltr'><strong><em>κυβερνητικὸν</em></strong></span> <span class='ocrx_word' id='word_1_8' title='bbox 1371 318 1463 369; x_wconf 77' lang='grc' dir='ltr'><strong><em>καὶ</em></strong></span> <span class='ocrx_word' id='word_1_9' title='bbox 1506 312 1877 384; x_wconf 76' lang='grc' dir='ltr'><strong><em>ἐπιστάμενον</em></strong></span> <span class='ocrx_word' id='word_1_10' title='bbox 1921 312 1989 368; x_wconf 76' lang='grc' dir='ltr'>τὰ</span> 
     </span>
     <span class='ocr_line' id='line_1_3' title="bbox 283 391 1992 474; baseline -0.002 -20"><span class='ocrx_word' id='word_1_11' title='bbox 283 396 428 454; x_wconf 75' lang='grc' dir='ltr'><strong><em>κατὰ</em></strong></span> <span class='ocrx_word' id='word_1_12' title='bbox 474 401 646 463; x_wconf 86' lang='grc' dir='ltr'><strong><em>ναῦν,</em></strong></span> <span class='ocrx_word' id='word_1_13' title='bbox 692 397 753 463; x_wconf 85' lang='grc' dir='ltr'>ὃς</span> <span class='ocrx_word' id='word_1_14' title='bbox 790 396 864 453; x_wconf 81' lang='grc' dir='ltr'>ἂν</span> <span class='ocrx_word' id='word_1_15' title='bbox 911 399 1319 469; x_wconf 79' lang='grc' dir='ltr'><strong><em>ξυλλαμβάνειν</em></strong></span> <span class='ocrx_word' id='word_1_16' title='bbox 1365 396 1543 462; x_wconf 77' lang='grc' dir='ltr'><strong><em>δεινὸς</em></strong></span> <span class='ocrx_word' id='word_1_17' title='bbox 1587 391 1646 474; x_wconf 67' lang='grc' dir='ltr'>ᾗ,</span> <span class='ocrx_word' id='word_1_18' title='bbox 1701 397 1851 462; x_wconf 84' lang='grc' dir='ltr'><strong><em>ὅπως</em></strong></span> <span class='ocrx_word' id='word_1_19' title='bbox 1892 395 1992 469; x_wconf 77' lang='grc' dir='ltr'><strong><em>ἆρ-</em></strong></span> 
     </span>
     <span class='ocr_line' id='line_1_4' title="bbox 284 480 1994 553; baseline -0.002 -15"><span class='ocrx_word' id='word_1_20' title='bbox 284 484 472 548; x_wconf 77' lang='grc' dir='ltr'><strong><em>ξουσιν</em></strong></span> <span class='ocrx_word' id='word_1_21' title='bbox 515 480 546 548; x_wconf 75' lang='grc' dir='ltr'>ἢ</span> <span class='ocrx_word' id='word_1_22' title='bbox 597 487 897 546; x_wconf 73' lang='grc' dir='ltr'><strong><em>πείθοντες</em></strong></span> <span class='ocrx_word' id='word_1_23' title='bbox 939 481 973 550; x_wconf 80' lang='grc' dir='ltr'>ἢ</span> <span class='ocrx_word' id='word_1_24' title='bbox 1017 483 1342 553; x_wconf 81' lang='grc' dir='ltr'><strong><em>βιαζόμενοι</em></strong></span> <span class='ocrx_word' id='word_1_25' title='bbox 1390 481 1488 537; x_wconf 86' lang='grc' dir='ltr'>τὸν</span> <span class='ocrx_word' id='word_1_26' title='bbox 1512 483 1848 553; x_wconf 78' lang='grc' dir='ltr'><strong><em>ναύκληρον,</em></strong></span> <span class='ocrx_word' id='word_1_27' title='bbox 1892 486 1994 536; x_wconf 84' lang='grc' dir='ltr'>τὸν</span> 
     </span>
     <span class='ocr_line' id='line_1_5' title="bbox 285 563 1994 643; baseline -0.001 -22"><span class='ocrx_word' id='word_1_28' title='bbox 285 570 341 621; x_wconf 78' lang='grc' dir='ltr'>δὲ</span> <span class='ocrx_word' id='word_1_29' title='bbox 385 565 458 637; x_wconf 76' lang='grc' dir='ltr'>μὴ</span> <span class='ocrx_word' id='word_1_30' title='bbox 506 570 772 622; x_wconf 84' lang='grc' dir='ltr'><strong><em>τοιοῦτον</em></strong></span> <span class='ocrx_word' id='word_1_31' title='bbox 815 573 1095 643; x_wconf 79' lang='grc' dir='ltr'><strong><em>ψέγοντας</em></strong></span> <span class='ocrx_word' id='word_1_32' title='bbox 1140 566 1212 631; x_wconf 82' lang='grc' dir='ltr'>ὡς</span> <span class='ocrx_word' id='word_1_33' title='bbox 1255 563 1563 637; x_wconf 80' lang='grc' dir='ltr'><strong><em>ἄχρηστον,</em></strong></span> <span class='ocrx_word' id='word_1_34' title='bbox 1613 569 1711 620; x_wconf 87' lang='grc' dir='ltr'>τοῦ</span> <span class='ocrx_word' id='word_1_35' title='bbox 1753 570 1811 620; x_wconf 81' lang='grc' dir='ltr'>δὲ</span> <span class='ocrx_word' id='word_1_36' title='bbox 1857 565 1994 631; x_wconf 82' lang='grc' dir='ltr'><strong><em>άλη-</em></strong></span> 
     </span>
     <span class='ocr_line' id='line_1_6' title="bbox 285 649 1993 724; baseline -0.001 -19"><span class='ocrx_word' id='word_1_37' title='bbox 285 654 460 706; x_wconf 56' lang='lat' dir='ltr'>&amp;mov</span> <span class='ocrx_word' id='word_1_38' title='bbox 510 650 851 724; x_wconf 74' lang='grc' dir='ltr'><strong><em>κυβερνήτου</em></strong></span> <span class='ocrx_word' id='word_1_39' title='bbox 897 658 1022 723; x_wconf 79' lang='grc' dir='ltr'><strong><em>πέρι</em></strong></span> <span class='ocrx_word' id='word_1_40' title='bbox 1061 650 1188 721; x_wconf 86' lang='grc' dir='ltr'><strong><em>μηδ’</em></strong></span> <span class='ocrx_word' id='word_1_41' title='bbox 1242 656 1574 715; x_wconf 80' lang='grc' dir='ltr'><strong><em>ὲπαΐοντας,</em></strong></span> <span class='ocrx_word' id='word_1_42' title='bbox 1642 649 1731 704; x_wconf 83' lang='grc' dir='ltr'>ὅτι</span> <span class='ocrx_word' id='word_1_43' title='bbox 1774 649 1993 717; x_wconf 78' lang='grc' dir='ltr'><strong><em>ἀνάγκη</em></strong></span> 
     </span>
     <span class='ocr_line' id='line_1_7' title="bbox 284 732 1994 806; baseline -0.001 -17"><span class='ocrx_word' id='word_1_44' title='bbox 284 735 437 805; x_wconf 80' lang='grc' dir='ltr'><strong><em>αὐτῷ</em></strong></span> <span class='ocrx_word' id='word_1_45' title='bbox 494 733 596 801; x_wconf 66' lang='grc' dir='ltr'>τὴν</span> <span class='ocrx_word' id='word_1_46' title='bbox 653 739 963 806; x_wconf 76' lang='grc' dir='ltr'><strong><em>ἐπιμέλειαν</em></strong></span> <span class='ocrx_word' id='word_1_47' title='bbox 1021 739 1312 790; x_wconf 75' lang='grc' dir='ltr'><strong><em>ποιεῖσθαι</em></strong></span> <span class='ocrx_word' id='word_1_48' title='bbox 1364 738 1624 790; x_wconf 78' lang='grc' dir='ltr'><strong><em>ἐνιαυτοῦ</em></strong></span> <span class='ocrx_word' id='word_1_49' title='bbox 1689 738 1781 788; x_wconf 83' lang='grc' dir='ltr'><strong><em>καὶ</em></strong></span> <span class='ocrx_word' id='word_1_50' title='bbox 1837 732 1994 805; x_wconf 80' lang='grc' dir='ltr'><strong><em>ὡρῶν</em></strong></span> 
     </span>
     <span class='ocr_line' id='line_1_8' title="bbox 284 816 2124 897; baseline -0.002 -23"><span class='ocrx_word' id='word_1_51' title='bbox 284 824 376 874; x_wconf 82' lang='grc' dir='ltr'><strong><em>καὶ</em></strong></span> <span class='ocrx_word' id='word_1_52' title='bbox 422 818 670 888; x_wconf 83' lang='grc' dir='ltr'><strong><em>οὐρανοῦ</em></strong></span> <span class='ocrx_word' id='word_1_53' title='bbox 717 823 810 875; x_wconf 87' lang='grc' dir='ltr'><strong><em>καὶ</em></strong></span> <span class='ocrx_word' id='word_1_54' title='bbox 853 818 1076 890; x_wconf 78' lang='grc' dir='ltr'><strong><em>ἄστρων</em></strong></span> <span class='ocrx_word' id='word_1_55' title='bbox 1121 823 1209 874; x_wconf 82' lang='grc' dir='ltr'><strong><em>καὶ</em></strong></span> <span class='ocrx_word' id='word_1_56' title='bbox 1250 819 1582 890; x_wconf 77' lang='grc' dir='ltr'><strong><em>πνευμάτων</em></strong></span> <span class='ocrx_word' id='word_1_57' title='bbox 1627 823 1718 872; x_wconf 85' lang='grc' dir='ltr'><strong><em>καὶ</em></strong></span> <span class='ocrx_word' id='word_1_58' title='bbox 1764 816 1995 872; x_wconf 81' lang='grc' dir='ltr'><strong><em>πάντων</em></strong></span> <span class='ocrx_word' id='word_1_59' title='bbox 2111 840 2124 897; x_wconf 56' lang='lat' dir='ltr'>q</span> 
     </span>
     <span class='ocr_line' id='line_1_9' title="bbox 287 900 1994 980; baseline -0.001 -22"><span class='ocrx_word' id='word_1_60' title='bbox 287 907 398 958; x_wconf 84' lang='grc' dir='ltr'>τῶν</span> <span class='ocrx_word' id='word_1_61' title='bbox 448 905 531 980; x_wconf 79' lang='grc' dir='ltr'>τῇ’</span> <span class='ocrx_word' id='word_1_62' title='bbox 571 911 729 980; x_wconf 75' lang='grc' dir='ltr'><strong><em>τέχνῃ</em></strong></span> <span class='ocrx_word' id='word_1_63' title='bbox 778 904 1198 976; x_wconf 82' lang='grc' dir='ltr'><strong><em>προςηκόντων,</em></strong></span> <span class='ocrx_word' id='word_1_64' title='bbox 1262 910 1307 958; x_wconf 79' lang='grc' dir='ltr'>εὶ</span> <span class='ocrx_word' id='word_1_65' title='bbox 1347 908 1527 974; x_wconf 78' lang='grc' dir='ltr'><strong><em>μέλλει</em></strong></span> <span class='ocrx_word' id='word_1_66' title='bbox 1570 905 1647 971; x_wconf 75' lang='grc' dir='ltr'>τῷ</span> <span class='ocrx_word' id='word_1_67' title='bbox 1694 901 1817 958; x_wconf 82' lang='grc' dir='ltr'><strong><em>ὄντι</em></strong></span> <span class='ocrx_word' id='word_1_68' title='bbox 1862 900 1994 966; x_wconf 82' lang='grc' dir='ltr'><strong><em>νεώς</em></strong></span> 
     </span>
     <span class='ocr_line' id='line_1_10' title="bbox 283 986 2124 1088; baseline -0.001 -46"><span class='ocrx_word' id='word_1_69' title='bbox 283 986 515 1059; x_wconf 78' lang='grc' dir='ltr'><strong><em>ἀρχικὸς</em></strong></span> <span class='ocrx_word' id='word_1_70' title='bbox 572 992 836 1054; x_wconf 76' lang='grc' dir='ltr'><strong><em>ἔσεσθαι,</em></strong></span> <span class='ocrx_word' id='word_1_71' title='bbox 890 986 1040 1052; x_wconf 83' lang='grc' dir='ltr'><strong><em>ὅπως</em></strong></span> <span class='ocrx_word' id='word_1_72' title='bbox 1098 990 1155 1042; x_wconf 79' lang='grc' dir='ltr'>δὲ</span> <span class='ocrx_word' id='word_1_73' title='bbox 1199 988 1541 1060; x_wconf 76' lang='grc' dir='ltr'><strong><em>κυβερνήσει,</em></strong></span> <span class='ocrx_word' id='word_1_74' title='bbox 1609 986 1706 1042; x_wconf 78' lang='grc' dir='ltr'>ἐάν</span> <span class='ocrx_word' id='word_1_75' title='bbox 1738 995 1807 1042; x_wconf 82' lang='grc' dir='ltr'>’τὲ</span> <span class='ocrx_word' id='word_1_76' title='bbox 1852 1007 1996 1050; x_wconf 80' lang='grc' dir='ltr'><strong><em>τινες</em></strong></span> <span class='ocrx_word' id='word_1_77' title='bbox 2116 1023 2124 1088; x_wconf 56' lang='lat' dir='ltr'>l</span> 
     </span>
    </p>

    <p class='ocr_par' dir='ltr' id='par_1_3' title="bbox 188 1069 1995 1314">
     <span class='ocr_line' id='line_1_11' title="bbox 188 1069 1994 1143; baseline -0.001 -15"><span class='ocrx_word' id='word_1_78' title='bbox 188 1088 235 1139; x_wconf 79' lang='lat' dir='ltr'>E</span> <span class='ocrx_word' id='word_1_79' title='bbox 281 1074 599 1142; x_wconf 82' lang='grc' dir='ltr'><strong><em>βούλωνται</em></strong></span> <span class='ocrx_word' id='word_1_80' title='bbox 643 1073 742 1127; x_wconf 80' lang='grc' dir='ltr'>ἐάν</span> <span class='ocrx_word' id='word_1_81' title='bbox 789 1095 845 1127; x_wconf 87' lang='grc' dir='ltr'>τε</span> <span class='ocrx_word' id='word_1_82' title='bbox 893 1072 995 1142; x_wconf 86' lang='grc' dir='ltr'>μή,</span> <span class='ocrx_word' id='word_1_83' title='bbox 1048 1070 1183 1142; x_wconf 85' lang='grc' dir='ltr'><strong><em>μήτε</em></strong></span> <span class='ocrx_word' id='word_1_84' title='bbox 1231 1081 1422 1143; x_wconf 80' lang='grc' dir='ltr'><strong><em>τέχνην</em></strong></span> <span class='ocrx_word' id='word_1_85' title='bbox 1466 1071 1675 1128; x_wconf 85' lang='grc' dir='ltr'><strong><em>τούτου</em></strong></span> <span class='ocrx_word' id='word_1_86' title='bbox 1719 1069 1857 1140; x_wconf 83' lang='grc' dir='ltr'><strong><em>μήτε</em></strong></span> <span class='ocrx_word' id='word_1_87' title='bbox 1901 1092 1994 1141; x_wconf 82' lang='grc' dir='ltr'>με·</span> 
     </span>
     <span class='ocr_line' id='line_1_12' title="bbox 284 1152 1995 1228; baseline -0.002 -17"><span class='ocrx_word' id='word_1_88' title='bbox 284 1162 445 1224; x_wconf 81' lang='grc' dir='ltr'><strong><em>λέτην</em></strong></span> <span class='ocrx_word' id='word_1_89' title='bbox 508 1164 800 1228; x_wconf 77' lang='grc' dir='ltr'><strong><em>οἰομένους</em></strong></span> <span class='ocrx_word' id='word_1_90' title='bbox 858 1154 1103 1212; x_wconf 80' lang='grc' dir='ltr'><strong><em>δυνατὸν</em></strong></span> <span class='ocrx_word' id='word_1_91' title='bbox 1156 1155 1296 1211; x_wconf 84' lang='grc' dir='ltr'><strong><em>εἶναι</em></strong></span> <span class='ocrx_word' id='word_1_92' title='bbox 1350 1161 1541 1228; x_wconf 82' lang='grc' dir='ltr'><strong><em>λαβεῖν</em></strong></span> <span class='ocrx_word' id='word_1_93' title='bbox 1587 1153 1706 1226; x_wconf 80' lang='grc' dir='ltr'><strong><em>ἅμα</em></strong></span> <span class='ocrx_word' id='word_1_94' title='bbox 1753 1158 1844 1209; x_wconf 80' lang='grc' dir='ltr'><strong><em>καὶ</em></strong></span> <span class='ocrx_word' id='word_1_95' title='bbox 1890 1152 1995 1221; x_wconf 86' lang='grc' dir='ltr'>τὴν</span> 
     </span>
     <span class='ocr_line' id='line_1_13' title="bbox 284 1238 1994 1314; baseline -0.001 -18"><span class='ocrx_word' id='word_1_96' title='bbox 284 1241 697 1313; x_wconf 78' lang='grc' dir='ltr'><strong><em>κυβερνητικήν.</em></strong></span> <span class='ocrx_word' id='word_1_97' title='bbox 745 1241 1017 1297; x_wconf 79' lang='grc' dir='ltr'><strong><em>τοιούτων</em></strong></span> <span class='ocrx_word' id='word_1_98' title='bbox 1054 1238 1122 1308; x_wconf 82' lang='grc' dir='ltr'>δὴ</span> <span class='ocrx_word' id='word_1_99' title='bbox 1158 1245 1279 1314; x_wconf 77' lang='grc' dir='ltr'><strong><em>περὶ</em></strong></span> <span class='ocrx_word' id='word_1_100' title='bbox 1327 1239 1429 1306; x_wconf 82' lang='grc' dir='ltr'>τὰς</span> <span class='ocrx_word' id='word_1_101' title='bbox 1473 1244 1612 1305; x_wconf 79' lang='grc' dir='ltr'><strong><em>ναῦς</em></strong></span> <span class='ocrx_word' id='word_1_102' title='bbox 1659 1245 1994 1310; x_wconf 75' lang='grc' dir='ltr'><strong><em>γιγνομένων</em></strong></span> 
     </span>
    </p>
   </div>
   <div class='ocr_carea' id='block_1_3' title="bbox 285 1432 2124 1780">
    <p class='ocr_par' dir='ltr' id='par_1_4' title="bbox 285 1432 2124 1780">
     <span class='ocr_line' id='line_1_14' title="bbox 405 1432 1992 1491; baseline 0.001 -16"><span class='ocrx_word' id='word_1_103' title='bbox 405 1437 454 1475; x_wconf 85' lang='grc' dir='ltr'>Ι).</span> <span class='ocrx_word' id='word_1_104' title='bbox 520 1432 667 1475; x_wconf 79' lang='grc' dir='ltr'><strong><em>ὅπως</em></strong></span> <span class='ocrx_word' id='word_1_105' title='bbox 707 1433 1011 1491; x_wconf 78' lang='grc' dir='ltr'><strong><em>ἄρξουσιν]</em></strong></span> <span class='ocrx_word' id='word_1_106' title='bbox 1055 1437 1101 1476; x_wconf 89' lang='lat' dir='ltr'>V.</span> <span class='ocrx_word' id='word_1_107' title='bbox 1145 1435 1346 1490; x_wconf 75' lang='grc' dir='ltr'><strong><em>ἄρξωσιν.</em></strong></span> <span class='ocrx_word' id='word_1_108' title='bbox 1410 1436 1621 1477; x_wconf 81' lang='lat' dir='ltr'>Futurum</span> <span class='ocrx_word' id='word_1_109' title='bbox 1661 1435 1863 1477; x_wconf 74' lang='lat' dir='ltr'>exhibent</span> <span class='ocrx_word' id='word_1_110' title='bbox 1899 1440 1992 1476; x_wconf 83' lang='lat' dir='ltr'>Par-</span> 
     </span>
     <span class='ocr_line' id='line_1_15' title="bbox 287 1494 1992 1547; baseline 0.001 -13"><span class='ocrx_word' id='word_1_111' title='bbox 287 1501 337 1534; x_wconf 73' lang='grc' dir='ltr'>Α.</span> <span class='ocrx_word' id='word_1_112' title='bbox 375 1495 494 1545; x_wconf 60' lang='grc' dir='ltr'><strong>Ἴθι).</strong></span> <span class='ocrx_word' id='word_1_113' title='bbox 525 1494 586 1533; x_wconf 91' lang='grc' dir='ltr'>ΙΙ.</span> <span class='ocrx_word' id='word_1_114' title='bbox 630 1495 746 1547; x_wconf 77' lang='lat' dir='ltr'>Aug.</span> <span class='ocrx_word' id='word_1_115' title='bbox 790 1495 891 1536; x_wconf 89' lang='lat' dir='ltr'>Vat.</span> <span class='ocrx_word' id='word_1_116' title='bbox 924 1509 976 1536; x_wconf 87' lang='lat' dir='ltr'>m.</span> <span class='ocrx_word' id='word_1_117' title='bbox 1025 1495 1142 1535; x_wconf 72' lang='lat' dir='ltr'>Flor.</span> <span class='ocrx_word' id='word_1_118' title='bbox 1175 1510 1212 1536; x_wconf 84' lang='lat' dir='ltr'>a.</span> <span class='ocrx_word' id='word_1_119' title='bbox 1248 1509 1270 1535; x_wconf 91' lang='lat' dir='ltr'>c</span> <span class='ocrx_word' id='word_1_120' title='bbox 1318 1509 1357 1538; x_wconf 87' lang='lat' dir='ltr'>x.</span> <span class='ocrx_word' id='word_1_121' title='bbox 1392 1509 1432 1534; x_wconf 89' lang='grc' dir='ltr'><strong><em>α.</em></strong></span> <span class='ocrx_word' id='word_1_122' title='bbox 1466 1494 1511 1546; x_wconf 85' lang='grc' dir='ltr'>β.</span> <span class='ocrx_word' id='word_1_123' title='bbox 1546 1509 1584 1547; x_wconf 85' lang='grc' dir='ltr'>γ.</span> <span class='ocrx_word' id='word_1_124' title='bbox 1657 1495 1870 1535; x_wconf 75' lang='lat' dir='ltr'><strong>Restituit</strong></span> <span class='ocrx_word' id='word_1_125' title='bbox 1910 1495 1992 1535; x_wconf 85' lang='lat' dir='ltr'>iam</span> 
     </span>
     <span class='ocr_line' id='line_1_16' title="bbox 285 1550 1994 1597; baseline -0.001 -4"><span class='ocrx_word' id='word_1_126' title='bbox 285 1552 358 1593; x_wconf 72' lang='lat' dir='ltr'>Fr.</span> <span class='ocrx_word' id='word_1_127' title='bbox 407 1551 566 1592; x_wconf 71' lang='lat' dir='ltr'>Aetius.</span> <span class='ocrx_word' id='word_1_128' title='bbox 630 1553 735 1593; x_wconf 84' lang='lat' dir='ltr'>Dein</span> <span class='ocrx_word' id='word_1_129' title='bbox 782 1551 1006 1594; x_wconf 74' lang='grc' dir='ltr'><strong><em>ἐπαΐοντες</em></strong></span> <span class='ocrx_word' id='word_1_130' title='bbox 1047 1556 1140 1594; x_wconf 80' lang='lat' dir='ltr'>Par.</span> <span class='ocrx_word' id='word_1_131' title='bbox 1173 1556 1230 1593; x_wconf 88' lang='lat' dir='ltr'>A.</span> <span class='ocrx_word' id='word_1_132' title='bbox 1274 1553 1367 1593; x_wconf 86' lang='lat' dir='ltr'>Vat.</span> <span class='ocrx_word' id='word_1_133' title='bbox 1407 1550 1454 1592; x_wconf 87' lang='grc' dir='ltr'>Θ.</span> <span class='ocrx_word' id='word_1_134' title='bbox 1497 1552 1600 1595; x_wconf 85' lang='lat' dir='ltr'>Ven.</span> <span class='ocrx_word' id='word_1_135' title='bbox 1636 1552 1684 1597; x_wconf 82' lang='grc' dir='ltr'>Ξ.</span> <span class='ocrx_word' id='word_1_136' title='bbox 1720 1552 1770 1593; x_wconf 83' lang='lat' dir='ltr'>u.</span> <span class='ocrx_word' id='word_1_137' title='bbox 1812 1555 1907 1594; x_wconf 81' lang='lat' dir='ltr'>vat.</span> <span class='ocrx_word' id='word_1_138' title='bbox 1938 1564 1994 1594; x_wconf 91' lang='lat' dir='ltr'>m.</span> 
     </span>
     <span class='ocr_line' id='line_1_17' title="bbox 287 1609 1996 1663; baseline 0.001 -13"><span class='ocrx_word' id='word_1_139' title='bbox 287 1609 404 1652; x_wconf 76' lang='lat' dir='ltr'>Flor.</span> <span class='ocrx_word' id='word_1_140' title='bbox 440 1623 478 1653; x_wconf 87' lang='lat' dir='ltr'>a.</span> <span class='ocrx_word' id='word_1_141' title='bbox 511 1622 547 1652; x_wconf 89' lang='lat' dir='ltr'>c.</span> <span class='ocrx_word' id='word_1_142' title='bbox 582 1624 620 1649; x_wconf 86' lang='grc' dir='ltr'><strong><em>α.</em></strong></span> <span class='ocrx_word' id='word_1_143' title='bbox 655 1625 694 1663; x_wconf 82' lang='grc' dir='ltr'>γ.</span> <span class='ocrx_word' id='word_1_144' title='bbox 726 1611 845 1663; x_wconf 86' lang='lat' dir='ltr'>quod</span> <span class='ocrx_word' id='word_1_145' title='bbox 879 1624 970 1652; x_wconf 87' lang='lat' dir='ltr'>cum</span> <span class='ocrx_word' id='word_1_146' title='bbox 1005 1611 1274 1653; x_wconf 79' lang='lat' dir='ltr'>Schneidero</span> <span class='ocrx_word' id='word_1_147' title='bbox 1307 1610 1435 1651; x_wconf 88' lang='lat' dir='ltr'>Turr.</span> <span class='ocrx_word' id='word_1_148' title='bbox 1470 1615 1514 1650; x_wconf 85' lang='lat' dir='ltr'>et</span> <span class='ocrx_word' id='word_1_149' title='bbox 1541 1609 1690 1652; x_wconf 83' lang='lat' dir='ltr'>Herm.</span> <span class='ocrx_word' id='word_1_150' title='bbox 1725 1617 1996 1662; x_wconf 75' lang='lat' dir='ltr'>receperunt.</span> 
     </span>
     <span class='ocr_line' id='line_1_18' title="bbox 287 1665 2124 1722; baseline 0.001 -15"><span class='ocrx_word' id='word_1_151' title='bbox 287 1668 364 1709; x_wconf 81' lang='lat' dir='ltr'>sed</span> <span class='ocrx_word' id='word_1_152' title='bbox 397 1681 434 1709; x_wconf 80' lang='lat' dir='ltr'>v.</span> <span class='ocrx_word' id='word_1_153' title='bbox 469 1680 569 1708; x_wconf 84' lang='lat' dir='ltr'>ann.</span> <span class='ocrx_word' id='word_1_154' title='bbox 601 1669 860 1721; x_wconf 76' lang='lat' dir='ltr'><strong>proximam.</strong></span> <span class='ocrx_word' id='word_1_155' title='bbox 922 1670 1011 1710; x_wconf 89' lang='lat' dir='ltr'>Pro</span> <span class='ocrx_word' id='word_1_156' title='bbox 1058 1671 1172 1722; x_wconf 67' lang='lat' dir='ltr'>vulg.</span> <span class='ocrx_word' id='word_1_157' title='bbox 1214 1665 1337 1709; x_wconf 74' lang='grc' dir='ltr'><strong><em>ὅπως</em></strong></span> <span class='ocrx_word' id='word_1_158' title='bbox 1376 1667 1422 1708; x_wconf 82' lang='grc' dir='ltr'>δὲ</span> <span class='ocrx_word' id='word_1_159' title='bbox 1460 1667 1560 1719; x_wconf 81' lang='grc' dir='ltr'><strong><em>κυβ.</em></strong></span> <span class='ocrx_word' id='word_1_160' title='bbox 1624 1667 1769 1713; x_wconf 77' lang='lat' dir='ltr'>Astins</span> <span class='ocrx_word' id='word_1_161' title='bbox 1800 1667 1995 1708; x_wconf 78' lang='lat' dir='ltr'>scriben-</span> <span class='ocrx_word' id='word_1_162' title='bbox 2114 1670 2124 1702; x_wconf 49' lang='lat'>&gt;¹</span> 
     </span>
     <span class='ocr_line' id='line_1_19' title="bbox 288 1723 1993 1780; baseline 0.001 -15"><span class='ocrx_word' id='word_1_163' title='bbox 288 1726 387 1766; x_wconf 87' lang='lat' dir='ltr'>dum</span> <span class='ocrx_word' id='word_1_164' title='bbox 422 1727 613 1766; x_wconf 84' lang='lat' dir='ltr'>coniecit</span> <span class='ocrx_word' id='word_1_165' title='bbox 644 1723 767 1767; x_wconf 74' lang='grc' dir='ltr'><strong><em>ὅπως</em></strong></span> <span class='ocrx_word' id='word_1_166' title='bbox 798 1741 840 1766; x_wconf 84' lang='grc' dir='ltr'>τε</span> <span class='ocrx_word' id='word_1_167' title='bbox 872 1741 930 1779; x_wconf 87' lang='grc' dir='ltr'>κ.,</span> <span class='ocrx_word' id='word_1_168' title='bbox 963 1728 1077 1780; x_wconf 83' lang='lat' dir='ltr'>quod</span> <span class='ocrx_word' id='word_1_169' title='bbox 1111 1728 1317 1780; x_wconf 86' lang='lat' dir='ltr'>scriptum</span> <span class='ocrx_word' id='word_1_170' title='bbox 1353 1730 1498 1768; x_wconf 83' lang='lat' dir='ltr'>exstat</span> <span class='ocrx_word' id='word_1_171' title='bbox 1530 1726 1568 1766; x_wconf 91' lang='lat' dir='ltr'>in</span> <span class='ocrx_word' id='word_1_172' title='bbox 1604 1727 1699 1767; x_wconf 83' lang='lat' dir='ltr'>vat.</span> <span class='ocrx_word' id='word_1_173' title='bbox 1726 1723 1772 1768; x_wconf 87' lang='grc' dir='ltr'>Θ.</span> <span class='ocrx_word' id='word_1_174' title='bbox 1798 1739 1832 1766; x_wconf 85' lang='lat' dir='ltr'>r.</span> <span class='ocrx_word' id='word_1_175' title='bbox 1871 1725 1993 1767; x_wconf 78' lang='lat' dir='ltr'>vind.</span> 
     </span>
    </p>
   </div>
   <div class='ocr_carea' id='block_1_4' title="bbox 442 1782 475 1799">
    <p class='ocr_par' dir='ltr' id='par_1_5' title="bbox 442 1782 475 1799">
     <span class='ocr_line' id='line_1_20' title="bbox 442 1782 475 1799; baseline 0 0"><span class='ocrx_word' id='word_1_176' title='bbox 442 1782 475 1799; x_wconf 67' lang='grc' dir='ltr'><em>Η</em></span> 
     </span>
    </p>
   </div>
   <div class='ocr_carea' id='block_1_5' title="bbox 285 1783 1995 2011">
    <p class='ocr_par' dir='ltr' id='par_1_6' title="bbox 288 1783 1746 1836">
     <span class='ocr_line' id='line_1_21' title="bbox 288 1783 1746 1836; baseline 0.003 -14"><span class='ocrx_word' id='word_1_177' title='bbox 288 1784 399 1825; x_wconf 85' lang='lat' dir='ltr'>Ven.</span> <span class='ocrx_word' id='word_1_178' title='bbox 435 1798 483 1826; x_wconf 53' lang='grc' dir='ltr'>με..</span> <span class='ocrx_word' id='word_1_179' title='bbox 546 1783 635 1824; x_wconf 88' lang='lat' dir='ltr'>Sed</span> <span class='ocrx_word' id='word_1_180' title='bbox 668 1783 782 1825; x_wconf 88' lang='lat' dir='ltr'>haud</span> <span class='ocrx_word' id='word_1_181' title='bbox 815 1785 945 1828; x_wconf 88' lang='lat' dir='ltr'>dubie</span> <span class='ocrx_word' id='word_1_182' title='bbox 979 1798 1124 1826; x_wconf 79' lang='lat' dir='ltr'>verum</span> <span class='ocrx_word' id='word_1_183' title='bbox 1159 1792 1227 1825; x_wconf 80' lang='lat' dir='ltr'>est</span> <span class='ocrx_word' id='word_1_184' title='bbox 1259 1787 1494 1836; x_wconf 70' lang='lat' dir='ltr'>vulgatum.</span> <span class='ocrx_word' id='word_1_185' title='bbox 1530 1796 1566 1826; x_wconf 80' lang='lat' dir='ltr'>v.</span> <span class='ocrx_word' id='word_1_186' title='bbox 1600 1789 1746 1826; x_wconf 84' lang='lat' dir='ltr'>annot.</span> 
     </span>
    </p>

    <p class='ocr_par' dir='ltr' id='par_1_7' title="bbox 285 1837 1995 2011">
     <span class='ocr_line' id='line_1_22' title="bbox 402 1837 1995 1896; baseline 0.001 -16"><span class='ocrx_word' id='word_1_187' title='bbox 402 1841 457 1882; x_wconf 80' lang='lat' dir='ltr'>E.</span> <span class='ocrx_word' id='word_1_188' title='bbox 521 1839 826 1891; x_wconf 71' lang='grc' dir='ltr'><strong><em>οἰομένους</em></strong></span> <span class='ocrx_word' id='word_1_189' title='bbox 856 1839 1106 1884; x_wconf 79' lang='grc' dir='ltr'><strong><em>δυνατόν</em></strong></span> <span class='ocrx_word' id='word_1_190' title='bbox 1144 1837 1316 1896; x_wconf 85' lang='grc' dir='ltr'><strong><em>εἶναι]</em></strong></span> <span class='ocrx_word' id='word_1_191' title='bbox 1357 1842 1458 1882; x_wconf 88' lang='lat' dir='ltr'>Par.</span> <span class='ocrx_word' id='word_1_192' title='bbox 1493 1841 1634 1883; x_wconf 77' lang='grc' dir='ltr'><strong>ΑΒΚ.</strong></span> <span class='ocrx_word' id='word_1_193' title='bbox 1668 1842 1767 1883; x_wconf 85' lang='lat' dir='ltr'>Vat.</span> <span class='ocrx_word' id='word_1_194' title='bbox 1808 1838 1854 1884; x_wconf 86' lang='grc' dir='ltr'>Θ.</span> <span class='ocrx_word' id='word_1_195' title='bbox 1886 1842 1995 1881; x_wconf 86' lang='lat' dir='ltr'>Ven.</span> 
     </span>
     <span class='ocr_line' id='line_1_23' title="bbox 288 1898 1992 1955; baseline 0.001 -17"><span class='ocrx_word' id='word_1_196' title='bbox 288 1901 334 1943; x_wconf 83' lang='grc' dir='ltr'>Ξ.</span> <span class='ocrx_word' id='word_1_197' title='bbox 368 1899 428 1939; x_wconf 89' lang='lat'>11.</span> <span class='ocrx_word' id='word_1_198' title='bbox 461 1899 593 1939; x_wconf 70' lang='lat' dir='ltr'>Vino.</span> <span class='ocrx_word' id='word_1_199' title='bbox 628 1901 745 1942; x_wconf 89' lang='lat' dir='ltr'>Mon.</span> <span class='ocrx_word' id='word_1_200' title='bbox 781 1904 887 1955; x_wconf 74' lang='lat' dir='ltr'>Aug.</span> <span class='ocrx_word' id='word_1_201' title='bbox 922 1901 1017 1944; x_wconf 90' lang='lat' dir='ltr'>Vat.</span> <span class='ocrx_word' id='word_1_202' title='bbox 1053 1914 1109 1944; x_wconf 89' lang='lat' dir='ltr'>m.</span> <span class='ocrx_word' id='word_1_203' title='bbox 1145 1915 1177 1942; x_wconf 90' lang='lat' dir='ltr'>r.</span> <span class='ocrx_word' id='word_1_204' title='bbox 1211 1913 1289 1942; x_wconf 87' lang='lat' dir='ltr'>sex</span> <span class='ocrx_word' id='word_1_205' title='bbox 1323 1898 1560 1940; x_wconf 76' lang='lat' dir='ltr'>Florentini</span> <span class='ocrx_word' id='word_1_206' title='bbox 1594 1899 1729 1939; x_wconf 70' lang='lat' dir='ltr'>nostri</span> <span class='ocrx_word' id='word_1_207' title='bbox 1762 1911 1856 1938; x_wconf 87' lang='lat' dir='ltr'>cum</span> <span class='ocrx_word' id='word_1_208' title='bbox 1895 1898 1992 1940; x_wconf 81' lang='lat' dir='ltr'>Bas.</span> 
     </span>
     <span class='ocr_line' id='line_1_24' title="bbox 285 1955 1994 2011; baseline 0.001 -15"><span class='ocrx_word' id='word_1_209' title='bbox 285 1960 327 2002; x_wconf 77' lang='lat'>2.</span> <span class='ocrx_word' id='word_1_210' title='bbox 359 1955 565 2007; x_wconf 78' lang='grc' dir='ltr'><strong><em>οἰόμενοι.</em></strong></span> <span class='ocrx_word' id='word_1_211' title='bbox 625 1958 757 2003; x_wconf 82' lang='lat' dir='ltr'>Quod</span> <span class='ocrx_word' id='word_1_212' title='bbox 790 1959 826 1999; x_wconf 89' lang='lat' dir='ltr'>si</span> <span class='ocrx_word' id='word_1_213' title='bbox 858 1971 1005 2001; x_wconf 84' lang='lat' dir='ltr'>verum</span> <span class='ocrx_word' id='word_1_214' title='bbox 1039 1963 1174 2010; x_wconf 79' lang='lat' dir='ltr'>esset,</span> <span class='ocrx_word' id='word_1_215' title='bbox 1207 1957 1410 2011; x_wconf 74' lang='lat' dir='ltr'>explicari</span> <span class='ocrx_word' id='word_1_216' title='bbox 1443 1968 1521 2010; x_wconf 88' lang='lat' dir='ltr'>per</span> <span class='ocrx_word' id='word_1_217' title='bbox 1557 1956 1881 1998; x_wconf 77' lang='lat' dir='ltr'>anacoluthiam</span> <span class='ocrx_word' id='word_1_218' title='bbox 1917 1958 1994 1997; x_wconf 85' lang='lat' dir='ltr'>de—</span> 
     </span>
    </p>
   </div>
   <div class='ocr_carea' id='block_1_6' title="bbox 349 2094 1992 2152">
    <p class='ocr_par' dir='ltr' id='par_1_8' title="bbox 349 2094 1992 2152">
     <span class='ocr_line' id='line_1_25' title="bbox 349 2094 1992 2152; baseline -0.002 -13"><span class='ocrx_word' id='word_1_219' title='bbox 349 2100 397 2142; x_wconf 86' lang='lat' dir='ltr'>D.</span> <span class='ocrx_word' id='word_1_220' title='bbox 462 2095 522 2138; x_wconf 71' lang='grc' dir='ltr'>ὃς</span> <span class='ocrx_word' id='word_1_221' title='bbox 570 2094 633 2139; x_wconf 77' lang='grc' dir='ltr'>ἂν</span> <span class='ocrx_word' id='word_1_222' title='bbox 687 2098 1100 2152; x_wconf 76' lang='grc' dir='ltr'><strong><em>ξυλλαμβάνειν</em></strong></span> <span class='ocrx_word' id='word_1_223' title='bbox 1186 2098 1266 2150; x_wconf 88' lang='lat' dir='ltr'>sit,</span> <span class='ocrx_word' id='word_1_224' title='bbox 1308 2099 1540 2139; x_wconf 87' lang='lat' dir='ltr'>contemtis</span> <span class='ocrx_word' id='word_1_225' title='bbox 1574 2098 1742 2140; x_wconf 83' lang='lat' dir='ltr'>illorum</span> <span class='ocrx_word' id='word_1_226' title='bbox 1778 2097 1992 2150; x_wconf 87' lang='lat' dir='ltr'>opinioni-</span> 
     </span>
    </p>
   </div>
   <div class='ocr_carea' id='block_1_7' title="bbox 283 2149 1106 3479">
    <p class='ocr_par' dir='ltr' id='par_1_9' title="bbox 287 2149 1101 2499">
     <span class='ocr_line' id='line_1_26' title="bbox 288 2149 1098 2211; baseline 0.001 -15"><span class='ocrx_word' id='word_1_227' title='bbox 288 2153 480 2196; x_wconf 73' lang='grc' dir='ltr'><strong><em>δεινὸς</em></strong></span> <span class='ocrx_word' id='word_1_228' title='bbox 511 2149 558 2208; x_wconf 78' lang='grc' dir='ltr'>ᾖ,</span> <span class='ocrx_word' id='word_1_229' title='bbox 603 2153 749 2200; x_wconf 67' lang='lat' dir='ltr'>(incus</span> <span class='ocrx_word' id='word_1_230' title='bbox 798 2155 1098 2211; x_wconf 80' lang='grc' dir='ltr'><strong><em>ἄρξουσιν]</em></strong></span> 
     </span>
     <span class='ocr_line' id='line_1_27' title="bbox 287 2215 1099 2267; baseline 0.002 -13"><span class='ocrx_word' id='word_1_231' title='bbox 287 2216 385 2266; x_wconf 83' lang='lat' dir='ltr'>qui</span> <span class='ocrx_word' id='word_1_232' title='bbox 441 2215 598 2266; x_wconf 84' lang='lat' dir='ltr'>ipsos</span> <span class='ocrx_word' id='word_1_233' title='bbox 652 2215 920 2256; x_wconf 88' lang='lat' dir='ltr'>adiuvare</span> <span class='ocrx_word' id='word_1_234' title='bbox 970 2228 1099 2267; x_wconf 83' lang='lat' dir='ltr'>pos-</span> 
     </span>
     <span class='ocr_line' id='line_1_28' title="bbox 292 2272 1099 2326; baseline 0.002 -14"><span class='ocrx_word' id='word_1_235' title='bbox 292 2273 384 2323; x_wconf 86' lang='lat' dir='ltr'>sit,</span> <span class='ocrx_word' id='word_1_236' title='bbox 417 2277 476 2312; x_wconf 89' lang='lat' dir='ltr'>ut</span> <span class='ocrx_word' id='word_1_237' title='bbox 514 2272 665 2313; x_wconf 78' lang='lat' dir='ltr'>navis</span> <span class='ocrx_word' id='word_1_238' title='bbox 695 2274 984 2326; x_wconf 86' lang='lat' dir='ltr'>imperium</span> <span class='ocrx_word' id='word_1_239' title='bbox 1019 2286 1099 2314; x_wconf 85' lang='lat' dir='ltr'>ac-</span> 
     </span>
     <span class='ocr_line' id='line_1_29' title="bbox 290 2330 1101 2383; baseline 0.004 -13"><span class='ocrx_word' id='word_1_240' title='bbox 290 2330 505 2383; x_wconf 85' lang='lat' dir='ltr'>cipiant</span> <span class='ocrx_word' id='word_1_241' title='bbox 574 2333 658 2371; x_wconf 82' lang='lat' dir='ltr'>vei</span> <span class='ocrx_word' id='word_1_242' title='bbox 723 2331 1101 2383; x_wconf 77' lang='lat' dir='ltr'>persuasione</span> 
     </span>
     <span class='ocr_line' id='line_1_30' title="bbox 291 2387 1098 2441; baseline 0.001 -14"><span class='ocrx_word' id='word_1_243' title='bbox 291 2389 377 2428; x_wconf 86' lang='lat' dir='ltr'>vel</span> <span class='ocrx_word' id='word_1_244' title='bbox 431 2387 476 2427; x_wconf 83' lang='lat' dir='ltr'>vi</span> <span class='ocrx_word' id='word_1_245' title='bbox 527 2387 972 2441; x_wconf 77' lang='lat' dir='ltr'>gubernatorem</span> <span class='ocrx_word' id='word_1_246' title='bbox 1015 2402 1098 2429; x_wconf 91' lang='lat' dir='ltr'>co-</span> 
     </span>
     <span class='ocr_line' id='line_1_31' title="bbox 289 2449 500 2499; baseline 0.005 -13"><span class='ocrx_word' id='word_1_247' title='bbox 289 2449 500 2499; x_wconf 79' lang='lat' dir='ltr'>gentes.</span> 
     </span>
    </p>

    <p class='ocr_par' dir='ltr' id='par_1_10' title="bbox 283 2499 1106 3479">
     <span class='ocr_line' id='line_1_32' title="bbox 351 2499 1099 2556; baseline -0.001 -13"><span class='ocrx_word' id='word_1_248' title='bbox 351 2500 501 2543; x_wconf 73' lang='grc' dir='ltr'><strong><em>ὅπως</em></strong></span> <span class='ocrx_word' id='word_1_249' title='bbox 551 2500 605 2542; x_wconf 83' lang='grc' dir='ltr'>δὲ</span> <span class='ocrx_word' id='word_1_250' title='bbox 662 2499 1005 2556; x_wconf 84' lang='grc' dir='ltr'><strong><em>κυβερνήσει</em></strong></span> <span class='ocrx_word' id='word_1_251' title='bbox 1043 2525 1099 2532; x_wconf 86' lang='grc'>--</span> 
     </span>
     <span class='ocr_line' id='line_1_33' title="bbox 290 2558 1098 2615; baseline 0 -15"><span class='ocrx_word' id='word_1_252' title='bbox 290 2558 726 2615; x_wconf 84' lang='grc' dir='ltr'><strong><em>κυβερνητικὴν]</em></strong></span> <span class='ocrx_word' id='word_1_253' title='bbox 789 2561 932 2602; x_wconf 80' lang='lat' dir='ltr'>Recte</span> <span class='ocrx_word' id='word_1_254' title='bbox 992 2559 1098 2601; x_wconf 89' lang='lat' dir='ltr'>scri-</span> 
     </span>
     <span class='ocr_line' id='line_1_34' title="bbox 290 2616 1098 2672; baseline -0.001 -13"><span class='ocrx_word' id='word_1_255' title='bbox 290 2625 411 2670; x_wconf 84' lang='lat' dir='ltr'>ptum</span> <span class='ocrx_word' id='word_1_256' title='bbox 456 2623 524 2660; x_wconf 85' lang='lat' dir='ltr'>est</span> <span class='ocrx_word' id='word_1_257' title='bbox 565 2616 629 2669; x_wconf 84' lang='grc' dir='ltr'>δέ,</span> <span class='ocrx_word' id='word_1_258' title='bbox 675 2631 755 2672; x_wconf 89' lang='lat' dir='ltr'>pro</span> <span class='ocrx_word' id='word_1_259' title='bbox 795 2632 884 2672; x_wconf 90' lang='lat' dir='ltr'>quo</span> <span class='ocrx_word' id='word_1_260' title='bbox 919 2618 988 2659; x_wconf 77' lang='lat' dir='ltr'>alii</span> <span class='ocrx_word' id='word_1_261' title='bbox 1019 2630 1098 2658; x_wconf 83' lang='lat' dir='ltr'>vo-</span> 
     </span>
     <span class='ocr_line' id='line_1_35' title="bbox 291 2675 1096 2730; baseline -0.002 -12"><span class='ocrx_word' id='word_1_262' title='bbox 291 2680 460 2718; x_wconf 81' lang='lat' dir='ltr'>tuerunt</span> <span class='ocrx_word' id='word_1_263' title='bbox 512 2690 567 2720; x_wconf 85' lang='grc' dir='ltr'>τε.</span> <span class='ocrx_word' id='word_1_264' title='bbox 649 2677 936 2730; x_wconf 83' lang='lat' dir='ltr'>Distinguitur</span> <span class='ocrx_word' id='word_1_265' title='bbox 983 2675 1096 2716; x_wconf 88' lang='lat' dir='ltr'>enim</span> 
     </span>
     <span class='ocr_line' id='line_1_36' title="bbox 289 2733 1098 2787; baseline -0.004 -12"><span class='ocrx_word' id='word_1_266' title='bbox 289 2747 416 2775; x_wconf 85' lang='lat' dir='ltr'>usus</span> <span class='ocrx_word' id='word_1_267' title='bbox 447 2735 553 2776; x_wconf 82' lang='lat' dir='ltr'>artis</span> <span class='ocrx_word' id='word_1_268' title='bbox 583 2733 850 2787; x_wconf 81' lang='lat' dir='ltr'>gubernandi</span> <span class='ocrx_word' id='word_1_269' title='bbox 884 2735 976 2775; x_wconf 88' lang='lat' dir='ltr'>sive</span> <span class='ocrx_word' id='word_1_270' title='bbox 1007 2745 1098 2774; x_wconf 82' lang='lat' dir='ltr'>ars</span> 
     </span>
     <span class='ocr_line' id='line_1_37' title="bbox 287 2792 1103 2846; baseline -0.002 -13"><span class='ocrx_word' id='word_1_271' title='bbox 287 2792 663 2846; x_wconf 86' lang='lat' dir='ltr'>imperatoria</span> <span class='ocrx_word' id='word_1_272' title='bbox 696 2805 723 2832; x_wconf 81' lang='lat' dir='ltr'>a.</span> <span class='ocrx_word' id='word_1_273' title='bbox 763 2792 1013 2833; x_wconf 83' lang='lat' dir='ltr'>scientia</span> <span class='ocrx_word' id='word_1_274' title='bbox 1057 2796 1103 2831; x_wconf 88' lang='lat' dir='ltr'>et</span> 
     </span>
     <span class='ocr_line' id='line_1_38' title="bbox 291 2850 1102 2904; baseline 0 -14"><span class='ocrx_word' id='word_1_275' title='bbox 291 2851 541 2904; x_wconf 71' lang='lat' dir='ltr'>cognitione</span> <span class='ocrx_word' id='word_1_276' title='bbox 601 2850 928 2902; x_wconf 76' lang='lat' dir='ltr'>gubernatoris,</span> <span class='ocrx_word' id='word_1_277' title='bbox 989 2861 1102 2901; x_wconf 81' lang='lat' dir='ltr'>quae</span> 
     </span>
     <span class='ocr_line' id='line_1_39' title="bbox 287 2907 1101 2959; baseline -0.002 -11"><span class='ocrx_word' id='word_1_278' title='bbox 287 2909 533 2959; x_wconf 86' lang='lat' dir='ltr'>continetur</span> <span class='ocrx_word' id='word_1_279' title='bbox 572 2908 753 2949; x_wconf 87' lang='lat' dir='ltr'>scientia</span> <span class='ocrx_word' id='word_1_280' title='bbox 792 2907 1101 2958; x_wconf 80' lang='lat' dir='ltr'>astronomica,</span> 
     </span>
     <span class='ocr_line' id='line_1_40' title="bbox 288 2964 1102 3018; baseline -0.004 -13"><span class='ocrx_word' id='word_1_281' title='bbox 288 2966 658 3018; x_wconf 80' lang='lat' dir='ltr'>meteorologica‚</span> <span class='ocrx_word' id='word_1_282' title='bbox 719 2967 816 3007; x_wconf 84' lang='lat' dir='ltr'>aliis</span> <span class='ocrx_word' id='word_1_283' title='bbox 876 2964 1102 3015; x_wconf 73' lang='lat' dir='ltr'>similibus,</span> 
     </span>
     <span class='ocr_line' id='line_1_41' title="bbox 283 3020 1104 3076; baseline -0.001 -13"><span class='ocrx_word' id='word_1_284' title='bbox 283 3024 370 3064; x_wconf 87' lang='lat' dir='ltr'>hoe</span> <span class='ocrx_word' id='word_1_285' title='bbox 404 3029 486 3074; x_wconf 87' lang='lat' dir='ltr'>est,</span> <span class='ocrx_word' id='word_1_286' title='bbox 529 3034 554 3063; x_wconf 82' lang='lat' dir='ltr'>a</span> <span class='ocrx_word' id='word_1_287' title='bbox 586 3020 775 3074; x_wconf 84' lang='lat' dir='ltr'>theoria,</span> <span class='ocrx_word' id='word_1_288' title='bbox 807 3035 937 3076; x_wconf 84' lang='lat' dir='ltr'>quam</span> <span class='ocrx_word' id='word_1_289' title='bbox 972 3023 1104 3075; x_wconf 85' lang='lat' dir='ltr'>vulgo</span> 
     </span>
     <span class='ocr_line' id='line_1_42' title="bbox 284 3078 1106 3134; baseline 0.001 -15"><span class='ocrx_word' id='word_1_290' title='bbox 284 3080 443 3122; x_wconf 86' lang='lat' dir='ltr'>dicunt.</span> <span class='ocrx_word' id='word_1_291' title='bbox 528 3080 686 3134; x_wconf 84' lang='lat' dir='ltr'>Itaque</span> <span class='ocrx_word' id='word_1_292' title='bbox 737 3081 950 3123; x_wconf 80' lang='lat' dir='ltr'>sententia</span> <span class='ocrx_word' id='word_1_293' title='bbox 999 3078 1106 3130; x_wconf 82' lang='lat' dir='ltr'>baec</span> 
     </span>
     <span class='ocr_line' id='line_1_43' title="bbox 284 3137 1102 3192; baseline 0 -14"><span class='ocrx_word' id='word_1_294' title='bbox 284 3144 379 3179; x_wconf 77' lang='lat' dir='ltr'>est:</span> <span class='ocrx_word' id='word_1_295' title='bbox 433 3137 718 3192; x_wconf 82' lang='lat' dir='ltr'>quomodo</span> <span class='ocrx_word' id='word_1_296' title='bbox 778 3144 961 3180; x_wconf 88' lang='lat' dir='ltr'>autem</span> <span class='ocrx_word' id='word_1_297' title='bbox 1011 3148 1102 3190; x_wconf 83' lang='lat' dir='ltr'>gu-</span> 
     </span>
     <span class='ocr_line' id='line_1_44' title="bbox 284 3195 1100 3253; baseline 0.004 -20"><span class='ocrx_word' id='word_1_298' title='bbox 284 3196 612 3237; x_wconf 86' lang='lat' dir='ltr'>bernaturus</span> <span class='ocrx_word' id='word_1_299' title='bbox 648 3198 735 3249; x_wconf 85' lang='lat' dir='ltr'>sit,</span> <span class='ocrx_word' id='word_1_300' title='bbox 787 3197 903 3238; x_wconf 85' lang='lat' dir='ltr'>sive</span> <span class='ocrx_word' id='word_1_301' title='bbox 933 3195 983 3253; x_wconf 78' lang='lat' dir='ltr'>id</span> <span class='ocrx_word' id='word_1_302' title='bbox 1018 3207 1100 3247; x_wconf 75' lang='lat' dir='ltr'>ve·</span> 
     </span>
     <span class='ocr_line' id='line_1_45' title="bbox 285 3253 1100 3307; baseline 0.001 -15"><span class='ocrx_word' id='word_1_303' title='bbox 285 3253 391 3293; x_wconf 79' lang='lat' dir='ltr'>tint</span> <span class='ocrx_word' id='word_1_304' title='bbox 441 3253 641 3307; x_wconf 79' lang='lat' dir='ltr'>aliqui,</span> <span class='ocrx_word' id='word_1_305' title='bbox 708 3257 824 3305; x_wconf 77' lang='lat' dir='ltr'>sive</span> <span class='ocrx_word' id='word_1_306' title='bbox 869 3265 970 3294; x_wconf 89' lang='lat' dir='ltr'>non</span> <span class='ocrx_word' id='word_1_307' title='bbox 1005 3265 1100 3302; x_wconf 16' lang='lat' dir='ltr'>*rc—</span> 
     </span>
     <span class='ocr_line' id='line_1_46' title="bbox 283 3308 1098 3365; baseline 0 -15"><span class='ocrx_word' id='word_1_308' title='bbox 283 3309 407 3360; x_wconf 78' lang='lat' dir='ltr'>lint,</span> <span class='ocrx_word' id='word_1_309' title='bbox 475 3308 512 3353; x_wconf 83' lang='lat' dir='ltr'>h.</span> <span class='ocrx_word' id='word_1_310' title='bbox 562 3325 599 3352; x_wconf 91' lang='lat' dir='ltr'>e.</span> <span class='ocrx_word' id='word_1_311' title='bbox 653 3312 876 3365; x_wconf 87' lang='lat' dir='ltr'>quomodo</span> <span class='ocrx_word' id='word_1_312' title='bbox 935 3315 1098 3361; x_wconf 86' lang='lat' dir='ltr'>autem,</span> 
     </span>
     <span class='ocr_line' id='line_1_47' title="bbox 284 3368 1096 3423; baseline -0.004 -14"><span class='ocrx_word' id='word_1_313' title='bbox 284 3370 429 3409; x_wconf 87' lang='lat' dir='ltr'>nautis</span> <span class='ocrx_word' id='word_1_314' title='bbox 452 3368 699 3418; x_wconf 77' lang='lat' dir='ltr'>volentibus</span> <span class='ocrx_word' id='word_1_315' title='bbox 721 3369 989 3423; x_wconf 62' lang='lat' dir='ltr'>notantibus,</span> <span class='ocrx_word' id='word_1_316' title='bbox 1016 3380 1096 3420; x_wconf 87' lang='lat' dir='ltr'>gu·</span> 
     </span>
     <span class='ocr_line' id='line_1_48' title="bbox 285 3426 1097 3479; baseline -0.004 -13"><span class='ocrx_word' id='word_1_317' title='bbox 285 3426 491 3468; x_wconf 78' lang='lat' dir='ltr'>bernandi</span> <span class='ocrx_word' id='word_1_318' title='bbox 524 3427 699 3468; x_wconf 78' lang='lat' dir='ltr'>consiiia</span> <span class='ocrx_word' id='word_1_319' title='bbox 732 3441 806 3468; x_wconf 81' lang='lat' dir='ltr'>sua</span> <span class='ocrx_word' id='word_1_320' title='bbox 839 3431 1097 3479; x_wconf 74' lang='lat' dir='ltr'>peracturus</span> 
     </span>
    </p>
   </div>
   <div class='ocr_carea' id='block_1_8' title="bbox 1185 2155 1996 2440">
    <p class='ocr_par' dir='ltr' id='par_1_11' title="bbox 1185 2155 1996 2440">
     <span class='ocr_line' id='line_1_49' title="bbox 1185 2155 1996 2208; baseline -0.005 -11"><span class='ocrx_word' id='word_1_321' title='bbox 1185 2157 1268 2197; x_wconf 91' lang='lat' dir='ltr'>bus</span> <span class='ocrx_word' id='word_1_322' title='bbox 1306 2160 1372 2197; x_wconf 82' lang='lat' dir='ltr'>vet</span> <span class='ocrx_word' id='word_1_323' title='bbox 1415 2155 1833 2208; x_wconf 78' lang='lat' dir='ltr'>vociferationibus,</span> <span class='ocrx_word' id='word_1_324' title='bbox 1876 2155 1996 2196; x_wconf 85' lang='lat' dir='ltr'>eius</span> 
     </span>
     <span class='ocr_line' id='line_1_50' title="bbox 1185 2210 1992 2267; baseline -0.002 -13"><span class='ocrx_word' id='word_1_325' title='bbox 1185 2213 1265 2255; x_wconf 89' lang='lat' dir='ltr'>rei</span> <span class='ocrx_word' id='word_1_326' title='bbox 1299 2210 1780 2267; x_wconf 67' lang='lat' dir='ltr'>putantes‘neque</span> <span class='ocrx_word' id='word_1_327' title='bbox 1823 2218 1992 2254; x_wconf 83' lang='lat' dir='ltr'>artem</span> 
     </span>
     <span class='ocr_line' id='line_1_51' title="bbox 1185 2270 1993 2324; baseline -0.002 -12"><span class='ocrx_word' id='word_1_328' title='bbox 1185 2275 1370 2323; x_wconf 76' lang='lat' dir='ltr'>neque</span> <span class='ocrx_word' id='word_1_329' title='bbox 1402 2270 1841 2312; x_wconf 75' lang='lat' dir='ltr'>meditationem</span> <span class='ocrx_word' id='word_1_330' title='bbox 1878 2283 1993 2324; x_wconf 90' lang='lat' dir='ltr'>per-</span> 
     </span>
     <span class='ocr_line' id='line_1_52' title="bbox 1186 2329 1995 2382; baseline 0.001 -14"><span class='ocrx_word' id='word_1_331' title='bbox 1186 2329 1300 2381; x_wconf 84' lang='lat' dir='ltr'>cipi</span> <span class='ocrx_word' id='word_1_332' title='bbox 1344 2342 1509 2382; x_wconf 83' lang='lat' dir='ltr'>posse</span> <span class='ocrx_word' id='word_1_333' title='bbox 1554 2340 1656 2369; x_wconf 91' lang='lat' dir='ltr'>una</span> <span class='ocrx_word' id='word_1_334' title='bbox 1706 2341 1822 2369; x_wconf 89' lang='lat' dir='ltr'>cum</span> <span class='ocrx_word' id='word_1_335' title='bbox 1872 2333 1995 2369; x_wconf 85' lang='lat' dir='ltr'>arte</span> 
     </span>
     <span class='ocr_line' id='line_1_53' title="bbox 1185 2386 1994 2440; baseline 0 -14"><span class='ocrx_word' id='word_1_336' title='bbox 1185 2386 1612 2440; x_wconf 82' lang='lat' dir='ltr'>gubernatoria,</span> <span class='ocrx_word' id='word_1_337' title='bbox 1643 2386 1735 2428; x_wconf 89' lang='lat' dir='ltr'>i.e.</span> <span class='ocrx_word' id='word_1_338' title='bbox 1767 2398 1866 2427; x_wconf 90' lang='lat' dir='ltr'>cum</span> <span class='ocrx_word' id='word_1_339' title='bbox 1899 2392 1994 2426; x_wconf 82' lang='lat' dir='ltr'>arte</span> 
     </span>
    </p>
   </div>
   <div class='ocr_carea' id='block_1_9' title="bbox 1165 2443 1995 2497">
    <p class='ocr_par' dir='ltr' id='par_1_12' title="bbox 1165 2443 1995 2497">
     <span class='ocr_line' id='line_1_54' title="bbox 1165 2443 1995 2497; baseline 0 -13"><span class='ocrx_word' id='word_1_340' title='bbox 1165 2444 1491 2497; x_wconf 61' lang='lat' dir='ltr'>‚gubernatorta</span> <span class='ocrx_word' id='word_1_341' title='bbox 1538 2443 1845 2485; x_wconf 84' lang='lat' dir='ltr'>consociatam.</span> <span class='ocrx_word' id='word_1_342' title='bbox 1909 2443 1995 2484; x_wconf 84' lang='lat' dir='ltr'>lm·</span> 
     </span>
    </p>
   </div>
   <div class='ocr_carea' id='block_1_10' title="bbox 1183 2500 1994 3478">
    <p class='ocr_par' dir='ltr' id='par_1_13' title="bbox 1183 2500 1994 3478">
     <span class='ocr_line' id='line_1_55' title="bbox 1186 2500 1994 2554; baseline 0 -13"><span class='ocrx_word' id='word_1_343' title='bbox 1186 2500 1329 2554; x_wconf 84' lang='lat' dir='ltr'>perita</span> <span class='ocrx_word' id='word_1_344' title='bbox 1361 2503 1471 2544; x_wconf 87' lang='lat' dir='ltr'>enim</span> <span class='ocrx_word' id='word_1_345' title='bbox 1505 2507 1729 2543; x_wconf 86' lang='lat' dir='ltr'>nautarum</span> <span class='ocrx_word' id='word_1_346' title='bbox 1763 2501 1994 2542; x_wconf 76' lang='lat' dir='ltr'>multitudo</span> 
     </span>
     <span class='ocr_line' id='line_1_56' title="bbox 1186 2559 1991 2613; baseline -0.002 -12"><span class='ocrx_word' id='word_1_347' title='bbox 1186 2565 1319 2613; x_wconf 87' lang='lat' dir='ltr'>negat</span> <span class='ocrx_word' id='word_1_348' title='bbox 1349 2561 1440 2601; x_wconf 82' lang='lat' dir='ltr'>fieri</span> <span class='ocrx_word' id='word_1_349' title='bbox 1476 2573 1632 2613; x_wconf 83' lang='lat' dir='ltr'>posse,</span> <span class='ocrx_word' id='word_1_350' title='bbox 1669 2566 1718 2600; x_wconf 91' lang='lat' dir='ltr'>ut</span> <span class='ocrx_word' id='word_1_351' title='bbox 1748 2559 1991 2613; x_wconf 81' lang='lat' dir='ltr'>impera—</span> 
     </span>
     <span class='ocr_line' id='line_1_57' title="bbox 1185 2614 1992 2671; baseline -0.004 -13"><span class='ocrx_word' id='word_1_352' title='bbox 1185 2619 1337 2658; x_wconf 87' lang='lat' dir='ltr'>toria</span> <span class='ocrx_word' id='word_1_353' title='bbox 1379 2629 1450 2658; x_wconf 74' lang='lat' dir='ltr'>ars</span> <span class='ocrx_word' id='word_1_354' title='bbox 1491 2616 1830 2671; x_wconf 75' lang='lat' dir='ltr'>refragantibus,</span> <span class='ocrx_word' id='word_1_355' title='bbox 1874 2614 1992 2658; x_wconf 80' lang='lat' dir='ltr'>navi-</span> 
     </span>
     <span class='ocr_line' id='line_1_58' title="bbox 1184 2676 1992 2728; baseline 0 -13"><span class='ocrx_word' id='word_1_356' title='bbox 1184 2676 1414 2727; x_wconf 82' lang='lat' dir='ltr'>gantibus,</span> <span class='ocrx_word' id='word_1_357' title='bbox 1446 2676 1553 2718; x_wconf 84' lang='lat' dir='ltr'>satis</span> <span class='ocrx_word' id='word_1_358' title='bbox 1584 2677 1730 2716; x_wconf 76' lang='lat' dir='ltr'>valeat</span> <span class='ocrx_word' id='word_1_359' title='bbox 1758 2678 1887 2728; x_wconf 86' lang='lat' dir='ltr'>atque</span> <span class='ocrx_word' id='word_1_360' title='bbox 1920 2687 1992 2715; x_wconf 87' lang='lat' dir='ltr'>ca-</span> 
     </span>
     <span class='ocr_line' id='line_1_59' title="bbox 1185 2731 1991 2784; baseline 0 -11"><span class='ocrx_word' id='word_1_361' title='bbox 1185 2738 1260 2784; x_wconf 87' lang='lat' dir='ltr'>pta</span> <span class='ocrx_word' id='word_1_362' title='bbox 1295 2732 1469 2774; x_wconf 75' lang='lat' dir='ltr'>consilia</span> <span class='ocrx_word' id='word_1_363' title='bbox 1502 2733 1555 2774; x_wconf 87' lang='lat' dir='ltr'>ad</span> <span class='ocrx_word' id='word_1_364' title='bbox 1586 2733 1745 2774; x_wconf 76' lang='lat' dir='ltr'>exitum</span> <span class='ocrx_word' id='word_1_365' title='bbox 1768 2731 1991 2784; x_wconf 83' lang='lat' dir='ltr'>perducat.</span> 
     </span>
     <span class='ocr_line' id='line_1_60' title="bbox 1186 2785 1994 2843; baseline -0.004 -12"><span class='ocrx_word' id='word_1_366' title='bbox 1186 2790 1278 2831; x_wconf 87' lang='lat' dir='ltr'>Pro</span> <span class='ocrx_word' id='word_1_367' title='bbox 1319 2788 1404 2841; x_wconf 83' lang='grc' dir='ltr'><strong><em>ἅμα</em></strong></span> <span class='ocrx_word' id='word_1_368' title='bbox 1451 2791 1520 2831; x_wconf 82' lang='grc' dir='ltr'><strong><em>καὶ</em></strong></span> <span class='ocrx_word' id='word_1_369' title='bbox 1561 2787 1638 2843; x_wconf 80' lang='grc' dir='ltr'>τὴν</span> <span class='ocrx_word' id='word_1_370' title='bbox 1682 2785 1994 2843; x_wconf 80' lang='grc' dir='ltr'><strong><em>κυβερνητικήν</em></strong></span> 
     </span>
     <span class='ocr_line' id='line_1_61' title="bbox 1187 2843 1993 2901; baseline -0.002 -13"><span class='ocrx_word' id='word_1_371' title='bbox 1187 2849 1419 2901; x_wconf 78' lang='lat' dir='ltr'>legendum</span> <span class='ocrx_word' id='word_1_372' title='bbox 1444 2860 1694 2889; x_wconf 79' lang='lat' dir='ltr'>censemus:</span> <span class='ocrx_word' id='word_1_373' title='bbox 1728 2843 1811 2897; x_wconf 78' lang='grc' dir='ltr'><strong><em>ἅμα</em></strong></span> <span class='ocrx_word' id='word_1_374' title='bbox 1843 2847 1911 2888; x_wconf 76' lang='grc' dir='ltr'><strong><em>καὶ</em></strong></span> <span class='ocrx_word' id='word_1_375' title='bbox 1944 2848 1993 2898; x_wconf 87' lang='grc' dir='ltr'>τῇ</span> 
     </span>
     <span class='ocr_line' id='line_1_62' title="bbox 1190 2906 1989 2960; baseline 0.001 -14"><span class='ocrx_word' id='word_1_376' title='bbox 1190 2906 1496 2960; x_wconf 77' lang='grc' dir='ltr'><strong><em>κυβερνητικῇ,</em></strong></span> <span class='ocrx_word' id='word_1_377' title='bbox 1538 2906 1704 2950; x_wconf 76' lang='lat' dir='ltr'>etiam</span> <span class='ocrx_word' id='word_1_378' title='bbox 1747 2917 1846 2946; x_wconf 90' lang='lat' dir='ltr'>una</span> <span class='ocrx_word' id='word_1_379' title='bbox 1880 2917 1989 2947; x_wconf 87' lang='lat' dir='ltr'>cum</span> 
     </span>
     <span class='ocr_line' id='line_1_63' title="bbox 1189 2963 1990 3016; baseline 0 -12"><span class='ocrx_word' id='word_1_380' title='bbox 1189 2963 1540 3016; x_wconf 76' lang='lat' dir='ltr'>gubernandi</span> <span class='ocrx_word' id='word_1_381' title='bbox 1617 2963 1854 3003; x_wconf 87' lang='lat' dir='ltr'>scientia</span> <span class='ocrx_word' id='word_1_382' title='bbox 1926 2965 1990 3004; x_wconf 79' lang='lat' dir='ltr'>vel</span> 
     </span>
     <span class='ocr_line' id='line_1_64' title="bbox 1190 3020 1991 3074; baseline -0.001 -12"><span class='ocrx_word' id='word_1_383' title='bbox 1190 3022 1383 3069; x_wconf 64' lang='lat' dir='ltr'>theoria&#39;‚‘</span> <span class='ocrx_word' id='word_1_384' title='bbox 1423 3022 1497 3061; x_wconf 84' lang='lat' dir='ltr'>ita</span> <span class='ocrx_word' id='word_1_385' title='bbox 1539 3020 1595 3061; x_wconf 85' lang='lat' dir='ltr'>nt</span> <span class='ocrx_word' id='word_1_386' title='bbox 1637 3033 1731 3060; x_wconf 86' lang='lat' dir='ltr'>ars</span> <span class='ocrx_word' id='word_1_387' title='bbox 1763 3020 1991 3074; x_wconf 86' lang='lat' dir='ltr'>impera-</span> 
     </span>
     <span class='ocr_line' id='line_1_65' title="bbox 1190 3078 1991 3123; baseline -0.002 -3"><span class='ocrx_word' id='word_1_388' title='bbox 1190 3080 1349 3120; x_wconf 65' lang='lat' dir='ltr'>tor‘ia&#39;</span> <span class='ocrx_word' id='word_1_389' title='bbox 1378 3078 1512 3119; x_wconf 83' lang='lat' dir='ltr'>adeo</span> <span class='ocrx_word' id='word_1_390' title='bbox 1567 3090 1681 3123; x_wconf 63' lang='lat' dir='ltr'>‚cum</span> <span class='ocrx_word' id='word_1_391' title='bbox 1733 3078 1829 3118; x_wconf 79' lang='lat' dir='ltr'>illa</span> <span class='ocrx_word' id='word_1_392' title='bbox 1873 3090 1991 3119; x_wconf 86' lang='lat' dir='ltr'>con-</span> 
     </span>
     <span class='ocr_line' id='line_1_66' title="bbox 1186 3133 1991 3189; baseline -0.001 -13"><span class='ocrx_word' id='word_1_393' title='bbox 1186 3137 1470 3189; x_wconf 72' lang='lat' dir='ltr'>iungatur.</span> <span class='ocrx_word' id='word_1_394' title='bbox 1532 3134 1698 3176; x_wconf 72' lang='lat' dir='ltr'>Verba:</span> <span class='ocrx_word' id='word_1_395' title='bbox 1739 3133 1815 3176; x_wconf 79' lang='grc' dir='ltr'>ἐάν</span> <span class='ocrx_word' id='word_1_396' title='bbox 1854 3133 1897 3175; x_wconf 84' lang='grc' dir='ltr'>τέ</span> <span class='ocrx_word' id='word_1_397' title='bbox 1935 3149 1991 3175; x_wconf 78' lang='grc' dir='ltr'>τι·</span> 
     </span>
     <span class='ocr_line' id='line_1_67' title="bbox 1185 3189 1991 3246; baseline 0.001 -13"><span class='ocrx_word' id='word_1_398' title='bbox 1185 3204 1260 3233; x_wconf 69' lang='lat' dir='ltr'>res·</span> <span class='ocrx_word' id='word_1_399' title='bbox 1287 3190 1532 3246; x_wconf 75' lang='grc' dir='ltr'><strong><em>βούλωνται</em></strong></span> <span class='ocrx_word' id='word_1_400' title='bbox 1561 3189 1636 3234; x_wconf 82' lang='grc' dir='ltr'>ἐάν</span> <span class='ocrx_word' id='word_1_401' title='bbox 1662 3207 1704 3234; x_wconf 80' lang='grc' dir='ltr'>τε</span> <span class='ocrx_word' id='word_1_402' title='bbox 1733 3191 1803 3246; x_wconf 75' lang='grc' dir='ltr'>μή,</span> <span class='ocrx_word' id='word_1_403' title='bbox 1834 3192 1991 3246; x_wconf 80' lang='lat' dir='ltr'>signifi·</span> 
     </span>
     <span class='ocr_line' id='line_1_68' title="bbox 1184 3250 1991 3305; baseline 0.001 -14"><span class='ocrx_word' id='word_1_404' title='bbox 1184 3256 1298 3304; x_wconf 78' lang='lat' dir='ltr'>cunt,</span> <span class='ocrx_word' id='word_1_405' title='bbox 1331 3251 1556 3305; x_wconf 79' lang='lat' dir='ltr'>imperium</span> <span class='ocrx_word' id='word_1_406' title='bbox 1595 3251 1800 3305; x_wconf 85' lang='lat' dir='ltr'>sapientis</span> <span class='ocrx_word' id='word_1_407' title='bbox 1831 3250 1991 3305; x_wconf 77' lang='lat' dir='ltr'>guber-</span> 
     </span>
     <span class='ocr_line' id='line_1_69' title="bbox 1184 3304 1989 3366; baseline 0 -18"><span class='ocrx_word' id='word_1_408' title='bbox 1184 3304 1346 3350; x_wconf 79' lang='lat' dir='ltr'>natoris</span> <span class='ocrx_word' id='word_1_409' title='bbox 1367 3306 1520 3361; x_wconf 77' lang='lat' dir='ltr'>quovis</span> <span class='ocrx_word' id='word_1_410' title='bbox 1541 3315 1668 3363; x_wconf 89' lang='lat' dir='ltr'>pacto</span> <span class='ocrx_word' id='word_1_411' title='bbox 1695 3311 1840 3350; x_wconf 78' lang='lat' dir='ltr'>valere</span> <span class='ocrx_word' id='word_1_412' title='bbox 1858 3320 1989 3366; x_wconf 79' lang='lat' dir='ltr'>opor-</span> 
     </span>
     <span class='ocr_line' id='line_1_70' title="bbox 1183 3362 1990 3420; baseline 0 -14"><span class='ocrx_word' id='word_1_413' title='bbox 1183 3370 1293 3416; x_wconf 81' lang='lat' dir='ltr'>tere,</span> <span class='ocrx_word' id='word_1_414' title='bbox 1314 3367 1679 3419; x_wconf 82' lang='lat' dir='ltr'>quemadmodum</span> <span class='ocrx_word' id='word_1_415' title='bbox 1704 3362 1990 3420; x_wconf 79' lang='lat' dir='ltr'>pbitosopbu&#39;s</span> 
     </span>
     <span class='ocr_line' id='line_1_71' title="bbox 1185 3422 1984 3478; baseline -0.003 -14"><span class='ocrx_word' id='word_1_416' title='bbox 1185 3423 1311 3465; x_wconf 78' lang='lat' dir='ltr'>etiam</span> <span class='ocrx_word' id='word_1_417' title='bbox 1352 3425 1590 3478; x_wconf 73' lang='lat' dir='ltr'>sapientem</span> <span class='ocrx_word' id='word_1_418' title='bbox 1637 3424 1824 3465; x_wconf 79' lang='lat' dir='ltr'>civitatis</span> <span class='ocrx_word' id='word_1_419' title='bbox 1871 3422 1984 3475; x_wconf 87' lang='lat' dir='ltr'>prin-</span> 
     </span>
    </p>
   </div>
   <div class='ocr_carea' id='block_1_11' title="bbox 2097 2674 2124 3744">
    <p class='ocr_par' dir='ltr' id='par_1_14' title="bbox 2097 2674 2124 3744">
     <span class='ocr_line' id='line_1_72' title="bbox 2097 2674 2124 3744; baseline 0 0"><span class='ocrx_word' id='word_1_420' title='bbox 2097 2674 2124 3744; x_wconf 95' lang='lat' dir='ltr'> </span> 
     </span>
    </p>
   </div>
  </div>
 </body>
</html>
