2098 3658
1833 145 1864 190 5)

163 308 340 343 rerum
396 308 501 343 usu
552 305 672 342 esse
719 285 997 352 inutilem,
1035 292 1091 337 et
1127 285 1175 337 si
1219 284 1367 337 utilis
1406 284 1504 351 sit,
1544 283 1615 336 ad
1652 283 1866 336 inutilia

161 361 353 415 utilem
388 360 582 429 videri,
629 357 866 428 ideoque
900 375 1011 409 uon
1048 356 1220 409 multo
1259 354 1446 408 studio
1483 373 1605 408 esse
1641 354 1864 427 dignam

163 441 330 503 atque
389 431 527 486 adeo
588 425 825 483 evadere
883 426 1138 481 callidam
1194 426 1411 480 furandi
1461 426 1864 492 administram3

165 503 556 559 Polemarchus
575 542 592 570 ‚
634 502 737 554 etsi
785 500 966 553 animo
1015 496 1153 552 adeo
1203 497 1310 550 iam
1361 505 1448 551 est
1492 499 1865 567 perturbatus,

163 585 244 645 ut„
270 573 402 646 quid
438 573 511 627 ad
546 573 684 626 haec
718 570 1071 644 respondeat,
1095 570 1257 642 plane
1289 589 1402 622 non
1434 568 1656 638 habeat,
1682 563 1865 636 temen

162 648 325 701 aliam
360 645 464 699 sibi
489 662 635 698 nunc
664 643 885 727 probari
907 642 1147 710 iustitiae
1173 640 1548 694 definitionem
1571 650 1866 712 asseverat.

165 718 380 773 lustum
429 716 572 770 enim
624 714 801 768 videri
847 715 923 768 ait
969 713 1108 766 nihil
1153 731 1273 767 esse
1321 710 1474 765 aliud
1522 712 1630 765 nisi
1669 709 1866 766 'amicis

303 806 422 842 esse
474 795 531 843 et
574 787 812 840 inimicis
876 803 1091 839 nocere.
1176 783 1285 838 Oui
1333 792 1517 837 tamen
1561 785 1867 837 sententiae

309 867 428 913 ates
452 877 643 913 rursus
671 858 996 912 adversatur
1015 855 1381 910 callidissime.
1436 854 1704 926 Disputat
1725 856 1869 908 enim

162 932 300 985 haec
333 931 447 985 fere
485 939 691 985 contra.
761 929 1009 997 Amic08‚
1046 928 1244 999 inquit,
1268 946 1396 981 esem
1440 945 1499 979 er
1536 926 1711 981 bonos
1747 938 1868 981 esse

159 1003 431 1071 volumus,
467 1002 720 1056 inimicos
750 1001 923 1054 malos
955 1006 1228 1072 putamus
1305 998 1379 1054 Se
1443 997 1690 1053 homines
1718 999 1870 1052 inani

159 1092 339 1128 rerum
387 1075 574 1145 specie
627 1073 847 1145 decepti
896 1088 1292 1142 saepenumero
1339 1071 1515 1125 bonos
1562 1088 1664 1141 pro
1712 1070 1870 1124 malis

159 1164 227 1200 ac
274 1146 519 1200 vicissim
566 1146 741 1199 mlos
789 1162 894 1215 pro
928 1140 1109 1214 ‚bonis-
1150 1143 1410 1196 habent.··
1466 1139 1635 1209 Quod
1695 1142 1743 1195 si
1790 1142 1871 1195 ita

159 1217 396 1287 accidit,
430 1225 579 1272 certe
623 1216 835 1271 iustitia
884 1215 1046 1269 etiam
1084 1214 1258 1287 exigit
1292 1222 1459 1284 atque
1492 1213 1767 1287 postulat,
1805 1221 1870 1267 ut

157 1289 317 1344 malis
362 1290 666 1362 prosimus,
705 1288 868 1343 bonis
912 1304 1225 1341 noceamus
1310 1286 1469 1340 Boni·
1503 1286 1712 1338 autem‘
1740 1293 1871 1340 sunt

157 1359 325 1415 iidem
360 1369 526 1432 atque
559 1361 709 1415 iusti.
781 1359 871 1413 Ex
934 1378 1007 1412 uo
1034 1358 1289 1429 efficitur,
1314 1367 1379 1412 ut
1400 1357 1641 1411 iustitiae
1669 1376 1869 1412 caussa

157 1433 325 1488 iustis
370 1440 535 1503 atque
583 1432 686 1501 iis,
723 1432 818 1502 qui
855 1431 921 1484 'ni
943 1430 1024 1502 *il*
1054 1429 1355 1501 quidquam
1401 1429 1591 1483 iniusti
1620 1429 1865 1497 ¹faciunt}

157 1504 300 1558 male
359 1502 670 1558 faciendum
723 1504 813 1558 sit.
885 1505 1077 1574 Atque
1128 1502 1311 1556 reiicit
1350 1501 1494 1556 hanc
1540 1501 1868 1555 sententiam

159 1576 325 1630 etim
374 1576 392 1629 i
434 1595 494 1630 se
533 1573 942 1643 Polemarchus,
983 1574 1079 1644 qui
1116 1572 1334 1630 Socrati
1379 1573 1516 1628 haec
1552 1573 1643 1626 'ita
1680 1573 1868 1656 dispu-

158 1647 302 1702 tanti
411 1660 498 1701 tro
546 1646 815 1701 concedit.
856 1647 920 1717 P.
959 1647 1081 1700 333.
1123 1645 1371 1702 E—334.
1410 1645 1484 1699 D.
1535 1675 1603 1685 ——-
1648 1644 1869 1698 Nihilo-

158 1720 339 1773 minus
385 1727 568 1772 autem
621 1718 897 1774 Socrates·
935 1735 1004 1770 ex
1052 1717 1199 1770 illius
1247 1724 1429 1770 mente
1482 1735 1548 1770 ac
1597 1717 1870 1771 sententia

159 1791 327 1845 sumit
362 1798 418 1843 at
459 1809 530 1843 ue
567 1790 726 1862 ponit
759 1789 964 1842 iustum
1003 1807 1125 1842 esse
1150 1788 1385 1842 iniustos
1424 1786 1662 1857 laedere,
1691 1788 1867 1842 iustos

158 1870 343 1916 autem
379 1880 413 1914 a
452 1862 656 1915 iuvare.
730 1859 913 1929 Quam
951 1859 1279 1914 sententiam
1317 1858 1711 1914 Polemarchus
1748 1859 1869 1932 ipse

160 1934 240 1988 ita
274 1933 628 2004 comprobat,
674 1940 741 1987 ut
775 1951 894 1987 eam
933 1931 1218 2002 superiore
1267 1928 1418 1986 dicat
1453 1950 1576 1985 esse
1625 1940 1869 2003 praesta-

157 2005 426 2060 biliorem.
510 2004 654 2059 Tum
700 2023 832 2059 vero
883 2002 1145 2058 Socrates
1196 2022 1316 2057 eam
1363 2003 1496 2058 item
1544 2004 1869 2077 impugna-re

156 2076 417 2132 instituit.
502 2076 592 2130 Ita
650 2095 812 2147 vero,
847 2074 1080 2146 inquit,
1133 2076 1447 2130 necessario
1508 2076 1757 2145 eveniet,
1808 2083 1872 2129 ut

157 2165 324 2221 saepe
359 2148 548 2202 amicis
582 2148 724 2202 male
762 2147 1046 2215 faciamus,
1074 2147 1308 2202 inimicis
1346 2154 1538 2202 contra
1573 2147 1869 2219 prosimu8‚

158 2227 451 2294 propterea
486 2219 658 2304 quod,
698 2220 862 2274 sicuti
899 2218 1069 2273 modo
1100 2218 1371 2288 vidimus,
1411 2218 1690 2273 hominum
1728 2218 1872 2272 iudi-

159 2291 305 2347 cium
343 2291 412 2345 de
450 2291 680 2346 ahorum
702 2291 980 2364 probitate
1003 2299 1170 2362 atque
1198 2291 1553 2363 improbitate
1576 2290 1872 2345 admodum

158 2363 428 2418 lubricum
466 2371 554 2417 est
589 2371 756 2435 atque
791 2361 975 2417 fallax.
1050 2361 1329 2431 Quocirca
1358 2364 1467 2418 isto
1547 2370 1672 2417 acto
1708 2363 1870 2436 plane

160 2436 494 2490 contrarium
531 2443 832 2490 statuemus
870 2434 1415 2508 atque·Simonide8‚
1453 2382 1543 2488 adJ
1563 2435 1719 2489 cuius
1756 2449 1869 2488 'au-

159 2506 473 2562 ctoritatem
510 2507 947 2580 provocavimuet
986 2507 1056 2561 P.'
1079 2507 1202 2561 334.
1223 2505 1297 2561 D.
1312 2507 1380 2562 E.
1420 2506 1550 2575 Quo
1589 2507 1870 2560 intellecto

159 2577 552 2633 Polemarchus
577 2578 861 2632 formulam
888 2579 1227 2650 superiorem
1264 2579 1516 2633 nonnihil
1551 2577 1871 2633 mutandam

158 2658 376 2715 censetg
411 2668 523 2704 non
575 2650 720 2705 enim
771 2650 1004 2704 amicum
1040 2650 1369 2723 simpliciter
1399 2649 1692 2704 dicendum
1729 2667 1869 2718 esse,

158 2722 267 2793 qui
301 2721 562 2776 videatur
607 2722 844 2795 probus,
897 2721 998 2775 sed
1032 2723 1218 2794 potius
1255 2741 1396 2792 eum,
1437 2722 1530 2793 qui
1570 2721 1776 2792 probus
1815 2729 1872 2775 et

160 2793 239 2847 uit
286 2801 345 2848 et
398 2790 683 2860 videatur-3
747 2793 840 2863 qui
891 2802 1075 2847 autem
1121 2792 1374 2847 videatur
1421 2792 1642 2865 quidem
1668 2811 1870 2863 -neque

158 2871 343 2920 tamen
386 2866 492 2936 sit,
530 2884 653 2920 cum
701 2863 875 2919 videri
920 2864 1021 2920 sed
1066 2882 1178 2918 non
1221 2883 1343 2920 esse
1397 2863 1658 2934 amicum,
1701 2872 1869 2936 atque

159 2934 306 2991 idem
364 2938 531 2992 etiam
591 2936 661 2992 de
723 2937 945 2992 inimico
1003 2937 1172 2991 statui
1223 2945 1494 3011 oportere.
1582 2935 1676 2990 Ad
1727 2955 1868 3007 quac

163 3005 424 3064 Socrates
483 3010 749 3064 continuo
809 3006 1110 3079 respondet
1174 3007 1328 3063 haec.
1425 3008 1507 3063 Er
1546 3027 1578 3062 ο
1639 3008 1867 3077 amicus,

159 3079 370 3150 inquit,
406 3080 708 3136 secuudum
749 3080 890 3135 hanc
925 3089 1074 3134 tuam
1112 3079 1488 3135 definitionem
1565 3098 1705 3134 onus
1743 3080 1866 3149 erit,

158 3149 413 3206 inimicus
461 3161 644 3208 autem
699 3152 999 3226 improbus.
1077 3150 1192 3207 Sed
1241 3170 1377 3226 ago,
1417 3151 1739 3206 adiiciamus
1789 3151 1866 3205 illi

158 3223 465 3279 mantiae
497 3222 832 3279 etiamvaliud
855 3223 1312 3296 supplementum,
1338 3242 1449 3295 quo
1468 3242 1607 3296 opus
1632 3222 1868 3279 videtur.

159 3291 511 3366 Nam-quum
557 3303 722 3351 antea
771 3294 1073 3350 dixerimus
1109 3296 1315 3351 iustum
1353 3314 1475 3351 esse
1514 3294 1690 3349 amico
1730 3295 1867 3349 benc

163 3363 343 3419 facere
380 3373 448 3421 et*
466 3368 689 3423 inimico
724 3367 884 3433 male,
911 3386 1059 3421 nuuc
1083 3367 1368 3423 formulam
1396 3367 1540 3421 hunc
1567 3366 1622 3419 in
1648 3366 1868 3421 modum

162 3435 496 3508 expleamus,
519 3446 586 3494 ut
612 3439 815 3495 iustum
843 3438 1088 3494 dicamus
1115 3458 1236 3496 esse
1264 3439 1458 3509 amico,
1487 3439 1600 3510 qui
1641 3439 1673 3491 b
1691 3458 1722 3493 o
1741 3457 1821 3492 nu
1842 3457 1869 3490 s
