2106 3594
1620 109 1796 173 XVII

99 256 403 326 perfectum
452 264 508 311 et
542 253 882 327 absolutum,
921 251 1082 321 quale
1118 260 1374 325 putamus
1410 252 1627 326 philoso
1668 251 1798 307 hum

99 345 423 400 componere
457 323 728 392 voluisse,
766 324 845 379 ita
881 340 1002 377 esse
1039 331 1404 395 comparatam
1421 365 1445 394 „
1474 330 1537 378 ut
1567 342 1604 387 ¹a
1684 324 1810 380 sin-2

97 397 348 472 gulamm
407 397 524 467 eius
587 397 824 468 partium
884 393 1298 463 cohaesionem,
1371 395 1679 450 iuncturam
1744 402 1800 450 et

98 468 535 525 conrenientiam
571 467 734 540 plane
761 465 1196 539 perspiciendam
1232 465 1463 521 aliorum
1489 486 1808 531 sermonum·

95 541 219 595 luce
264 538 636 612 indigeamus:
687 539 796 594 imo
859 556 1083 591 necesse
1136 556 1256 593 esse
1315 538 1670 609 arbitramur,
1735 546 1810 613 ut,

94 609 229 670 haec
282 612 466 665 omnia
515 630 584 664 ex
614 610 837 686 propria
868 608 1043 680 ipsius
1081 609 1262 681 operis
1298 609 1473 665 forma
1510 629 1575 665 ac
1613 610 1810 682 specie,

94 690 512 757 cqgnoscantur.

236 752 350 811 Sed
386 753 459 808 ad
492 753 631 808 haec
666 752 828 806 etiam
867 749 1015 805 aliud
1056 749 1190 821 quid
1227 750 1470 817 accedit,
1511 750 1662 823 quod
1696 753 1798 826 miss

94 845 212 880 rum
263 833 348 879 est
394 826 507 879 fere
559 825 626 879 ab
677 823 928 878 omnibus
981 841 1101 877 esse
1152 823 1495 896 neglectum,
1586 823 1644 877 ui
1692 823 1798 879 hoc

95 905 471 970 argumentum
529 898 846 968 attigerunt.
931 895 1150 948 Etenim
1202 894 1349 966 quod
1389 914 1509 949 eam
1586 896 1798 968 isputa-

92 969 258 1025 tionis
304 978 546 1040 partem,
613 987 730 1039 qua·
775 966 844 1020 de
897 966 1144 1020 iustitiae
1197 974 1396 1020 natura
1452 966 1794 1037 disquiritur,

92 1047 378 1112 opponunt
428 1041 581 1094 alteri
618 1039 727 1110 illi,
766 1057 907 1110 quae
940 1038 997 1091 in
1038 1037 1374 1109 explorando
1413 1039 1623 1111 optimo
1659 1039 1795 1094 civi-

90 1113 223 1166 tatis
276 1120 425 1165 statu
474 1120 751 1179 versatur,
790 1109 1039 1180 adeoque
1077 1111 1396 1183 ambigunt,
1434 1118 1561 1164 utra
1594 1110 1704 1165 utri
1739 1110 1797 1166 vi

94 1184 470 1257 ets'gravitate
521 1181 840 1252 antecedat,
889 1201 998 1235 non
1042 1180 1299 1236 videntur
1345 1181 1809 1237 animadvertisse·

94 1256 469 1327 quaestionem
518 1254 587 1309 de
624 1255 835 1309 institia
881 1253 1184 1307 institutam
1226 1254 1543 1324 neutiquam
1581 1260 1797 1308 contra-

91 1326 225 1380 riam
263 1335 397 1382 'esse
445 1328 683 1398 optimae
734 1325 972 1381 civitatis
1022 1324 1410 1398 descriptioni,
1451 1325 1797 1398 quandoqui—

92 1395 216 1451 dem
254 1391 495 1454 iustitiae
532 1399 616 1453 vis
656 1406 714 1453 et
748 1406 944 1452 natura
987 1397 1194 1469 pariter
1240 1397 1311 1451 ad
1350 1398 1585 1470 optimos
1624 1398 1799 1463 homi-

12 1528 13 1531 *
91 1469 176 1523 nis
224 1483 402 1525 mores
462 1469 816 1525 illustrandos
869 1477 1035 1540 atque
1096 1467 1168 1523 ad
1216 1469 1457 1541 speciem
1521 1470 1797 1542 perfectae

91 1539 331 1596 civitatis
383 1541 779 1597 informandam
828 1541 990 1595 valet.
1095 1539 1372 1609 Quocirca
1430 1550 1616 1596 nostra
1676 1542 1798 1613 qui-

91 1610 216 1666 dem
292 1613 566 1668 sentent-ia
669 1612 806 1667 illud
909 1611 1094 1684 potius
1203 1611 1437 1683 disquiri
1534 1613 1807 1696 oportuit,

90 1692 271 1737 utrum
345 1685 539 1758 optimi
621 1684 855 1739 hominis
935 1702 1003 1737 an
1078 1683 1318 1755 optimae
1387 1684 1627 1754 civitatis
1704 1684 1808 1740 ᾶε-’

88 1755 320 1828 scriptio
380 1777 483 1829 pro
543 1756 840 1829 praecipuo
901 1755 1084 1827 operis
1155 1763 1476 1828 argumento
1547 1755 1802 1814 habenda

92 1826 193 1896 sit,
261 1826 322 1881 in·
405 1846 513 1899 quo
584 1845 827 1894 summus
900 1825 1217 1897 scriptionis
1313 1826 1449 1897 finis
1527 1835 1799 1899 cernatur.

90 1897 238 1952 Nam
307 1897 411 1953 hae
493 1899 711 1954 demum
799 1897 1187 1970 disputationis
1265 1906 1451 1971 partes
1522 1898 1668 1954 inter
1730 1917 1810 1955 ‘se‘

90 1969 373 2042 opposiffle
421 1980 587 2041 sunt,
650 1969 1095 2041 quandoquidem
1177 1969 1349 2024 altera
1421 1969 1491 2024 ad
1551 1971 1807 2045 singulos-

91 2039 369 2113 homines,
425 2043 598 2098 altera
635 2041 709 2095 ad
743 2042 960 2097 civilem
996 2041 1277 2096 hominum
1315 2042 1634 2098 societatem
1669 2061 1809 2115 per-³

92 2114 256 2167 tinet:
305 2113 556 2170 'iustitiae
614 2122 797 2168 autem
844 2113 1199 2186 investigatio
1268 2122 1482 2169 tantum
1533 2115 1691 2171 abest
1738 2124 1806 2170 ut

5 2197 9 2240 ἰ
92 2184 356 2240 alterutri¹
382 2206 450 2241 ex
487 2186 720 2241 adverso
755 2185 1116 2259 respondeat,
1173 2194 1238 2239 ut
1276 2205 1400 2240 eum
1436 2194 1674 2258 utroque
1713 2206 1798 2242 ar-

92 2255 353 2328 gumento
426 2258 730 2316 arctissime
791 2257 1100 2312 cohaereat.
1186 2257 1396 2312 Verum
1458 2259 1601 2313 enim
1668 2275 1810 2315 vero*

4 2353 10 2372 =
92 2327 320 2384 etiamsi
343 2329 455 2396 'hoc
503 2329 883 2385 animadverso
931 2328 1102 2399 illud,
1156 2328 1224 2384 de
1274 2347 1383 2401 quo
1417 2330 1491 2384 sit
1527 2349 1795 2402 quaeren-

93 2397 250 2474 dum,
299 2403 504 2457 rectius
542 2402 901 2472 constitutum
941 2419 1064 2456 esse
1101 2399 1381 2471 videatur,
1439 2409 1623 2458 tamen
1659 2404 1805 2458 mul⁴⁵>

93 2485 206 2525 tum
240 2485 509 2544 veremur,
545 2484 613 2529 ne
650 2473 965 2528 alterutrum
1005 2472 1073 2527 de
1108 2472 1325 2529 duobus
1349 2473 1458 2530 inis
1495 2482 1808 2531 statuentes*

93 2542 148 2596 in
196 2542 415 2599 easdem
471 2545 581 2599 iam
642 2545 951 2600 relabamur
1014 2544 1404 2615 difficultates,
1467 2545 1535 2602 de
1633 2547 1796 2604 uibus

92 2612 257 2688 1139de,
305 2617 673 2688 exposuimus.
754 2616 902 2672 Nam
952 2617 1067 2672 sive
1119 2618 1401 2701 perfectae
1462 2621 1616 2691 reipu
1657 2619 1795 2675 licae

92 2682 516 2762 despriptionem
555 2686 614 2742 id
641 2706 761 2744 esse
839 2695 1076 2759 utamus,
1115 2709 1174 2743 m
1216 2708 1326 2760 quo
1365 2708 1578 2745 summa
1614 2692 1803 2764 operia,

93 2764 314 2829 cer-atu
341 2759 594 2833 ,inopes
632 2759 785 2816 consi
811 2759 849 2814 1i
874 2758 1221 2816 haerebimus
1261 2768 1317 2815 at
1357 2780 1425 2815 ue
1451 2759 1623 2832 dubii,
1664 2760 1800 2835 quid

92 2828 159 2883 de
211 2847 288 2957 op
330 2829 402 2897 mi
438 2829 676 2887 hominis
713 2830 948 2906 imagine
987 2833 1061 2887 sit
1096 2830 1318 2887 iudican
1360 2853 1489 2900 um;
1544 2834 1661 2890 sive
1701 2835 1805 2909 ope

89 2898 233 2969 timi
280 2900 484 2973 ‚ominis
533 2904 880 2976 potissimum
931 2921 1109 2959 mores
1162 2902 1397 2960 describi
1452 2901 1797 2978 arbitramur,

91 2970 425 3054 quaestiopis
477 2975 653 3031 civilis
705 2975 978 3031 subtilitas
1017 2982 1182 3048 atque
1223 2974 1527 3049 amplitudo
1562 2977 1642 3033 ita
1677 2978 1800 3051 plu-

87 3061 280 3101 rimum
330 3045 607 3117 molestiae
670 3044 878 3103 afferet.
954 3046 1232 3116 Quocirca
1267 3056 1516 3121 apertum
1554 3057 1640 3106 est
1671 3050 1801 3107 mis-

92 3116 167 3171 sis
191 3113 276 3175 hia
299 3115 661 3192 ,opinionibus
687 3119 847 3177 aliam
887 3120 1029 3174 viam
1070 3136 1192 3175 esse
1228 3117 1662 3196 ingrediendam,
1691 3141 1801 3194 qua

89 3185 156 3242 ad
198 3187 430 3261 lcertius
463 3188 531 3247 de
585 3210 644 3246 re
684 3187 851 3257 dubia
886 3199 942 3246 et
980 3199 1337 3256 controversa
1372 3191 1636 3251 iudicium
1673 3211 1807 3268 per-,>

91 3257 382 3329 veniatur„
455 3260 859 3336 nandoquidem
918 3283 987 3318 ne
1036 3262 1251 3325 illorum
1300 3262 1526 3335 quidem
1574 3275 1811 3332 sentem,

86 3332 163 3385 tia
212 3330 418 3403 proban
459 3354 499 3392 a.
541 3342 654 3405 est,
706 3332 799 3406 qui
836 3333 1152 3410 primarium
1191 3336 1373 3409 operis
1413 3345 1793 3411 argumentum

1422 3453 1453 3502 ‘2
