2098 3658
130 698 233 748 342

275 141 341 192 74
890 100 1365 188 PLATOMS

272 282 463 355 εἴποιμ’
516 278 616 346 ἄν,
660 278 747 335 ὅτι
802 280 1143 337 Παντάπασι
1188 285 1288 351 μὲν
1342 273 1442 336 οὖν
1499 282 1830 353 προς-δεῖται.
1875 280 1965 336 διὰ

274 370 450 422 ταῦτα
508 370 598 420 καὶ
659 361 689 429 ἡ
757 369 913 435 τέχνη
975 369 1122 420 ἐστὶν
1182 364 1215 430 ἡ
1272 364 1491 436 ἰατρικὴ
1540 366 1641 418 νῦν
1686 362 1969 436 εὑρημένη,

271 450 361 505 ὅτι
418 449 574 517 σῶμά
635 455 749 502 ἐστι
812 446 1064 519 πονηρὸν
1121 453 1210 504 καὶ
1255 449 1357 504 οὐκ
1402 449 1614 519 ἐξαρκεῖ
1654 447 1807 517 αὐτῷ
1856 470 1968 504 τοι-

271 535 419 603 ούτῳ
448 533 603 589 εἶναι.
653 534 827 600 τούτῳ
863 523 963 586 οὖν
990 529 1140 597 ὅπως
1176 536 1428 607 ἐκπορίζῃ
1477 529 1546 586 τὰ
1595 531 1967 606 ξυμφέροντα,

272 622 360 673 ἐπὶ
412 618 589 687 τούτῳ
638 613 1075 687 παρεσκευάσθη
1120 615 1154 684 ἡ
1190 610 1426 688 τέχνη.ἧ
1469 615 1668 687 ὀρθῶς
1695 634 1784 672 σοι
1809 619 1968 679 δοκῶ,

272 707 439 777 ἔφην,
496 697 569 755 ἂν
626 707 795 754 εἰπεῖν
845 697 990 755 οὕτω
1041 703 1238 770 λέγων,
1307 697 1337 768 ἢ
1400 698 1497 771 οὔ·,
1546 697 1799 770 Ορθῶς,
1845 704 1969 776 ἔφη.

276 789 342 841 Τί
389 788 444 840 δὲ
492 782 586 851 δής
633 783 780 850 αὐτὴ
824 782 857 850 ἡ
904 788 1122 856 ιατρική
1171 792 1283 840 ἐστι
1331 806 1580 856 πονηρα,
1626 779 1659 850 ἢ
1704 780 1846 851 ἄλλη
1891 805 1972 848 τις

270 876 429 940 τέχνη
475 866 611 924 ἔσθ’
662 867 690 922 ὅ
753 888 803 922 τι
848 872 1165 939 προςδεῖταί
1210 889 1360 931 τινος
1412 868 1644 968 ἀρετῆς,
1682 865 1866 941 ὥςπερ
1911 867 1971 923 ὸ-

273 955 543 1029 φθαλμοὶ
593 948 779 1027 ὅψεως
823 973 912 1007 και
960 945 1078 1006 ὦτα
1133 951 1339 1023 ἀκοῆς,
1386 955 1477 1006 καὶ
1523 951 1614 1005 διὰ
1665 955 1844 1006 ταῦτα
1887 952 1962 1006 ἐπ

271 1040 468 1101 αὐτοῖς
523 1039 604 1091 δεῖ
657 1056 806 1099 τινος
855 1043 1042 1106 τέχνης
1097 1039 1196 1103 τῆς
1240 1034 1301 1091 τὸ
1348 1035 1627 1109 ξυμ-φέρον
1669 1041 1746 1099 εἰς
1790 1038 1970 1090 ταῦτα
2040 1053 2046 1057 ·
2091 1043 2098 1059 ·”

273 1129 619 1197 σκεψομένης
680 1141 735 1174 τε
791 1123 882 1173 καὶ
937 1121 1365 1192 ὲκποριζούσης,
1423 1112 1537 1191 ἆρα
1593 1123 1681 1174 καὶ
1725 1127 1782 1173 ἐν
1829 1118 1971 1195 αὐτῇ

272 1209 336 1283 τῆ
383 1210 538 1282 τέχνη
585 1208 665 1258 ἔνι
713 1225 796 1268 τις
840 1207 1101 1303 πονηρία,
1128 1226 1221 1258 και
1267 1206 1347 1258 δεῖ
1376 1202 1578 1279 ἑκάστη
1617 1209 1773 1280 τέχνη
1800 1201 1972 1270 ἄλλης

273 1300 486 1361 τέχνης,
547 1286 665 1355 ἥτις
724 1286 864 1362 αὐτῆ
923 1288 986 1343 τὸ
1043 1288 1321 1361 ξυμφέρον
1399 1293 1689 1362 σκέψεται,
1746 1309 1836 1342 και
1907 1290 1971 1364 τῆ

269 1380 614 1448 σκοπουμένῃ
658 1376 845 1443 ἐτέρας
889 1363 962 1426 αὗ
1008 1370 1285 1437 τοιαύτης,
1313 1374 1405 1426 καὶ
1450 1369 1590 1425 τοῦτ’
1642 1373 1792 1427 ἔστιν
1836 1370 1975 1425 ἀπέ-

272 1478 514 1530 ραντον,-
561 1453 592 1523 ἢ
638 1453 782 1522 αὐτὴ
827 1453 968 1532 αὐτῇ
1012 1452 1074 1510 τὸ
1103 1455 1384 1528 ξυμφέρον
1425 1462 1718 1529 werpum,-
1761 1451 1794 1522 ἢ
1842 1451 1972 1510 οὔτε

273 1539 449 1608 αὐτῆς
505 1537 630 1595 οὕτε
686 1535 858 1605 ἄλλης
915 1541 1233 1610 προςδεῖται
1287 1545 1374 1593 ἐπὶ
1430 1535 1535 1605 τὴν
1579 1537 1754 1606 αὐτῆς
1797 1560 1973 1607 πονη-

274 1630 402 1696 ρίαν
460 1622 523 1679 τὸ
579 1623 858 1697 ξυμφέρον
920 1634 1185 1683 σκοπεῖν,·
1232 1618 1360 1678 οὔτε
1403 1621 1510 1693 γὰρ
1556 1627 1797 1695 πονηρία
1843 1619 1971 1680 οὔτε

237 1708 518 1781 ’ἁμαρτία
566 1706 796 1776 οὐδεμία
846 1705 1078 1778 οὐδεμιᾷ
1122 1714 1278 1784 τέχνῃ
1323 1706 1604 1778 πάρεστιν,
1635 1705 1760 1762 οὐδὲ
1808 1729 1973 1780 προς-

274 1792 386 1860 ήκει
448 1798 601 1868 τέχνῃ
657 1788 808 1860 ἄλλῳ
878 1787 938 1845 τὸ
1001 1791 1279 1866 ξυμᾳέρον
1335 1793 1513 1858 ζητεῖν
1572 1787 1602 1858 ἢ
1647 1795 1859 1862 ἐκείνῳ,
1904 1784 1971 1848 οὗ

389 1953 662 2010 ἦίατρικὴ
692 1956 820 2008 νῦν]
858 1951 882 2009 ἡ
911 1955 1109 1996 additum
1141 1967 1281 2025 nuper
1312 1967 1366 1995 ex
1399 1955 1499 1996 Par.
1533 1958 1576 1996 A
1609 1955 1649 1995 D
1685 1955 1735 1998 Κ.
1771 1955 1877 2000 V.en
1917 1954 1969 1999 Π.

275 2014 631 2066 M011.F10r.ss.
667 2014 1006 2055 Schleiermach.
1041 2014 1155 2055 coni
1195 2009 1219 2066 ἦ
1251 2013 1344 2052 ιῦν.

390 2087 442 2129 Ρ.
476 2086 574 2130 342.
637 2086 717 2127 εἰς
747 2087 913 2126 ταῦτα
947 2084 1326 2138 σκεψομένης]
1359 2083 1422 2124 εἰς
1452 2079 1563 2124 αυτὰ
1596 2084 1725 2124 ταῦτα
1763 2097 1827 2125 σκ.
1863 2085 1969 2129 Veii.

279 2143 330 2185 Π.
361 2144 464 2187 Par.
501 2144 543 2184 D
578 2144 631 2186 K.
674 2145 800 2185 Mon.
835 2144 954 2184 Flor.
987 2156 1025 2185 a.
1059 2157 1092 2185 ο.
1131 2156 1174 2182 X.
1207 2157 1245 2183 α.
1278 2143 1322 2194 β.
1355 2156 1394 2194 γ.
1429 2155 1515 2194 quo
1548 2154 1637 2182 non
1668 2155 1792 2195 opus.
1853 2144 1970 2183 Dein

275 2198 568 2255 ἐκποριούσης
607 2202 731 2246 Mon.
770 2202 889 2243 Flor.
932 2201 963 2252 β
1023 2202 1238 2253 probante
1276 2201 1496 2241 Bekkem.
1542 2198 1794 2251 Stephanus
1833 2202 1971 2241 edidit

275 2256 620 2313 ἐκπορισούσης,
663 2261 717 2300 de
754 2272 840 2312 qua
883 2259 1025 2300 forma
1066 2259 1202 2298 futuri
1244 2272 1283 2298 v,
1324 2258 1521 2299 Lobeck.
1565 2259 1622 2299 ad
1658 2259 1893 2311 Phrynich.
1926 2273 1969 2312 p.

332 2415 380 2454 P.
411 2414 510 2457 342.
545 2409 661 2455 ἔσθ’
695 2411 721 2454 ὅ
752 2428 795 2454 τι
827 2413 1073 2467 προςδεῖ-

276 2474 368 2512 ταί
395 2483 544 2512 τινος
569 2468 796 2542 ἀρετῆςι
840 2473 869 2512 i.
903 2486 941 2512 e.
974 2466 1075 2511 καθ’

275 2527 300 2569 ὅ
333 2545 369 2570 τι
400 2530 536 2570 δεῖταί
573 2541 688 2570 τινος
720 2525 887 2583 ἀρετῆς.
949 2530 1074 2570 Libr.

275 2589 349 2628 VI.
382 2602 423 2640 p.
454 2589 555 2632 507.
584 2588 641 2630 C.
674 2588 786 2628 ἔστιν
821 2584 848 2627 ὅ
879 2602 912 2627 τι
946 2599 1076 2641 προς·-

273 2645 343 2686 δεῖ
368 2642 499 2715 ἀκοῇ
511 2646 580 2686 καὶ
613 2646 740 2697 φωνῇ
761 2643 919 2698 γένους
944 2642 1077 2685 ἄλλου

276 2703 322 2744 ἐς
367 2702 416 2743 τὸ
457 2701 534 2757 τὴν
572 2703 647 2754 μὲν
687 2698 865 2744 ἀκούειν
905 2718 944 2745 κ.
975 2718 1007 2747 τ.
1043 2705 1075 2746 λ.

281 2762 494 2803 Videlicet
561 2760 847 2814 προςδεῐσθαι
919 2775 954 2801 τι
1014 2768 1082 2803 est

276 2821 479 2871 aliquo
521 2818 573 2860 in
606 2820 796 2874 aliqua
839 2832 894 2861 rc
933 2819 1078 2860 indi-

277 2890 424 2925 gere.
459 2878 717 2930 Xenoph.
765 2876 929 2930 Cyrop.
962 2878 1005 2926 Ι,
1035 2877 1078 2927 3,

278 2933 358 2978 14:
395 2931 447 2986 ἤν
475 2949 511 2974 τι
532 2934 814 2987 προςδέωμαι,
848 2931 871 2975 ὁ
904 2933 1080 2976 πάπποςἱ

276 3005 326 3041 με
358 2989 600 3043 ἐπιδιδάξει.
661 2994 830 3033 Eadem
867 2994 981 3034 ratio
1015 2995 1077 3033 lo-

274 3063 371 3089 cnm
402 3050 535 3090 habet
540 3065 604 3118 p.
625 3050 726 3094 346.
748 3051 818 3094 D:
852 3046 949 3091 ἔσθ’
985 3047 1011 3092 ὅ
1041 3065 1078 3090 τι

275 3101 494 3157 ωφελεῑται
529 3102 551 3146 ὁ
586 3105 852 3161 δημιουργὸς
881 3103 967 3149 ἀπὸ
1002 3109 1076 3161 τῆς

277 3163 441 3216 ιε’χνηςς
504 3166 706 3206 Ceterum
754 3165 1075 3219 Stephanus

274 3229 375 3274 post
418 3221 535 3273 τέχιη
582 3224 941 3276 interrogationis
995 3237 1074 3265 no-

275 3288 363 3320 tam
394 3282 642 3332 ponendam
673 3287 715 3321 et
747 3283 821 3321 καί
845 3288 947 3322 ante
979 3277 1075 3322 ἔσθ’

277 3333 302 3374 ὅ
337 3352 368 3375 τι
400 3338 677 3378 inferendum
711 3339 948 3380 iudicabat.
993 3341 1074 3380 Re-

277 3402 342 3435 ote
401 3409 501 3435 vcro
557 3397 690 3436 sensit
740 3397 776 3435 A
797 3398 941 3438 stius
990 3412 1075 3438 non

1165 2427 1322 2454 novam
1356 2413 1459 2454 hinc
1488 2413 1663 2454 initium
1694 2425 1850 2466 capere
1871 2427 1967 2455 sen-

1162 2473 1365 2522 tentiam,
1410 2472 1488 2511 sed
1528 2472 1860 2512 antecedentem
1890 2485 1969 2524 po·

1162 2531 1248 2570 tius
1310 2502 1542 2582 ex'plicari,
1589 2530 1772 2599 perinde
1826 2542 1877 2570 ac
1931 2530 1968 2570 si

1165 2587 1293 2628 Plato
1326 2588 1572 2639 scripserit:
1606 2581 1713 2639 αὐτὴ
1747 2582 1771 2640 ἦ
1803 2585 1966 2640 ἰατρικὴ

1164 2641 1190 2697 ἢ
1232 2642 1333 2697 α”λλη
1375 2655 1436 2684 τις
1477 2643 1594 2697 τέχνη
1639 2642 1753 2685 ἐστὶν
1781 2642 1966 2714 πονηρὰ,

1165 2699 1268 2743 ὤετε
1301 2700 1592 2755 προςδεῖσθαί
1620 2714 1736 2743 τινος
1766 2697 1942 2756 cip-9173&

1226 2759 1306 2801 sis
1350 2760 1519 2800 ταῦτα
1568 2767 1715 2811 σκεψ.
1740 2763 1746 2811 Ι
1781 2761 1847 2801 ad
1893 2774 1968 2806 ea,

1169 2832 1308 2871 quae
1355 2819 1422 2858 ad
1462 2819 1664 2859 oculos
1707 2822 1763 2859 et
1799 2831 1965 2859 aures

1167 2877 1474 2929 pertinent.

1227 2935 1311 2974 καὶ
1362 2928 1501 2973 τοῦτ’
1550 2933 1698 2973 ἔστιν
1739 2929 1964 2985 ἀπέραι-

1167 3005 1286 3039 τον;
1297 2991 1310 3045 ]
1343 2992 1388 3030 h.
1420 3004 1458 3031 e.
1492 2995 1543 3031 et
1574 2992 1656 3031 sic
1686 2991 1737 3030 in
1768 2991 1963 3031 infini-

1163 3057 1293 3100 tum,
1335 3056 1383 3088 ut
1427 3050 1516 3089 alia
1554 3060 1626 3089 ars
1678 3061 1829 3089 rursus
1879 3050 1967 3089 alia

1160 3108 1373 3174 indigeat.
1987 3108 1992 3114 ¹

1217 3165 1270 3204 B.
1307 3159 1332 3217 ἢ
1353 3159 1482 3204 οὕτε
1508 3158 1676 3216 αυτῆς
1699 3160 1810 3203 -τό
1844 3163 1964 3214 ξυμ-

1161 3222 1335 3275 φέρον
1383 3221 1660 3273 σκοπεῖν;]
1725 3221 1876 3261 Verba
1918 3217 1964 3260 τὸ

1162 3278 1386 3332 ξυμφέρον
1457 3284 1635 3319 σκοπεῖν
1707 3279 1964 3330 epexegesis

1160 3351 1292 3379 causa
1331 3338 1482 3379 addita
1520 3343 1622 3378 sunt
1663 3337 1963 3388 praecedenti-

1160 3397 1263 3445 bus,
1316 3396 1399 3436 hoe
1450 3409 1602 3437 sensu:
1665 3408 1733 3435 an
1783 3407 1962 3446 neque
