2124 3744
189 856 291 906 619

331 189 435 238 448
932 181 1412 236 PLATONIS

330 354 440 387 των
484 330 671 386 αὐτῶν
715 329 959 387 δυνατὸν
1003 330 1143 386 εἶναι
1196 329 1670 398 συλλογισάμενον
1724 332 2028 401 αἱρεῖσθαι,

330 414 470 489 πρὸς
513 415 616 482 την
660 417 757 481 τῆς
786 418 972 490 ψυχῆς
1015 415 1184 489 φύσιν
1207 414 1620 482 ἀποβλέποντα,
1666 415 1764 469 τόν
1791 435 1847 468 τε
1868 418 2028 484 χείρω

330 505 422 556 καὶ
466 498 567 554 τὸν
615 498 820 568 ἀμείνω
865 503 1012 568 βίον,
1051 505 1210 568 χείρω
1258 501 1359 566 μὲν
1405 500 1704 562 καλοῦντα,
1749 495 1810 560 ὃς
1850 495 2031 562 αὐτὴν

328 593 493 640 ἐκεῖσε
509 582 685 650 ῥέξει,
732 591 806 648 εἰς
853 584 914 638 τὸ
959 582 1300 653 ἀδικωτέραν
1343 585 1667 650 γίγνεσθαι,
1711 581 1914 650 ἀμείνω
1958 585 2032 646 δέ,

328 669 476 733 ὅςτις
520 675 594 732 εἰς
638 667 701 723 τὸ
748 672 1125 739 δικαιοτέραν,
1182 670 1251 721 τά
1299 669 1353 719 δὲ
1399 664 1543 719 ἄλλα
1592 667 1780 720 πάντα
1817 671 2032 737 χαίρειν

329 758 458 809 ὲᾱν·
503 751 823 823 ἑωράκαμεν
866 752 1001 822 γάρ,
1057 750 1145 807 ὅτι
1200 754 1362 818 ζῶντί
1406 771 1461 803 τε
1508 755 1596 804 καὶ
1646 751 2034 816 τελευτήσαντι

331 839 475 904 αὕτη
518 842 784 906 κρατίστη
828 843 1051 907 αἵρεσις.
1106 835 1498 906 ἀδαμαντίνως
1558 833 1624 901 δὴ
1689 839 1769 889 δεῖ
1822 835 2033 900 ταύτην

331 922 434 990 τὴν
481 922 650 988 δόξαν
699 929 894 992 ἔχοντα
941 927 1015 984 εὶς
1045 919 1240 976 ”Αιδου
1296 926 1461 983 ἰέναι,
1523 917 1674 982 ὅπως
1726 916 1799 973 άν
1854 911 1886 996 ᾖ
1940 922 2034 973 καὶ

329 1015 435 1063 ἐκεῖ
477 1006 853 1072 ἀνέκπληκτος
893 1003 1003 1060 ὑπὸ
1052 1006 1307 1061 πλούτων
1362 1024 1419 1057 τε
1463 1006 1555 1057 καὶ
1602 1007 1712 1058 τῶν
1760 999 2035 1058 τοιούτων

331 1094 546 1155 κακῶν,
605 1094 700 1145 καὶ
752 1093 827 1158 μὴ
890 1090 1137 1161 ἐμπεσών
1197 1097 1272 1154 εἰς
1332 1092 1669 1157 τυραννίδας
1723 1093 1812 1143 καὶ
1858 1087 2036 1149 ἄλλας

331 1175 600 1238 τοιαύτας
643 1175 866 1244 πράξεις
911 1174 1090 1230 πολλά
1131 1179 1231 1246 μὲν
1275 1172 1575 1244 ἐργάσηται
1620 1177 1712 1227 καὶ
1756 1171 2034 1237 ἀνήκεστα

331 1261 508 1324 κακά,
554 1265 633 1314 ἔτι
678 1262 733 1314 δὲ
781 1258 955 1323 αὐτὸς
995 1264 1154 1330 μείζω
1201 1258 1399 1334 πάθῃ,
1445 1255 1592 1311 άλλά
1638 1260 1750 1327 γνῷ
1798 1254 1898 1311 τὸν
1944 1261 2035 1324 μέ-

333 1366 434 1402 σον
478 1344 565 1398 άεὶ
609 1347 721 1398 τῶν
766 1345 1035 1399 τοιούτων
1077 1347 1206 1414 βίον
1239 1345 1531 1415 αἱρεῖσθαι
1566 1345 1659 1395 καὶ
1695 1338 1918 1415 φεύγειν
1963 1338 2032 1393 τά

330 1428 756 1499 ὑπερβάλλοντα
818 1434 1115 1499 ἑκατέρωσε
1170 1432 1262 1483 καὶ
1321 1432 1378 1480 ἐν
1435 1427 1575 1494 τῷδε
1625 1428 1698 1494 τῷ
1742 1428 1845 1496 βίῳ
1891 1420 2033 1478 κατά

330 1513 394 1570 τὸ
443 1511 686 1568 δυνατὸν
743 1517 834 1566 καὶ
897 1520 954 1568 ὲν
1011 1517 1179 1568 παντὶ
1223 1515 1299 1581 τῷ
1346 1515 1558 1566 ἔπειτα·
1605 1508 1749 1564 οὕτω
1795 1507 1904 1578 γάρ
1950 1507 2047 1563 εὐ-’

335 1603 769 1671 δαιμονέστατος
811 1601 1054 1667 γίγνεται
1095 1594 1426 1668 ἄνθρωπος.
1518 1592 1659 1671 Cap.
1711 1590 1875 1650 XVI.
1927 1596 2036 1647 Καὶ

448 1794 503 1835 Ε.
565 1794 773 1847 χαίρειν
805 1793 922 1850 ἐᾶν]
960 1795 1059 1836 Par.
1093 1794 1243 1835 ΑΒΚ.
1277 1794 1408 1835 Viud.
1439 1794 1543 1834 vat.
1578 1790 1670 1833 δηι.
1702 1790 1821 1831 Μοιι.
1858 1789 2035 1830 Floren-

331 1854 409 1895 tini
449 1864 602 1893 omnes
633 1850 750 1893 ἐάσει
779 1855 897 1905 quod
931 1853 1046 1894 'rnrr
1087 1862 1129 1893 et
1161 1853 1306 1893 Scbn..
1340 1857 1613 1904 receperunt.
1649 1846 1790 1891 ἐάσειν
1826 1849 1918 1889 Vnt.
1957 1845 2034 1888 Θτ.

452 1915 493 1950 Ρ.
527 1910 625 1953 619.
688 1905 1063 1961 ἀδαμαντίνως
1095 1907 1159 1964 δὴ
1194 1909 1299 1966 δεῖ]
1338 1911 1386 1951 V.
1419 1909 1484 1950 δεῖ
1513 1907 1578 1963 δή,
1609 1906 1727 1963 quod
1762 1920 1813 1947 ex
1850 1907 1947 1946 Par.
1987 1911 2032 1945 Α.

333 1970 433 2010 Vat.
474 1966 521 2008 Θ.
556 1969 740 2022 aliisque
771 1976 1001 2012 mutatum.

1236 2123 1322 2163 quo
1365 2110 1421 2150 cf.
1465 2109 1537 2150 VI.
1578 2121 1621 2161 p.
1665 2103 1763 2152 503.
1806 2105 1855 2145 D.
1897 2101 2033 2156 Gorg.

1233 2183 1273 2223 p.
1308 2168 1409 2212 469.
1440 2168 1490 2208 C.
1524 2166 1666 2218 ibique
1698 2168 1844 2203 annot.

334 2110 523 2164 piurium
577 2124 718 2152 rerum
774 2112 1146 2152 enumerationem

331 2170 532 2267 iitefnttzm
603 2169 766 2220 notari,
827 2182 911 2210 nou
959 2170 1147 2223 expungi

363 2239 460 2268 eun
491 2258 500 2267 .

390 2313 442 2355 E.
505 2315 720 2366 χαίρειν
773 2313 888 2366 ἐᾶν]
944 2312 1145 2353 Pendent

330 2372 444 2412 haec
470 2385 523 2412 ex
555 2372 779 2425 superiore
806 2368 994 2411 δυνατὸν
1014 2365 1137 2411 εἶναι.

334 2428 523 2471 Codices
581 2431 750 2482 plurimi
812 2428 929 2481 quod
978 2428 1140 2470 babent

335 2484 473 2536 ἐάσει,
504 2494 730 2541 receptum
765 2502 786 2529 a
821 2488 1139 2528 recentioribus

335 2545 598 2596 editoribus,
645 2551 788 2587 ortum
844 2552 911 2586 est
947 2558 1023 2597 per
1065 2558 1138 2585 ne·-

334 2605 608 2659 giigentiam‚
676 2603 1141 2655 accommodatumque

334 2668 497 2702 temere
530 2661 760 2702 interiecto
797 2659 913 2713 ἄξεις
955 2674 1010 2701 ex
1054 2672 1140 2713 quo

334 2719 534 2774 profecto
567 2732 649 2759 non
687 2719 840 2760 debuit
873 2718 1058 2759 defendi.

394 2806 446 2846 P.
481 2805 579 2848 619.
642 2799 1030 2856 ἀδαμαντίνως
1078 2801 1139 2856 δὴ

255 2868 259 2874 ’
336 2860 506 2918 δεῐ-]
542 2863 676 2904 Usum
706 2877 799 2904 voc.
834 2858 1142 2913 ἀδαμαντίνως,

338 2921 375 2961 b.
424 2934 463 2962 e.
520 2920 782 2972 firmiter,
843 2921 1141 2962 tenacissi-

335 2991 440 3029 me,
474 2978 641 3019 notavit
672 2978 1047 3031 Wyttenlbacb.
1086 2977 1139 3017 ad

337 3035 491 3077 phaed.
547 3050 586 3088 p.
630 3035 726 3092 161.
765 3037 863 3080 172.
942 3036 1045 3077 Mox
1086 3035 1140 3075 ad

335 3091 457 3134 ὅπως
495 3089 548 3133 ἂν
585 3086 611 3145 ,ἦ
653 3095 980 3147 intelligendum
1024 3093 1139 3145 apud

334 3152 521 3192 animum
558 3162 640 3199 τις,
679 3154 798 3192 cuius
838 3154 957 3192 notio
998 3152 1138 3191 couti-

334 3214 459 3249 netur
510 3210 593 3250 iam
652 3211 793 3250 verbis
839 3208 1139 3262 praecedenti-

330 3267 437 3306 bus:
471 3264 538 3306 δεῖ
563 3290 617 3295 -—-
651 3267 802 3318 ἔχοντα
833 3291 888 3297 -
922 3266 1043 3307 ι’ὲναι.
1083 3266 1139 3306 cf.

333 3323 386 3364 ad
433 3324 525 3364 iibr.
566 3324 644 3364 v1.
693 3340 732 3378 p.
775 3326 876 3370 506.
917 3326 966 3365 C.
1009 3327 1062 3364 X.
1097 3337 1137 3375 p.

333 3379 418 3425 611
469 3379 518 3422 C.
577 3380 670 3422 Nec
715 3384 769 3424 ab
812 3396 890 3424 usu
922 3381 1140 3433 abhorret,

334 3437 450 3492 quod
483 3436 640 3480 deinde
670 3437 851 3483 infertur
882 3435 1039 3487 αὐτός,
1086 3438 1142 3481 de

1290 2252 1523 2307 φεύγειν
1562 2249 1617 2292 τὰ
1665 2247 2031 2306 ὑπερβάλλον-

1229 2317 1317 2363 ται
1362 2313 1470 2354 Nam
1514 2310 1792 2351 mediocritas
1832 2311 1926 2349 sola
1971 2309 2028 2349 vi·

1226 2379 1312 2411 tam
1349 2372 1518 2411 beatam
1554 2368 1700 2409 efficit.
1770 2367 1829 2407 λά
1862 2372 2032 2407 senten-

1225 2430 1330 2470 tiam
1367 2427 1422 2469 cf.
1457 2427 1590 2480 intpp.
1623 2426 1675 2467 ad
1705 2426 1860 2467 Horat.
1886 2426 2031 2465 Carm.

1227 2487 1280 2539 ΙΙ,
1319 2487 1385 2533 10,
1417 2486 1459 2530 5.

1285 2572 1333 2612 Β.
1405 2571 1649 2623 γίγνεται
1697 2566 2029 2622 ἅνθρωπος]

1226 2629 1344 2670 Cave
1367 2623 1390 2668 ὁ
1407 2625 1648 2683 ἄνθρωπος
1669 2627 1880 2678 requiras.
1916 2626 2029 2666 Libr.

1225 2686 1280 2728 X.
1316 2701 1355 2739 p.
1388 2686 1488 2730 603.
1524 2686 1584 2727 C:
1619 2684 1665 2726 ἑν
1697 2681 1829 2725 ἅπασι
1862 2680 2033 2724 τούτοις

1229 2740 1524 2798 ὁμονοητικῶς
1551 2741 1794 2796 ἄνθρωπος
1815 2739 2028 2782 διάκειται.

1226 2803 1338 2843 Ibid.
1371 2816 1412 2854 p.
1431 2802 1531 2846 618.
1564 2802 1626 2845 B:
1661 2798 1684 2842 ὁ
1717 2801 1800 2841 πᾶς
1829 2798 2032 2840 κίνδυνος

1226 2856 1465 2915 ἀνθρώπῳ.
1506 2860 1734 2911 Protagor.
1768 2873 1807 2911 p.
1837 2858 1934 2900 321.
1972 2857 2029 2897 E:

1228 2916 1305 2971 τὴν
1338 2920 1412 2972 τῆς
1442 2915 1631 2971 Ἀθηνᾶς
1662 2916 1838 2958 δίδωσιν
1853 2910 2028 2967 ἀνθρώ-
2108 2931 2111 2958 2

1228 2991 1309 3031 πῳ.
1345 2976 1449 3019 ibid.
1487 2991 1527 3028 p.
1560 2976 1660 3019 322.
1692 2976 1744 3015 C:
1781 2971 1876 3026 δοίη
1909 2972 2031 3026 δίκην
2108 2979 2111 2982 ’

1228 3035 1296 3075 καὶ
1335 3033 1443 3075 αἰδῶ
1489 3029 1766 3086 ἅνθρώποις;
1820 3034 1891 3072 ubi
1932 3035 2030 3083 quis
2107 3060 2109 3068 Α

1229 3095 1309 3133 erit
1341 3100 1427 3134 tam
1471 3094 1746 3141 temerarius,
1785 3097 1834 3130 ut
1872 3092 2030 3130 articu-

1223 3152 1313 3191 lum

1228 3208 1439 3249 Videlicet
1470 3211 1538 3246 est
1571 3206 1650 3246 boe
1688 3219 1844 3246 nomen
1877 3208 1917 3246 iu
1950 3218 2028 3245 nu-

1227 3279 1348 3306 mero
1398 3277 1570 3312 eorum,
1618 3278 1728 3315 quae
1776 3264 1830 3304 de
1869 3276 2030 3315 genere

1226 3326 1423 3364 universo
1456 3323 1598 3371 posita
1638 3323 1862 3363 articulum
1897 3321 2028 3362 modo

1225 3381 1415 3422 additum
1457 3379 1638 3429 babent,
1689 3380 1823 3422 modo
1876 3392 2027 3431 asper-

1225 3443 1388 3480 nantur.
1461 3436 1573 3479 Vide
1617 3450 1729 3489 quae
1775 3439 2026 3492 scripsimus

1391 3148 1697 3190 inferciendum
1768 3145 2030 3189 arbitretur?
2106 3151 2107 3154 ’
