2098 3658
288 140 385 192 168
884 96 1364 194 PLATONIS

281 284 510 340 κάλλιον
559 283 801 355 πράττοι
845 282 919 338 ἄν
959 303 1038 348 τις
1083 283 1158 349 εἶς
1201 283 1279 340 ὢν
1325 282 1534 348 πολλὰς
1579 290 1772 357 τέχνας
1815 294 1977 359 ἐργα-

280 368 519 439 ζόμενος,
568 364 598 432 ὴ
645 365 786 423 ὅταν
829 373 965 439 μίαν
1011 367 1211 436 εἶςςὍ
1219 391 1347 436 ταν,
1395 369 1522 436 η’δ
1577 366 1656 434 ὅς,
1702 369 1778 435 εἷς
1821 375 1975 441 μίαν.

274 451 436 507 Ἀλλά
481 451 614 523 μήν,
663 449 834 523 οἶμαι,
878 456 970 508 καὶ
1007 451 1132 508 τόδε
1177 457 1376 521 δῆλον,
1395 391 1525 517 ηὼς,
1562 453 1658 509 ἐάν
1702 459 1786 519 τίς
1827 476 1978 518 τινος

280 539 427 612 παρῆ
469 541 563 605 ἔρ)
568 557 634 591 ου
680 535 892 635 καιρόν,
935 535 1239 594 διόλλυται.
1298 541 1483 604 Δῆλον
1530 536 1660 609 ῑοὶρ.
1725 538 1802 594 Οὐ
1848 537 1976 608 γάρ,

279 619 460 690 οἶμαι,
503 623 685 676 ἐθέλει
743 617 805 675 τὸ
861 620 1250 693 πραττόμενον
1308 620 1412 688 τὴν
1466 626 1567 678 τοῦ
1627 622 1981 694 πράττοντος

278 696 525 775 σχολὴν
538 710 867 776 περιιιένειν,
911 704 1038 760 ἀλλ’
1110 705 1327 776 ἀνάγκη
1389 705 1489 761 τὸν
1529 707 1855 779 πράττοντα
1901 709 1979 776 τῷ

197 793 244 847 G
282 796 641 859 πραττομένῳ
705 793 980 845 ὲπακολου
989 794 1116 845 dclv
1195 788 1271 861 μὴ
1341 797 1399 844 ἐν
1470 797 1748 863 παρέργου
1813 796 1980 862 μέρει.

276 871 533 943 Ἀνάγκη.
615 871 703 928 Ἐκ
751 872 818 941 δὴ
876 873 1093 929 τούτων
1149 879 1311 930 πλείω
1373 897 1428 930 τε
1488 881 1692 931 ἕκαστα
1738 881 1982 945 γίγνεται

280 961 374 1012 καὶ
426 956 652 1012 κάλλιον
712 963 804 1013 καὶ
853 956 1025 1033 ῥᾷον,
1076 956 1218 1015 ὅταν
1262 959 1338 1024 εἷς
1380 963 1439 1014 ἓν
1483 958 1627 1016 κατα
1675 958 1845 1035 φύσιν
1889 963 1982 1013 καὶ

278 1049 338 1096 ἐν
382 1044 582 1115 καιρῷ,
628 1042 834 1113 σχολὴν
877 1047 988 1099 τῶν
1030 1040 1217 1099 ἄλλων
1261 1041 1443 1113 ἄγων,-
1489 1044 1729 1122 aptit-ty.
1818 1046 1982 1098 Παν·

395 1186 477 1232 καὶ
510 1189 632 1233 τόδε
663 1191 854 1250 δῆλον]
894 1195 971 1237 sio
1006 1195 1104 1236 Par.
1138 1197 1179 1235 A
1211 1196 1254 1235 D
1285 1195 1341 1235 K.
1379 1196 1484 1237 Ven.
1521 1195 1573 1237 Π.
1607 1197 1732 1240 Μοιι.
1768 1197 1916 1239 Ambr.
1939 1203 1984 1236 et

276 1256 445 1303 septem
485 1250 929 1318 Floren1n1Vugo
971 1255 1039 1293 καὶ
1079 1254 1209 1294 τοῦτο
1255 1250 1399 1306 δῆλον.
1459 1255 1516 1294 In
1555 1254 1649 1297 Vat.
1681 1267 1718 1298 r.
1752 1260 1795 1295 et
1824 1268 1892 1307 pr.
1931 1251 1979 1295 Θ.

276 1309 439 1360 legitur
470 1305 576 1348 τότε.

395 1364 444 1406 C.
505 1365 561 1405 ἒν
593 1365 724 1407 κατὰ
759 1365 959 1421 φύσιν]
1008 1368 1055 1407 V.
1095 1367 1142 1407 ἒν
1173 1364 1200 1421 ἦ
1232 1365 1336 1407 κατὰ
1371 1381 1416 1419 φ.
1450 1360 1604 1411 invitis
1637 1346 1740 1412 Par.
1770 1371 1812 1410 A
1843 1369 1886 1412 D
1920 1369 1978 1413 K.

643 1425 691 1468 Ξ.
723 1425 849 1465 Μοιι.
883 1426 1045 1477 Angel.
1083 1425 1176 1465 vat.
1210 1439 1266 1466 m.
1299 1438 1333 1468 r.
1365 1427 1479 1469 aliis.

282 1424 384 1465 Vat.
422 1421 469 1463 Θ.
505 1424 609 1467 Ven.

394 1479 444 1521 εἰ
469 1481 640 1530 μέλλει
674 1481 873 1535 καλὸν]
907 1485 982 1524 Sic
1015 1483 1116 1525 Par.
1150 1485 1205 1523 A.
1245 1483 1340 1524 Vat.
1379 1482 1427 1524 Θ.
1460 1485 1572 1532 Ven,
1605 1484 1645 1527 Ξ
1673 1481 1726 1523 Π
1758 1483 1892 1525 Vind
1931 1482 1984 1523 Φ.

280 1540 436 1579 Ambr.
473 1540 564 1580 vat.
598 1554 652 1583 ιιι.
684 1555 716 1581 r.
750 1541 870 1582 Flor.
900 1542 1000 1582 a.b.
1027 1555 1062 1582 c.
1088 1556 1125 1581 α.
1142 1556 1180 1594 γ.
1219 1541 1359 1594 ΧιιΙρςο
1391 1542 1545 1592 μέλλοι.
1585 1544 1820 1588 Praeterea
1850 1541 1983 1594 vulgo

283 1593 463 1643 κάλλιον,
495 1598 647 1667 invitis
679 1600 808 1640 codd.
840 1600 932 1640 fere
965 1600 1181 1640 omnibus.

391 1656 448 1698 D.
512 1653 538 1708 ἢ
576 1653 666 1703 ⁰2⁹5:
679 1660 696 1705 Ι
750 1656 969 1698 Omittunt
1018 1658 1116 1699 Par.
1168 1660 1226 1698 Α.
1271 1657 1365 1697 Vat.
1418 1655 1466 1696 Θ.
1514 1657 1618 1699 ven.
1660 1658 1707 1700 Ξ.

279 1787 549 1826 neminem
598 1786 767 1827 alteri
826 1789 970 1829 omni
1021 1801 1087 1829 ex

280 1848 443 1894 parte
490 1844 730 1884 similem
775 1847 951 1896 nasci,
993 1847 1087 1886 sed

278 1902 360 1941 ita
420 1914 541 1941 esse
601 1902 964 1953 institutum,
1029 1909 1121 1947 ut.

278 1959 428 1999 alius
471 1959 543 2000 ad
588 1960 748 2001 aliud
795 1961 1086 2013 negotium

280 2018 350 2057 sit
383 2022 584 2059 natura
614 2019 875 2059 idoneus.
915 2019 1087 2060 Eadem

277 2076 406 2126 plane
437 2076 554 2115 ratio
601 2075 772 2115 obtinet
808 2089 850 2128 Ρ.
880 2075 981 2119 383.
1014 2078 1058 2117 A

282 2128 434 2180 οὕτως,
457 2133 555 2185 ἔφη,
577 2133 720 2186 ἔμοιγε
743 2134 810 2173 καὶ
833 2129 951 2188 αὐτῷ
983 2148 1084 2186 ‹pac-

279 2202 394 2230 νεται
443 2191 527 2231 σοῦ
580 2190 796 2245 λέγοντος.
874 2193 1011 2236 Alcib.
1054 2194 1083 2233 1.

280 2248 379 2292 119.
403 2248 463 2288 B:
497 2247 634 2288 ἐννοῶ
668 2250 754 2291 σοῦ
783 2247 984 2291 εἰπόντος
1017 2252 1084 2291 καὶ

279 2307 498 2360 ξυγχωρεῖ.
557 2307 697 2360 Legg.
739 2307 769 2348 I.
805 2321 847 2360 p.
882 2308 980 2352 640.
1015 2310 1083 2349 A:

281 2363 392 2415 ε’μοῦ
417 2362 662 2417 φράζοντος
681 2366 814 2419 πειρῶ
830 2364 1083 2418 μανθάνειν.

278 2423 528 2476 Euthyphr.
566 2436 610 2475 p.
661 2424 699 2467 7.
747 2425 803 2466 C:
851 2420 933 2465 ἀλλ’
977 2422 1085 2475 ἐμοῦ

281 2481 482 2534 λέγοντος
512 2477 675 2521 σκόπει.
734 2482 848 2524 Ibid.
881 2497 923 2535 p.
946 2483 988 2526 9.
1023 2485 1082 2523 C:

283 2536 382 2579 τόδε
410 2536 472 2593 ,δὲ
502 2539 587 2582 σοῦ
619 2537 830 2595 ἐνενόησα
868 2540 1082 2594 λέγοντος.

279 2599 352 2637 Ex
381 2597 451 2638 his
487 2610 596 2638 vero
630 2598 855 2640 concludit
875 2600 1083 2652 deinceps

279 2656 435 2696 melius
471 2668 604 2695 unam
633 2658 827 2709 aliquam
853 2663 992 2698 artem
1024 2659 1079 2698 ab

280 2725 551 2766 unoquoque
596 2716 780 2756 tractari
822 2728 953 2768 quam
994 2729 1084 2756 om-

285 2784 365 2812 nes
397 2777 515 2812 artes
547 2772 692 2812 simul.

335 2829 389 2869 B.
423 2825 450 2882 ἢ
482 2825 613 2869 ὅταν
643 2832 769 2879 μιαν
790 2825 920 2883 εἶ9,]
947 2829 1086 2871 Omit-

280 2887 333 2925 tit
365 2887 547 2928 verbum
563 2884 798 2941 έργαζηται,
810 2890 936 2941 quasi
957 2901 1086 2941 prae-

281 2945 484 2985 cessisset
513 2947 836 2998 coniunctivus,
869 2959 958 2987 non
985 2960 1086 3000 par-

279 3002 480 3054 ticipium
499 3000 800 3056 ἐργαζόμενος.
839 3004 993 3058 ltaque
1025 3006 1085 3045 el-

279 3059 406 3126 lipsis
448 3060 565 3101 facta
604 3068 669 3102 est
709 3059 813 3102 κατὰ
851 3059 901 3102 τὸ
934 3075 1083 3115 σημαι-

283 3112 482 3166 νόμενον.

339 3169 411 3215 Οὐ
443 3172 540 3228 γὰρ
571 3174 753 3218 ἐθέλει
777 3201 833 3208 -—
866 3176 1078 3229 περιμέ-

280 3245 396 3272 νειν
437 3231 514 3285 ——1
581 3233 770 3275 Venuste
818 3249 888 3277 res
933 3237 1079 3276 inani·

279 3296 421 3330 matae
435 3287 601 3329 ἐθέλειν
617 3292 835 3333 dicuntur.
867 3294 988 3336 Libr.
999 3293 1078 3334 IV.

279 3346 529 3400 p.436.13:
567 3345 724 3389 ταυτὸν
756 3345 955 3391 τᾶναντια
985 3365 1081 3391 ποι·

280 3410 343 3445 εῖν
382 3401 408 3459 ἢ
450 3402 623 3458 πάσχειν
662 3431 715 3438 -
759 3421 840 3448 ουκ
881 3406 1079 3462 ἐθελήσει

1756 1657 1890 1699 vind.
1935 1656 1985 1697 Φ.

1172 1783 1272 1836 ἅμα.
1323 1786 1397 1826 VI.
1442 1799 1484 1839 Ρ.
1527 1786 1630 1833 503.
1663 1786 1720 1828 Ct
1757 1786 1820 1827 εἰς
1853 1781 1982 1827 ταυτό

1173 1841 1455 1895 ξυμφύεσθαι
1502 1838 1637 1896 αὐτῆς
1677 1842 1725 1885 τὰ
1756 1843 1860 1898 μέρη
1892 1845 1979 1886 ὀλι-

1173 1899 1295 1956 γάκιε·
1323 1900 1476 1944 ἐθέλει.
1515 1903 1700 1945 phaedr.
1727 1916 1768 1955 Ρ.
1791 1903 1891 1946 230.
1911 1905 1981 1946 D:

1173 1957 1222 2000 τὰ
1253 1958 1331 2010 μὲν
1366 1973 1448 2000 ουν
1480 1961 1613 2013 χωρία
1645 1961 1713 2000 καὶ
1746 1958 1794 2001 τὰ
1829 1958 1983 2015 δένδρα

1174 2013 1306 2058 ου’δέν
1336 2031 1386 2068 με
1421 2017 1538 2058 θέλει
1564 2014 1801 2059 διδάσκειι.
1836 2019 1982 2060 Phae·

1172 2075 1275 2117 don.
1304 2090 1346 2128 Ρ
1367 2075 1467 2119 102.
1493 2076 1564 2119 D:
1599 2071 1809 2117 οὐδέποτε
1838 2075 1985 2118 θέλειν

1169 2134 1379 2205 (ταῦτα)
1397 2131 1484 2185 α’μα
1530 2132 1636 2189 μέγα
1690 2135 1757 2174 καὶ
1802 2133 1984 2188 σμικρὸν

1170 2187 1293 2233 εἶναι.
1334 2193 1419 2234 cfr.
1457 2191 1684 2244 Gregor.
1718 2191 1981 2236 Corinth.

1170 2265 1212 2304 p.
1245 2250 1359 2301 135„
1393 2252 1468 2303 qui
1501 2264 1598 2291 cum
1628 2251 1728 2291 aliis
1756 2253 1982 2293 veteribus

1172 2309 1471 2362 grammaticis
1521 2322 1600 2361 per
1643 2306 1864 2350 δύνασθαι
1904 2323 1981 2350 ex·

1170 2369 1332 2420 plicat,
1363 2367 1482 2419 quod
1522 2379 1652 2407 nemo
1694 2369 1845 2420 paullo
1877 2381 1980 2420 pru-

1172 2426 1350 2466 dentior
1387 2437 1571 2465 assensu
1602 2437 1684 2466 suo
1721 2427 1982 2478 comproba-

1170 2484 1326 2523 bit.-
1359 2479 1416 2523 τὸ
1449 2479 1983 2536 πραττόμενονιιιιιιο

1170 2542 1349 2583 οιιιιιίιιο
1381 2546 1449 2584 est
1488 2542 1796 2594 negotium.
1829 2563 1876 2572 -—
1916 2540 1980 2595 μὴ

1171 2597 1226 2640 έν
1249 2597 1538 2651 παρέργου
1562 2596 1854 2652 μέρει,ιιοιι
1883 2601 1981 2648 ita,

1170 2664 1229 2697 ut
1302 2658 1488 2698 obiter
1561 2662 1614 2697 et
1682 2658 1983 2698 subseciva

1173 2728 1348 2769 opera
1377 2728 1490 2755 rem
1520 2720 1662 2767 agat.
1694 2729 1735 2754 v.
1801 2715 1981 2768 Viget.

1172 2787 1213 2827 Ρ.
1245 2773 1345 2816 108.
1378 2774 1479 2815 coll.
1524 2786 1628 2813 ann.
1659 2774 1717 2814 ad
1742 2773 1867 2814 Libr.
1899 2774 1982 2817 VI.

1175 2830 1346 2885 p..498
1379 2833 1436 2872 A.

1175 2846 1279 2930 Pb.
1309 2884 1391 2929 Ἐκ
1427 2885 1493 2941 δὴ
1522 2884 1977 2940 τούτων-πράτ-

1171 2948 1267 3003 τῃ.]
1301 2947 1556 2989 Pronomen
1587 2942 1754 2985 τούτων
1786 2946 1977 2998 explica-

1169 3011 1241 3046 tur
1271 3005 1439 3045 verbis.
1471 2999 1576 3042 ὅταν
1609 2997 1671 3043 εἷς
1699 3001 1746 3042 ἓν
1777 3016 1813 3046 κ.
1852 3017 1899 3055 φ
1922 3026 1979 3037 —-

1171 3059 1345 3116 πράττῃ.
1430 3060 1546 3101 Nam
1591 3061 1828 3101 verborum
1878 3074 1978 3102 sen-

1163 3121 1302 3161 tentia
1331 3121 1446 3160 haec
1475 3123 1562 3158 est:
1612 3118 1839 3160 Exinde
1874 3121 1978 3172 i'gi-

1163 3185 1256 3219 tur
1298 3183 1430 3217 ¹tum
1488 3176 1656 3228 plura
1717 3189 1978 3230 quaeque

1163 3237 1345 3287 fiunt,
1379 3239 1491 3274 tum
1521 3234 1778 3286 pulcrius
1808 3247 1869 3275 ae
1903 3236 1977 3276 fa-

1165 3295 1336 3342 cilius
1376 3292 1788 3344 perficiuntur,
1829 3294 1976 3333 vide-

1165 3353 1309 3392 lic'et
1349 3350 1570 3404 quando
1619 3362 1756 3391 unus
1814 3362 1978 3391 unum

1163 3415 1377 3451 tractat
1432 3409 1764 3460 negotium,
1820 3414 1976 3449 natu-
