2106 3594
1723 160 1770 212 C
1781 162 1825 213 V

125 308 280 375 τότε,
338 293 613 376 ’ῤ’κομὼν,
659 308 926 372 ἐπείνων,
993 303 1280 371 ὲρῥύπων,
1346 303 1831 376 ἐσωκράτουν,

124 375 390 432 Σκυτᾰλί
437 376 718 453 ἐφόρουν,
768 396 818 429 κ.
872 395 919 428 τ.
959 376 1007 427 λ..
1094 376 1270 448 Vesp.
1309 397 1360 430 v·
1397 378 1522 431 473.
1597 375 1831 431 Notavit

123 451 287 504 etiam
324 450 485 504 Plato
528 447 710 520 Gorg.
748 467 803 519 p.
843 446 965 501 515.
1003 445 1071 500 E.
1109 455 1167 501 et
1202 449 1506 521 praecipue>
1538 449 1830 522 Protagor.

124 543 178 593 p.
217 522 339 577 342.
376 521 444 573 B.
483 523 536 574 οἱ
567 522 671 589 μὲν
718 520 857 589 (τῶν
907 517 1354 590 λακωνιζόντων)
1407 516 1522 574 ὦτά
1573 540 1631 574 τε
1670 522 1831 574 κατά-

123 613 353 663 γνυνται
373 590 715 662 μιμούμενοι
740 586 964 654 αὐτούς,
989 594 1082 643 καί
1108 589 1347 659 ἱμάντας
1374 594 1836 662 περιειλίττονται

125 670 220 721 καὶ
253 664 774 738 φιλογυμναστοῦσι
820 664 913 715 καὶ
946 661 1212 734 βραχείας
1244 661 1531 733 ἀναβολὰς
1569 665 1832 737 φοροῦσι,

124 735 201 801 ὠς
242 734 312 802 δὴ
358 733 580 798 τούτοις
628 735 974 801 κρατοῦντας
1020 736 1133 788 τῶν
1165 733 1439 802 Ἑλλήνων
1481 733 1613 797 τοὺς
1653 740 1834 789 Λακε-

122 811 468 876 δαιμονίους.
543 805 698 874 Quid
736 803 889 875 quod
929 805 1094 858 etiam
1131 807 1407 875 muliere8‚
1448 825 1589 877 quae
1615 824 1675 861 se
1701 807 1832 860 olim

121 877 369 934 modeste
403 879 462 932 in
499 897 779 952 gynaeceo
830 876 1217 932 continuerant
1250 878 1551 932 lanificium
1588 885 1832 932 tractan-

120 961 234 1020 tes,
282 951 524 1004 virorum
575 950 835 1004 incitatae
883 949 1135 1020 exemplo
1185 951 1447 1005 maiorem
1495 949 1835 1005 affectabant

119 1023 461 1089 libertatem,
538 1030 706 1092 atque
778 1020 1126 1074 heminarum
1197 1021 1592 1094 Spartanarum
1653 1039 1833 1076 mores

121 1094 510 1162 imitabantur,
561 1112 699 1163 quas
749 1099 998 1161 constat,
1053 1093 1270 1148 etiamsi
1325 1113 1437 1148 non
1474 1093 1546 1148 ad
1578 1094 1832 1166 publicos

120 1166 360 1220 honores
404 1164 855 1233 admoverentur,
915 1171 1101 1218 tamen
1147 1165 1298 1236 apud
1349 1166 1496 1220 viros
1554 1165 1834 1221 interdum

120 1246 253 1291 tam-
285 1236 513 1291 multum
562 1236 802 1290 valuisse
821 1275 838 1304 ,
902 1244 965 1290 ut
1021 1237 1266 1308 ipsarum
1318 1237 1544 1292 arbitrio
1603 1256 1836 1310 magnae

119 1328 209 1364 res
247 1308 661 1363 administratae
696 1308 835 1376 sint,
885 1314 1027 1361 teste
1066 1309 1370 1363 Aristot.
1410 1309 1575 1364 Polit.
1612 1310 1709 1378 IL,
1763 1312 1833 1377 7.,
1924 1345 1927 1349 s

119 1383 172 1435 9.
208 1400 264 1453 p.
302 1383 429 1435 438.
467 1379 534 1434 C.
573 1380 644 1434 D.
669 1379 957 1433 Platon.
1000 1380 1180 1453 Legg.
1220 1380 1266 1434 I.
1305 1401 1360 1453 p.
1404 1383 1528 1437 637.
1569 1380 1634 1435 C.
1669 1381 1836 1436 Plu-‘-

120 1452 347 1508 tarch.
385 1452 635 1525 Lycurg.
674 1460 810 1506 sect.
836 1454 936 1505 ·14.
977 1459 1034 1506 et
1063 1454 1150 1508 15.
1224 1455 1413 1523 Atque
1439 1454 1582 1508 hanc
1607 1454 1835 1508 femina-

122 1543 243 1578 rum
287 1524 593 1592 licentiam,
643 1523 939 1594 plurimum
987 1543 1021 1577 a
1068 1524 1305 1596 pristina
1342 1545 1529 1579 earum
1566 1524 1839 1580 modestia

122 1594 554 1668 discrepantem,
606 1594 1035 1667 Aristophanem
1074 1596 1239 1649 etiam
1274 1596 1331 1649 in
1370 1596 1836 1668 Thesmophoria-

121 1667 269 1723 zusis
317 1675 375 1722 et
408 1666 726 1740 Lysistrata
772 1666 1159 1738 perstrinxisse
1195 1668 1466 1723 novimus.
1539 1669 1698 1722 Haec
1731 1669 1838 1741 igi-

121 1748 214 1793 tur
267 1748 479 1793 morum
527 1738 893 1809 perversitaS,
946 1757 1057 1808 qua
1105 1739 1479 1795 Athenienses
1534 1740 1595 1794 in
1627 1759 1839 1794 summa

120 1810 380 1879 mollitie,
435 1810 652 1864 luxuria
698 1819 868 1880 atque
932 1809 1130 1863 inertia
1178 1809 1370 1865 duram
1438 1811 1837 1882 Spartanorum

121 1883 290 1937 vitam
325 1901 391 1936 ac
428 1880 772 1953 disciplinam
812 1881 1244 1950 aemulabantur,
1284 1883 1364 1936 ita
1401 1883 1614 1938 scilicet
1649 1884 1836 1955 pristi-

123 1973 249 2008 nam
299 1953 603 2026 potentiam
665 1961 1051 2024 recuperatum
1113 1953 1182 2007 iri
1247 1955 1575 2026 opinantes,
1639 1963 1837 2027 poetae

122 2026 335 2080 comico
384 2025 663 2099 egregiam
709 2025 965 2097 praebuit
1016 2023 1238 2079 iocandi
1289 2026 1617 2098 ridendique
1667 2035 1840 2081 mate-

122 2097 276 2166 riam,
316 2116 427 2168 qua
465 2097 545 2151 ita
581 2115 716 2151 usus
755 2108 859 2166 est,
894 2105 959 2150 ut
996 2104 1052 2151 et
1087 2097 1329 2152 virorum
1368 2100 1613 2154 civilium
1651 2117 1840 2154 socor-

121 2169 268 2224 diam
303 2178 471 2239 atque
509 2169 763 2224 inertiam
801 2177 858 2223 et
892 2168 1143 2223 insanum
1192 2169 1330 2224 illud
1368 2174 1480 2226 τῶν
1514 2170 1840 2238 λακωνιζόν·

125 2262 233 2294 των
280 2240 523 2296 studium
573 2241 771 2295 acerbe
815 2240 1140 2295 traduxerit.
1231 2242 1428 2314 Itaque
1468 2244 1647 2298 Praxa
1692 2263 1839 2297 oram

123 2312 338 2368 inducit
382 2321 537 2367 veste
576 2313 719 2366 virili
758 2312 1035 2387 indutam,
1075 2313 1143 2367 ad
1182 2315 1449 2387 populum
1484 2316 1628 2370 hanc
1687 2335 1842 2389 egem

125 2387 422 2453 terentem,
484 2393 549 2439 ut
599 2385 656 2439 in
706 2394 991 2457 posterum
1041 2386 1260 2440 feminis
1311 2389 1685 2442 committatur
1733 2388 1839 2441 rei-

123 2456 379 2531 publicae
416 2455 838 2525 administratio,
879 2475 989 2528 qua
1024 2475 1082 2510 re
1118 2459 1361 2513 futurum
1398 2460 1501 2529 sit,
1542 2468 1605 2514 ut
1640 2459 1838 2515 civitas

123 2527 346 2582 tandem
395 2527 660 2582 liberetur
695 2548 728 2581 a
765 2529 1106 2600 gravissimis
1143 2530 1586 2601 calamitatibus,
1638 2532 1840 2602 quibus

123 2601 231 2654 iam
268 2598 365 2654 diu
401 2599 642 2654 virorum
681 2600 845 2673 culpa
882 2609 1179 2672 prematur.
1254 2603 1343 2658 De
1383 2623 1494 2674 qua
1531 2623 1589 2658 re
1622 2603 1841 2676 legendi

123 2679 256 2727 sunt
301 2691 391 2725 vv.
442 2672 564 2726 205.
616 2690 740 2744 sqq.
793 2682 849 2726 et
884 2674 1008 2727 448.
1048 2691 1173 2745 sqq.
1280 2674 1408 2743 Quo
1459 2677 1606 2730 facto
1654 2675 1839 2728 variae

124 2743 276 2818 leges
326 2743 777 2815 promulgantur,
830 2744 1031 2814 quibus
1069 2764 1215 2800 nova
1266 2747 1460 2801 civitas
1512 2746 1842 2802 describitur

125 2823 197 2868 et-
228 2814 287 2868 in
335 2814 584 2869 ordinem
635 2814 923 2888 redigitur.
998 2814 1156 2884 Quae
1207 2816 1355 2888 quod
1395 2837 1504 2872 nou
1543 2836 1733 2873 omues
1770 2818 1838 2872 ad

125 2887 522 2959 Spartanorum
563 2887 816 2941 instituta
853 2886 1148 2958 diligenter
1187 2897 1539 2960 comparatae
1563 2889 1839 2958 videntur,

124 2956 491 3032 reputandum
540 2971 623 3015 est
712 2967 888 3014 oetam
951 2978 1052 3031 pro
1102 2960 1334 3015 consilio
1384 2980 1485 3017 suo
1535 2962 1678 3017 risus
1727 2981 1842 3016 mo·

126 3029 289 3084 vendi
352 3048 523 3085 caiisa
584 3041 759 3087 muta
820 3050 918 3102 per
981 3032 1410 3114 superlationem
1474 3035 1842 3106 amplificasse

130 3109 188 3154 et
237 3099 550 3158 adauxisse.
637 3102 969 3174 Quanquam
1014 3102 1149 3157 mhil
1201 3105 1476 3177 reperias,
1528 3105 1674 3175 quod
1733 3125 1841 3160 non

131 3169 203 3225 ad
237 3171 353 3226 -illa
398 3174 685 3230 corumode
740 3174 929 3230 referri
968 3194 1132 3247 posse
1169 3175 1440 3231 videatur.
1515 3179 1604 3232 De
1640 3196 1749 3249 qua
1787 3198 1842 3231 re

132 3242 269 3311 quia
309 3261 583 3317 exponere
631 3247 853 3319 longum
892 3256 1007 3315 cst,
1060 3247 1163 3301 ho(-
1204 3247 1326 3304 loco
1362 3269 1429 3303 ea
1467 3258 1681 3304 tantum
1724 3269 1843 3322 per-

132 3316 625 3387 currere-*licebiss
689 3338 753 3372 ex
805 3319 1010 3389 quibus
1064 3318 1316 3379 Platonis
1368 3321 1623 3376 Politian»
1675 3322 1839 3376 rideri

132 3386 398 3455 auspic-sati
461 3399 608 3445 aunt.
717 3391 957 3445 Primum
1007 3392 1175 3458 igitur
1243 3392 1556 3461 Praxagora
1627 3394 1750 3447 inde
1814 3413 1844 3444 a

878 3490 888 3516 Ι
