2106 3594
26 3182 39 3197 ⁰
132 3179 314 3252 specie
379 3190 436 3235 et
485 3182 660 3237 forma
726 3182 780 3236 iu

1608 166 1839 232 XLVII

124 317 410 390 absurdis,
470 318 676 392 ineptis
731 316 1059 386 habeamus,
1133 326 1194 372 ut
1237 326 1326 374 ote
1386 338 1497 374 non
1548 321 1616 372 e'x
1666 317 1839 391 ipsius

122 406 304 458 mente
353 389 634 446 intellecta
682 408 748 446 ac
794 387 1113 445 diiudicata.
1195 339 1401 464 {ongo
1450 391 1609 444 aliter
1653 396 1838 443 autem

124 462 370 531 eveniet,
447 461 545 515 ubi
617 462 794 534 ipsius
864 469 1101 514 mentem
1176 463 1487 517 accuratius
1533 461 1840 534 ‘cognitam

124 552 189 587 ac
242 541 585 605 perspectam
654 533 971 587 habeamus.
1079 531 1358 601 Quocirca
1416 534 1653 604 primum
1719 531 1840 604 qui-

123 603 246 657 dem
316 604 573 658 universe
649 604 990 675 quaesivisse
1057 604 1305 674 iuvabit,
1376 623 1667 675 quamnam
1745 622 1842 657 ne-

123 674 515 730 cessitudinem
579 682 636 729 et
695 675 964 729 rationem
1001 675 1365 749 philosophus
1438 676 1536 730 tali
1597 675 1831 745 civitati,

124 746 341 818 qualem
384 747 443 800 in
494 746 700 801 Politia
743 747 936 815 finxit,
1000 765 1125 801 cum
1170 748 1238 803 iis
1289 747 1635 816 civitatibus,
1692 764 1840 816 quae

121 836 315 872 revera
382 837 446 872 re
486 819 786 888 erirentur,
853 818 1195 873 intercedere
1261 819 1516 873 voluerit.
1621 816 1842 886 Quibus

123 890 392 962 expositis
464 888 625 944 eiude
647 889 999 959 docebimuS,
1033 890 1212 961 'ipsam
1249 890 1399 943 illam
1440 889 1678 944 civitatis
1715 900 1842 961 spe-

123 961 262 1015 ciem
308 962 638 1016 necessitate
676 960 915 1032 quadam
964 960 1236 1031 effecisse,
1275 969 1352 1020 3ut
1400 962 1562 1016 Plato
1614 978 1679 1015 ea
1716 970 1844 1014 san-

122 1033 261 1087 ciret
294 1045 351 1087 et
384 1033 613 1106 publice
653 1034 1043 1102 constitueret,
1085 1051 1225 1103 quae
1261 1034 1318 1087 in
1357 1034 1562 1087 Politia
1599 1033 1841 1105 plerum-

123 1123 231 1176 que
266 1105 406 1158 mira
429 1112 595 1176 atque
619 1104 914 1159 insolentia
949 1104 1069 1158 visa
1104 1119 1250 1158 sunt.
1325 1105 1469 1158 Tum
1506 1119 1636 1159 vero
1677 1104 1840 1158 etiam

121 1176 317 1250 paucis
382 1175 882 1231 demonstrabimus
943 1176 1001 1229 in
1064 1176 1174 1230 illis
1227 1176 1544 1231 sanciendis
1594 1176 1843 1249 philoso-

121 1246 295 1320 phum
318 1266 421 1302 nec
443 1265 670 1331 prorsus
695 1267 728 1302 a
750 1248 896 1302 vitae
923 1266 1028 1302 usu
1059 1247 1429 1319 abhorruisse,
1459 1248 1560 1302 sed
1589 1260 1843 1302 verarum

123 1318 410 1375 civitatum
455 1320 711 1374 instituta
773 1319 845 1373 ad
905 1318 1248 1373 decretorum
1312 1336 1549 1374 suorum·
1595 1335 1842 1374 normam

108 1390 535 1445 accommodata
582 1390 917 1463 reipublicae
970 1409 1103 1444 suae
1153 1390 1490 1446 adhibuisse.
1582 1391 1842 1474 Denique

119 1462 303 1535 ipsum
382 1463 546 1516 etiam
603 1463 956 1536 probabimus
1018 1463 1100 1517 ita
1161 1464 1437 1533 sensisse,
1524 1471 1590 1517 ut
1624 1463 1844 1517 ·civ1ta-

122 1540 268 1603 tem,
327 1535 506 1605 qualis
566 1553 599 1587 a
669 1551 728 1588 se
790 1534 1016 1590 condita
1064 1539 1238 1604 esset',
1304 1535 1554 1606 quamvis
1601 1535 1669 1589 ab
1738 1553 1844 1588 usu

123 1604 341 1677 vulgari
391 1605 807 1676 abhorrentem,
857 1612 1040 1660 tamen
1093 1612 1148 1659 et
1183 1625 1255 1678 po
1300 1607 1697 1661 ularibus'suis
1736 1607 1844 1659 uti-

123 1675 231 1730 lem
290 1693 411 1732 esse
459 1684 516 1731 et
567 1695 761 1731 revera
800 1677 1115 1748 aliquando>
1140 1678 1238 1732 fun
1282 1679 1361 1732 ari
1399 1686 1566 1752 posse
1605 1679 1710 1733 sibi
1747 1692 1843 1750 pe-

125 1747 278 1802 nitus
328 1749 685 1825 persuaserit.
771 1747 992 1816 Quibus
1043 1750 1296 1804 omnibus
1346 1750 1652 1822 explanatis
1694 1751 1843 1804 futu-

124 1837 246 1873 rum
284 1838 409 1875 esse
446 1823 757 1892 speramus,
794 1828 888 1888 ut,
933 1837 1096 1891 quam
1135 1828 1303 1893 supra
1340 1821 1733 1894 explicavimus
1775 1820 1844 1876 de

124 1891 305 1964 operis
354 1890 624 1946 Platonici
674 1892 982 1963 rationibus
1019 1893 1377 1963 sententiam,
1435 1910 1554 1948 eam
1596 1893 1845 1967 legentes

112 1962 289 2016 'etiam
329 1962 614 2034 aliquanto
650 1963 930 2019 lubentius
962 1964 1381 2036 amplectantur.

270 2034 466 2107 Itaque
504 2035 738 2107 primum
776 2033 1001 2109 ‚quidem
1039 2032 1135 2090 ubi
1176 2038 1509 2107 quaerimus,
1552 2055 1846 2108 quemnam

123 2100 307 2160 locum
349 2105 715 2180 philosophus
764 2107 976 2161 civitati
1016 2126 1147 2162 suae
1185 2108 1375 2163 habita
1411 2109 1722 2182 vulgarium
1767 2110 1845 2164 ci-

123 2177 359 2232 vitatum
394 2178 607 2233 ratione
645 2177 1041 2251 assignandum
1073 2181 1371 2253 putaverit,
1413 2182 1547 2236 satis
1586 2188 1739 2235 certo
1778 2180 1847 2234 de

123 2249 431 2307 rationibus
469 2250 824 2305 consiliorum
865 2259 920 2304 et
943 2250 1273 2306 iudiciorum
1309 2253 1484 2324 ipsius
1522 2272 1588 2307 eo
1625 2253 1847 2307 nomine

125 2329 381 2376 constare
425 2322 768 2377 arbitramur.
857 2321 1076 2376 Etenim
1130 2342 1299 2395 quum
1350 2325 1507 2379 locus
1558 2323 1627 2379 de
1683 2323 1849 2380 disc-i-

125 2392 277 2464 plina
320 2393 470 2448 civili
523 2393 730 2466 triplici
778 2393 944 2448 modo
991 2399 1187 2466 posset
1235 2396 1593 2468 pertractari,
1650 2403 1714 2450 ut
1760 2396 1850 2451 vel

125 2464 401 2537 perfectae
450 2465 689 2520 civitatis
740 2465 1021 2538 exemplar
1055 2475 1475 2540 proponeretur,
1521 2468 1681 2539 quale
1719 2471 1850 2523 nus-

130 2553 294 2608 quam
342 2544 610 2591 terrarum
653 2537 1016 2610 reperiretur,
1056 2537 1144 2593 v'el
1185 2558 1250 2593 ea
1289 2539 1619 2594 conderetur
1656 2556 1850 2615 respu-

125 2606 288 2677 blica,
367 2626 468 2662 uae
511 2608 658 2663 vitae
693 2609 818 2662 usui
857 2616 1221 2682 attemperata
1279 2631 1441 2683 quam
1478 2612 1726 2685 proxime
1763 2619 1847 2665 ta-

126 2696 252 2734 men
301 2698 333 2732 a
421 2678 583 2735 huius
621 2679 962 2753 exemplaris*
985 2680 1273 2737 accederet
1308 2683 1722 2755 praestantiam,
1760 2683 1850 2737 vel

129 2748 365 2822 denique
403 2751 586 2806 animo
629 2750 699 2805 ad
746 2764 859 2820 eas,
901 2769 1042 2823 quae
1081 2762 1293 2822 essent,
1346 2754 1600 2809 civitates
1632 2753 1850 2809 adiecto

131 2818 440 2893 doceretur,
481 2822 759 2894 quomodo
812 2823 1064 2897 singulae
1103 2843 1244 2896 quae
1284 2834 1470 2880 essent
1506 2826 1850 2900 respublicae

130 2892 406 2949 emendari
465 2904 521 2949 et
556 2894 628 2950 ad
667 2895 905 2967 aliquam
951 2913 1073 2949 cum
1112 2895 1360 2969 perfecta
1397 2897 1621 2953 civitate
1660 2897 1850 2953 simili-

129 2964 379 3023 tudinem
431 2965 632 3021 adduci
682 2974 949 3040 possent3
1010 2967 1171 3022 Plato
1224 2981 1352 3022 ante
1387 2969 1571 3024 omnia
1609 2971 1851 3040 optimae

131 3035 372 3093 civitatis
410 3038 689 3111 exemplar
724 3037 1146 3112 proponendum
1186 3039 1479 3112 iudicavit,
1533 3040 1678 3095 unde
1716 3041 1852 3096 faci-

131 3106 237 3163 lius
274 3118 730 3186 cognosceretur,
782 3109 916 3235 quid
957 3109 1028 3164 dc
1068 3112 1571 3183 praestantissimae
1610 3112 1851 3168 civitatis

828 3182 956 3236 icari
1010 3188 1305 3255 oporteret.
1395 3183 1564 3253 Quod
1631 3184 1852 3257 quidem

133 3250 418 3307 consilium
470 3272 626 3308 sunm
675 3253 691 3307 i
736 3272 795 3308 se
836 3253 1139 3308 declaravit
1174 3254 1309 3311 locis
1347 3269 1609 3329 perquam
1649 3275 1852 3310 memo-

132 3320 397 3379 rabilibus
445 3324 624 3403 Legg.
679 3326 695 3379 l
764 3367 776 3380 .
815 3345 868 3399 p.
920 3326 1042 3379 859.
1085 3324 1150 3381 C.
1188 3344 1243 3399 p.
1284 3328 1409 3383 8Ἱ6.4
1444 3331 1499 3382 A
1536 3358 1606 3368 —
1645 3327 1713 3381 E.
1753 3328 1853 3382 im-

134 3393 433 3465 primisque
482 3396 661 3469 Legg.
698 3398 771 3451 V.
814 3416 866 3470 p.
910 3398 1035 3455 739.
1088 3398 1156 3451 A.
1197 3430 1261 3439 —-
1306 3400 1371 3453 E.
1413 3398 1559 3454 undo
1597 3398 1852 3469 intelligi-
