2106 3594
262 156 373 209 LX

409 297 620 351 Verum
655 294 790 348 satis
828 293 963 346 haec
1004 291 1072 346 de
1107 294 1339 352 consilio
1379 303 1434 348 et
1471 293 1773 365 propositO,
1815 293 1965 365 quod

266 369 430 422 Plato
467 375 728 436 tanquam
769 364 1017 418 ultimum
1054 372 1222 434 atque
1262 384 1531 420 summum
1567 367 1624 418 in
1651 384 1816 436 opere
1854 385 1967 419 am-

268 440 511 512 plissimo
575 435 863 491 scribendo
929 443 1197 504 sequutus
1249 446 1350 492 est.
1439 438 1682 508 Tempus
1731 445 1818 490 est
1869 438 1967 489 ali-

268 509 488 581 quando
528 508 787 563 accedere
827 506 898 560 ad
934 507 1163 560 alterum
1217 508 1384 578 illud,
1434 508 1584 578 quod
1619 527 1790 580 supra
1825 507 1968 561 iudi-

268 583 673 636 cavimus-<cum
710 579 805 632 illo
841 578 1068 632 oonsilio
1106 585 1366 648 tanquam
1393 580 1776 633 secundarium
1809 578 1970 649 quid-

268 653 425 720 dam,
486 659 599 720 aut,
639 651 683 705 si
724 650 930 718 mavis,
974 657 1232 720 tanquam
1270 654 1699 718 consectarium,
1740 653 1971 705 coniun-

269 732 417 778 ctum
473 742 612 778 esse.
700 722 970 776 Nolumus
1009 722 1162 774 enim.
1189 724 1295 775 iam
1334 723 1746 777 discernereac
1785 741 1970 794 segre-

269 815 400 868 gare
447 795 676 847 alterum
726 793 794 846 ab
844 794 1050 862 altero,
1101 793 1368 862 siqnidem
1406 803 1698 864 utrumque
1735 792 1972 863 deniqne

269 867 430 938 plane
478 866 678 919 eodem
727 865 985 934 pertinet.
1062 865 1348 918 ‘Nimirum
1399 865 1560 919 Plato
1610 866 1742 918 dum
1779 866 1972 918 civita-

268 946 380 991 tem
431 948 553 991 c'um
604 935 823 989 homine
872 955 936 989 ac
984 935 1227 990 vicissim
1266 936 1539 989 hominem
1577 956 1698 990 cum
1751 936 1974 990 civitate

270 1008 597 1080 composuit,
636 1008 797 1061 simul
835 1009 1000 1061 etiam
1035 1007 1142 1060 hoc
1178 1015 1263 1061 est
1299 1007 1703 1077 consequutus,
1750 1016 1815 1061 ut
1852 1007 1974 1079 phi-

270 1080 576 1150 losophiam
627 1098 891 1150 apparere
941 1078 1167 1132 deberet
1218 1098 1330 1131 non
1380 1079 1546 1132 modo
1597 1079 1669 1132 ad
1705 1080 1975 1151 privatam

271 1152 538 1220 cuiusque
576 1150 846 1219 hominiS,
897 1149 996 1204 sed
1050 1151 1211 1203 etiam
1249 1150 1319 1202 ad
1359 1169 1696 1204 communem
1735 1152 1976 1204 omnium

271 1224 475 1277 civium
511 1223 768 1276 virtutem
805 1240 870 1275 ac
908 1222 1229 1276 beatitatem
1268 1222 1561 1292 plurimum
1597 1223 1781 1276 valere
1821 1222 1976 1276 ideo-

273 1314 379 1366 que
417 1313 517 1365 pro
556 1312 686 1347 vera
723 1301 838 1347 arte
878 1293 1025 1346 civili
1063 1312 1182 1346 esse
1223 1292 1577 1364 probandam.

415 1385 638 1456 Quippe
673 1383 814 1439 vidit
849 1403 979 1439 sane
1016 1383 1409 1455 philosophus,
1449 1385 1667 1454 quantis
1705 1403 1827 1438 cum
1864 1405 1979 1438 ma-

271 1459 341 1512 lis
390 1457 601 1530 patriae
658 1475 788 1510 suae
836 1456 1090 1527 privatim
1140 1464 1192 1507 at
1234 1475 1302 1508 ue
1342 1456 1560 1527 publice
1601 1455 1808 1509 dudum
1846 1476 1977 1510 eon-

272 1528 593 1584 fiictandum
650 1539 824 1594 esset,
878 1475 1325 1596 quandoquidem
1380 1534 1434 1580 et
1483 1527 1980 1597 perniciosissimae

273 1602 558 1674 opiniones
611 1597 679 1651 de
727 1617 888 1666 ver0,
939 1597 1086 1650 iusto
1138 1606 1192 1650 et
1247 1598 1479 1652 honesto
1527 1598 1672 1652 inter
1757 1599 1979 1671 epulum

273 1679 460 1729 essent
521 1669 938 1738 disseminatae,
1003 1677 1058 1722 et
1124 1668 1362 1723 Athenis
1414 1670 1648 1723 maxime
1743 1672 1981 1725 irissima

272 1743 552 1818 popularis
591 1740 874 1812 regiminis
910 1741 1047 1793 vitia
1075 1741 1433 1808 exstitissent,
1475 1742 1674 1811 quibus
1712 1741 1831 1796 fieri
1868 1761 1979 1796 non

273 1822 464 1888 posset
514 1813 646 1882 quin
698 1811 934 1880 denique
990 1811 1182 1865 salutis
1222 1811 1474 1882 publicae
1512 1817 1672 1866 ruina
1709 1814 1978 1867 accelera-

274 1896 438 1941 retur.
527 1884 762 1937 Constat
813 1882 954 1935 enim
1005 1883 1112 1936 illis
1150 1883 1507 1954 temporibus,
1549 1884 1748 1954 quibus
1787 1905 1974 1956 respu-

272 1959 418 2013 blica
470 1954 889 2010 Atheniensium
941 1955 1048 2006 iam
1104 1954 1289 2007 multis
1345 1955 1465 2008 aliis
1514 1955 1823 2010 nominibus
1863 1965 1980 2011 erat

274 2031 469 2084 misere
509 2026 716 2080 afflicta
752 2025 838 2093 ⁸⁸),
888 2026 1164 2078 nationem
1205 2025 1573 2096 sophistarum
1610 2032 1666 2080 et
1703 2036 1977 2082 oratorum

276 2101 586 2167 exstitisse,
657 2097 784 2167 qui,
849 2117 1015 2166 quum
1067 2117 1179 2150 non
1230 2098 1406 2150 solum
1453 2099 1830 2169 eloquentiae,
1882 2099 1979 2154 sed

277 2173 439 2227 etiam
478 2169 699 2223 virtutis
733 2167 821 2220 vel
861 2167 1193 2222 domesticae
1217 2170 1303 2221 vel
1344 2169 1517 2223 civilis
1555 2170 1856 2226 tradendae
1895 2192 1979 2225 ar·-

277 2253 386 2299 tem
444 2241 836 2313 profiterentur
882 2239 995 2310 **),
1060 2240 1389 2311 turpissimis
1452 2240 1803 2312 opinionibus
1865 2243 1977 2298 suis

276 2335 492 2383 omnem
551 2312 772 2366 virtutis
844 2311 1227 2365 auctoritatem
1300 2319 1608 2365 everterent
1683 2333 1978 2384 veramque

277 2385 516 2441 civitatis
546 2383 801 2437 'salutem
860 2383 918 2435 in
969 2402 1236 2436 summum
1284 2383 1578 2437 discrimen
1628 2383 1977 2441 adducerent.

276 2458 423 2512 Nam
475 2475 642 2526 quum
692 2454 770 2507 illi
822 2453 944 2524 ipso
983 2454 1214 2508 Platone
1254 2462 1397 2508 teste
1435 2462 1695 2526 tanquam
1735 2455 1998 2528 discipli-¹

278 2549 468 2582 narum
507 2546 784 2598 caupones
823 2526 992 2579 solius
1019 2526 1156 2579 lucri
1195 2546 1360 2580 causa
1385 2527 1519 2581 alios
1557 2526 1819 2581 docerent
1842 2530 1977 2600 ¹⁸**),

277 2621 387 2654 non
425 2598 562 2652 illud
600 2598 885 2665 curabant,
924 2598 1055 2667 quid
1098 2618 1197 2669 per
1235 2618 1293 2652 se
1333 2613 1481 2652 esset
1518 2619 1735 2668 verum,
1775 2599 1978 2654 iustum

279 2680 334 2725 et
381 2672 707 2738 honestum,
749 2668 847 2723 sed
887 2670 1038 2738 quod
1076 2671 1162 2740 iis,
1204 2690 1435 2740 quorum
1473 2671 1702 2746 gratiam
1740 2691 1979 2743 aucupa-

281 2830 614 2841 ...——-—--—-—

360 2932 399 2982 *)
443 2929 771 3033 gblLeggbgg'
804 2943 831 3027 p
878 2930 962 2974 698
995 2943 1090 2982 sqq.
1124 2928 1261 2982 Gorg.
1293 2927 1379 2972 513
1409 2942 1508 2980 sqq.
1547 2928 1616 2968 De
1651 2928 1758 2981 Rep.
1783 2929 1902 2971 vlu.
1938 2943 1978 2982 p.

570 3012 625 3017 -—
747 3021 757 3030 .
789 3002 815 3028 a
836 3018 847 3028 .

342 3076 415 3128 W)
460 3075 514 3118 V.
560 3075 796 3126 Protagor.
839 3087 878 3126 p.
916 3073 1016 3116 318.
1057 3073 1110 3113 E.
1170 3073 1349 3114 Menon.
1389 3085 1430 3123 p.
1473 3071 1543 3114 91.
1606 3073 1656 3111 Α.
1698 3072 1834 3123 Hipp.
1874 3072 1978 3113 Mai.

449 3146 491 3184 p.
524 3132 623 3176 296.
658 3137 707 3172 Α.
739 3132 934 3184 Euthyd.
967 3131 1067 3175 273.
1100 3131 1159 3170 D.
1216 3130 1285 3182 De
1316 3130 1425 3181 Rep.
1458 3129 1512 3171 X.
1544 3142 1586 3181 p.
1617 3129 1717 3172 600.
1748 3129 1804 3171 D.

306 3211 398 3258 ΜΨ)
441 3212 492 3253 V.
525 3211 761 3262 Protagor.
795 3223 835 3262 p.
871 3209 970 3253 313.
1011 3209 1059 3249 C.
1094 3208 1293 3260 Sophist.
1327 3221 1367 3260 p.
1402 3206 1501 3250 224.
1536 3208 1593 3248 al.
1656 3208 1859 3248 Ceterum
1899 3221 1976 3248 no-

451 3269 568 3307 mine
610 3268 907 3320 sophistarum
948 3268 1278 3319 complectimur
1321 3266 1451 3306 etiam
1485 3279 1586 3317 eos,
1623 3267 1698 3318 qui
1729 3278 1775 3306 se
1806 3266 1978 3306 dicendi

447 3326 684 3377 magistros
730 3326 1072 3377 profitebantur,
1122 3323 1419 3377 sophistarum
1465 3322 1549 3376 ipsi
1594 3335 1753 3364 nomen
1795 3336 1975 3376 sperne-

448 3383 568 3433 bant,
602 3389 648 3422 ut
679 3382 887 3435 Gorgias.
