<?xml version="1.0" encoding="UTF-8"?>
<!DOCTYPE html PUBLIC "-//W3C//DTD XHTML 1.0 Transitional//EN"
    "http://www.w3.org/TR/xhtml1/DTD/xhtml1-transitional.dtd">
<html xmlns="http://www.w3.org/1999/xhtml" xml:lang="en" lang="en">
 <head>
  <title>
</title>
<meta http-equiv="Content-Type" content="text/html;charset=utf-8" />
  <meta name='ocr-system' content='tesseract 3.04.00' />
  <meta name='ocr-capabilities' content='ocr_page ocr_carea ocr_par ocr_line ocrx_word'/>
</head>
<body>
  <div class='ocr_page' id='page_1' title='image "./operaomniarecens03platuoft/operaomniarecens03platuoft_0454.png"; bbox 0 0 2098 3658; ppageno 0'>
   <div class='ocr_carea' id='block_1_1' title="bbox 270 139 1411 198">
    <p class='ocr_par' dir='ltr' id='par_1_1' title="bbox 270 139 1411 198">
     <span class='ocr_line' id='line_1_1' title="bbox 270 139 1411 198; baseline -0.003 -1"><span class='ocrx_word' id='word_1_1' title='bbox 270 146 374 198; x_wconf 76' lang='lat'>312</span> <span class='ocrx_word' id='word_1_2' title='bbox 833 139 1411 194; x_wconf 75' lang='lat' dir='ltr'>ARGUMENTUM</span> 
     </span>
    </p>
   </div>
   <div class='ocr_carea' id='block_1_2' title="bbox 271 282 1980 712">
    <p class='ocr_par' dir='ltr' id='par_1_2' title="bbox 271 282 1980 712">
     <span class='ocr_line' id='line_1_2' title="bbox 271 282 1976 354; baseline -0.002 -16"><span class='ocrx_word' id='word_1_3' title='bbox 271 304 450 354; x_wconf 88' lang='lat' dir='ltr'>neque</span> <span class='ocrx_word' id='word_1_4' title='bbox 488 283 664 337; x_wconf 80' lang='lat' dir='ltr'>aliena</span> <span class='ocrx_word' id='word_1_5' title='bbox 702 291 918 336; x_wconf 85' lang='lat' dir='ltr'>tractet.</span> <span class='ocrx_word' id='word_1_6' title='bbox 1009 282 1287 350; x_wconf 79' lang='lat' dir='ltr'>Quocirca</span> <span class='ocrx_word' id='word_1_7' title='bbox 1325 283 1534 336; x_wconf 84' lang='lat' dir='ltr'>civitati</span> <span class='ocrx_word' id='word_1_8' title='bbox 1569 285 1743 345; x_wconf 57' lang='lat' dir='ltr'>recte&#39;g</span> <span class='ocrx_word' id='word_1_9' title='bbox 1770 283 1976 336; x_wconf 88' lang='lat' dir='ltr'>tribue-</span> 
     </span>
     <span class='ocr_line' id='line_1_3' title="bbox 271 354 1976 426; baseline -0.002 -17"><span class='ocrx_word' id='word_1_10' title='bbox 271 365 360 409; x_wconf 90' lang='lat' dir='ltr'>tur</span> <span class='ocrx_word' id='word_1_11' title='bbox 395 356 639 423; x_wconf 87' lang='lat' dir='ltr'>iustitia,</span> <span class='ocrx_word' id='word_1_12' title='bbox 699 363 965 424; x_wconf 87' lang='lat' dir='ltr'>quatenus</span> <span class='ocrx_word' id='word_1_13' title='bbox 1011 363 1124 408; x_wconf 88' lang='lat' dir='ltr'>tres</span> <span class='ocrx_word' id='word_1_14' title='bbox 1161 355 1239 412; x_wconf 90' lang='lat' dir='ltr'>illi</span> <span class='ocrx_word' id='word_1_15' title='bbox 1279 354 1479 408; x_wconf 90' lang='lat' dir='ltr'>civium</span> <span class='ocrx_word' id='word_1_16' title='bbox 1518 355 1765 421; x_wconf 76' lang='lat' dir='ltr'>ordines,</span> <span class='ocrx_word' id='word_1_17' title='bbox 1818 354 1976 426; x_wconf 87' lang='lat' dir='ltr'>opifi-</span> 
     </span>
     <span class='ocr_line' id='line_1_4' title="bbox 272 426 1979 496; baseline -0.001 -15"><span class='ocrx_word' id='word_1_18' title='bbox 272 446 394 496; x_wconf 85' lang='lat' dir='ltr'>ceS,</span> <span class='ocrx_word' id='word_1_19' title='bbox 436 426 722 494; x_wconf 72' lang='lat' dir='ltr'>custodes,</span> <span class='ocrx_word' id='word_1_20' title='bbox 778 427 1059 496; x_wconf 81' lang='lat' dir='ltr'>principes</span> <span class='ocrx_word' id='word_1_21' title='bbox 1101 427 1217 480; x_wconf 89' lang='lat' dir='ltr'>sive</span> <span class='ocrx_word' id='word_1_22' title='bbox 1253 434 1522 495; x_wconf 77' lang='lat' dir='ltr'>rectoreS,</span> <span class='ocrx_word' id='word_1_23' title='bbox 1561 427 1740 482; x_wconf 92' lang='lat' dir='ltr'>missis</span> <span class='ocrx_word' id='word_1_24' title='bbox 1789 426 1979 480; x_wconf 88' lang='lat' dir='ltr'>alienis</span> 
     </span>
     <span class='ocr_line' id='line_1_5' title="bbox 272 496 1978 571; baseline -0.002 -19"><span class='ocrx_word' id='word_1_25' title='bbox 272 499 537 571; x_wconf 88' lang='lat' dir='ltr'>negotiis,</span> <span class='ocrx_word' id='word_1_26' title='bbox 589 518 747 551; x_wconf 91' lang='lat' dir='ltr'>suum</span> <span class='ocrx_word' id='word_1_27' title='bbox 788 505 963 568; x_wconf 78' lang='lat' dir='ltr'>atque</span> <span class='ocrx_word' id='word_1_28' title='bbox 1009 499 1289 570; x_wconf 90' lang='lat' dir='ltr'>proprium</span> <span class='ocrx_word' id='word_1_29' title='bbox 1341 498 1476 568; x_wconf 86' lang='lat' dir='ltr'>ipsis</span> <span class='ocrx_word' id='word_1_30' title='bbox 1514 517 1710 552; x_wconf 90' lang='lat' dir='ltr'>munus</span> <span class='ocrx_word' id='word_1_31' title='bbox 1747 496 1978 550; x_wconf 90' lang='lat' dir='ltr'>admini-</span> 
     </span>
     <span class='ocr_line' id='line_1_6' title="bbox 274 568 1978 638; baseline -0.001 -14"><span class='ocrx_word' id='word_1_32' title='bbox 274 578 478 636; x_wconf 84' lang='lat' dir='ltr'>strant3</span> <span class='ocrx_word' id='word_1_33' title='bbox 515 578 709 623; x_wconf 90' lang='lat' dir='ltr'>contra</span> <span class='ocrx_word' id='word_1_34' title='bbox 746 568 1251 638; x_wconf 76' lang='grc' dir='ltr'><em>πολυπραγμοσύνη</em></span> <span class='ocrx_word' id='word_1_35' title='bbox 1286 569 1503 623; x_wconf 87' lang='lat' dir='ltr'>illorum</span> <span class='ocrx_word' id='word_1_36' title='bbox 1541 568 1810 638; x_wconf 85' lang='lat' dir='ltr'>ordinum,</span> <span class='ocrx_word' id='word_1_37' title='bbox 1838 588 1978 638; x_wconf 87' lang='lat' dir='ltr'>quae</span> 
     </span>
     <span class='ocr_line' id='line_1_7' title="bbox 273 641 1980 712; baseline -0.001 -18"><span class='ocrx_word' id='word_1_38' title='bbox 273 649 586 695; x_wconf 87' lang='lat' dir='ltr'>mutuorum</span> <span class='ocrx_word' id='word_1_39' title='bbox 625 641 930 696; x_wconf 88' lang='lat' dir='ltr'>officiorum</span> <span class='ocrx_word' id='word_1_40' title='bbox 965 642 1231 695; x_wconf 85' lang='lat' dir='ltr'>rationem</span> <span class='ocrx_word' id='word_1_41' title='bbox 1266 661 1479 694; x_wconf 89' lang='lat' dir='ltr'>omnem</span> <span class='ocrx_word' id='word_1_42' title='bbox 1518 642 1811 696; x_wconf 84' lang='lat' dir='ltr'>conturbat</span> <span class='ocrx_word' id='word_1_43' title='bbox 1858 641 1980 712; x_wconf 93' lang='lat' dir='ltr'>plu-</span> 
     </span>
    </p>
   </div>
   <div class='ocr_carea' id='block_1_3' title="bbox 274 712 1981 839">
    <p class='ocr_par' dir='ltr' id='par_1_3' title="bbox 274 712 1981 839">
     <span class='ocr_line' id='line_1_8' title="bbox 274 712 1981 784; baseline 0 -19"><span class='ocrx_word' id='word_1_44' title='bbox 274 713 580 783; x_wconf 90' lang='lat' dir='ltr'>rimumque</span> <span class='ocrx_word' id='word_1_45' title='bbox 615 713 826 766; x_wconf 87' lang='lat' dir='ltr'>civitati</span> <span class='ocrx_word' id='word_1_46' title='bbox 857 712 1016 766; x_wconf 85' lang='lat' dir='ltr'>affert</span> <span class='ocrx_word' id='word_1_47' title='bbox 1060 713 1400 782; x_wconf 75' lang='lat' dir='ltr'>detrimenti,</span> <span class='ocrx_word' id='word_1_48' title='bbox 1442 734 1544 784; x_wconf 89' lang='lat' dir='ltr'>pro</span> <span class='ocrx_word' id='word_1_49' title='bbox 1582 713 1852 767; x_wconf 88' lang='lat' dir='ltr'>iniustitia</span> <span class='ocrx_word' id='word_1_50' title='bbox 1883 713 1981 766; x_wconf 88' lang='lat' dir='ltr'>ha-</span> 
     </span>
     <span class='ocr_line' id='line_1_9' title="bbox 280 783 1030 839; baseline 0 -1"><span class='ocrx_word' id='word_1_51' title='bbox 280 784 462 838; x_wconf 90' lang='lat' dir='ltr'>benda</span> <span class='ocrx_word' id='word_1_52' title='bbox 501 787 620 839; x_wconf 92' lang='lat' dir='ltr'>erit.</span> <span class='ocrx_word' id='word_1_53' title='bbox 696 786 759 838; x_wconf 92' lang='lat' dir='ltr'>P.</span> <span class='ocrx_word' id='word_1_54' title='bbox 798 786 922 838; x_wconf 83' lang='lat'>434.</span> <span class='ocrx_word' id='word_1_55' title='bbox 961 783 1030 838; x_wconf 87' lang='lat' dir='ltr'>C.</span> 
     </span>
    </p>
   </div>
   <div class='ocr_carea' id='block_1_4' title="bbox 275 884 1986 1602">
    <p class='ocr_par' dir='ltr' id='par_1_4' title="bbox 275 884 1986 1602">
     <span class='ocr_line' id='line_1_10' title="bbox 422 884 1982 956; baseline -0.002 -16"><span class='ocrx_word' id='word_1_56' title='bbox 422 884 537 940; x_wconf 84' lang='lat' dir='ltr'>Sed</span> <span class='ocrx_word' id='word_1_57' title='bbox 588 893 652 939; x_wconf 91' lang='lat' dir='ltr'>ut</span> <span class='ocrx_word' id='word_1_58' title='bbox 698 885 898 939; x_wconf 87' lang='lat' dir='ltr'>clarius</span> <span class='ocrx_word' id='word_1_59' title='bbox 950 885 1114 938; x_wconf 88' lang='lat' dir='ltr'>etiam</span> <span class='ocrx_word' id='word_1_60' title='bbox 1149 892 1414 956; x_wconf 81' lang='lat' dir='ltr'>appareat</span> <span class='ocrx_word' id='word_1_61' title='bbox 1452 898 1639 939; x_wconf 85' lang='lat' dir='ltr'>veram</span> <span class='ocrx_word' id='word_1_62' title='bbox 1679 903 1800 939; x_wconf 84' lang='lat' dir='ltr'>esse</span> <span class='ocrx_word' id='word_1_63' title='bbox 1838 885 1982 938; x_wconf 85' lang='lat' dir='ltr'>hanc</span> 
     </span>
     <span class='ocr_line' id='line_1_11' title="bbox 275 955 1984 1026; baseline -0.001 -16"><span class='ocrx_word' id='word_1_64' title='bbox 275 958 519 1012; x_wconf 90' lang='lat' dir='ltr'>iustitiae</span> <span class='ocrx_word' id='word_1_65' title='bbox 584 965 641 1011; x_wconf 91' lang='lat' dir='ltr'>et</span> <span class='ocrx_word' id='word_1_66' title='bbox 701 957 1002 1012; x_wconf 87' lang='lat' dir='ltr'>iniustitiae</span> <span class='ocrx_word' id='word_1_67' title='bbox 1064 955 1466 1026; x_wconf 88' lang='lat' dir='ltr'>definitionem,</span> <span class='ocrx_word' id='word_1_68' title='bbox 1544 956 1800 1011; x_wconf 84' lang='lat' dir='ltr'>Socrates</span> <span class='ocrx_word' id='word_1_69' title='bbox 1866 975 1984 1010; x_wconf 89' lang='lat' dir='ltr'>eam</span> 
     </span>
     <span class='ocr_line' id='line_1_12' title="bbox 276 1027 1982 1101; baseline -0.001 -19"><span class='ocrx_word' id='word_1_70' title='bbox 276 1048 423 1083; x_wconf 87' lang='lat' dir='ltr'>nunc</span> <span class='ocrx_word' id='word_1_71' title='bbox 482 1027 553 1081; x_wconf 86' lang='lat' dir='ltr'>ad</span> <span class='ocrx_word' id='word_1_72' title='bbox 627 1029 874 1101; x_wconf 84' lang='lat' dir='ltr'>singulos</span> <span class='ocrx_word' id='word_1_73' title='bbox 949 1028 1194 1083; x_wconf 85' lang='lat' dir='ltr'>homines</span> <span class='ocrx_word' id='word_1_74' title='bbox 1277 1027 1712 1083; x_wconf 78' lang='lat' dir='ltr'>transferendam</span> <span class='ocrx_word' id='word_1_75' title='bbox 1777 1037 1982 1082; x_wconf 86' lang='lat' dir='ltr'>censet.</span> 
     </span>
     <span class='ocr_line' id='line_1_13' title="bbox 277 1099 1982 1172; baseline -0.002 -18"><span class='ocrx_word' id='word_1_76' title='bbox 277 1101 630 1172; x_wconf 84' lang='lat' dir='ltr'>Propositum</span> <span class='ocrx_word' id='word_1_77' title='bbox 668 1102 810 1153; x_wconf 90' lang='lat' dir='ltr'>enim</span> <span class='ocrx_word' id='word_1_78' title='bbox 849 1099 1009 1153; x_wconf 89' lang='lat' dir='ltr'>nobis</span> <span class='ocrx_word' id='word_1_79' title='bbox 1047 1100 1167 1168; x_wconf 90' lang='lat' dir='ltr'>fuit,</span> <span class='ocrx_word' id='word_1_80' title='bbox 1203 1101 1401 1170; x_wconf 89' lang='lat' dir='ltr'>inquit,</span> <span class='ocrx_word' id='word_1_81' title='bbox 1441 1112 1504 1154; x_wconf 85' lang='lat' dir='ltr'>ut</span> <span class='ocrx_word' id='word_1_82' title='bbox 1540 1101 1805 1154; x_wconf 87' lang='lat' dir='ltr'>iustitiam</span> <span class='ocrx_word' id='word_1_83' title='bbox 1829 1100 1982 1170; x_wconf 89' lang='lat' dir='ltr'>prius</span> 
     </span>
     <span class='ocr_line' id='line_1_14' title="bbox 276 1171 1983 1244; baseline -0.002 -18"><span class='ocrx_word' id='word_1_84' title='bbox 276 1173 335 1226; x_wconf 91' lang='lat' dir='ltr'>in</span> <span class='ocrx_word' id='word_1_85' title='bbox 379 1172 583 1226; x_wconf 89' lang='lat' dir='ltr'>maiore</span> <span class='ocrx_word' id='word_1_86' title='bbox 639 1173 822 1242; x_wconf 89' lang='lat' dir='ltr'>aliqua</span> <span class='ocrx_word' id='word_1_87' title='bbox 883 1179 938 1225; x_wconf 90' lang='lat' dir='ltr'>et</span> <span class='ocrx_word' id='word_1_88' title='bbox 998 1171 1291 1226; x_wconf 85' lang='lat' dir='ltr'>illustriore</span> <span class='ocrx_word' id='word_1_89' title='bbox 1355 1191 1413 1224; x_wconf 91' lang='lat' dir='ltr'>re</span> <span class='ocrx_word' id='word_1_90' title='bbox 1475 1173 1983 1244; x_wconf 85' lang='lat' dir='ltr'>contemplaremur,</span> 
     </span>
     <span class='ocr_line' id='line_1_15' title="bbox 279 1243 1984 1314; baseline 0 -18"><span class='ocrx_word' id='word_1_91' title='bbox 279 1244 538 1314; x_wconf 90' lang='lat' dir='ltr'>quoniam</span> <span class='ocrx_word' id='word_1_92' title='bbox 587 1244 666 1296; x_wconf 88' lang='lat' dir='ltr'>ita</span> <span class='ocrx_word' id='word_1_93' title='bbox 714 1244 956 1297; x_wconf 84' lang='lat' dir='ltr'>futurum</span> <span class='ocrx_word' id='word_1_94' title='bbox 1006 1250 1182 1311; x_wconf 87' lang='lat' dir='ltr'>esset,</span> <span class='ocrx_word' id='word_1_95' title='bbox 1230 1251 1292 1296; x_wconf 88' lang='lat' dir='ltr'>ut</span> <span class='ocrx_word' id='word_1_96' title='bbox 1347 1262 1465 1296; x_wconf 91' lang='lat' dir='ltr'>eam</span> <span class='ocrx_word' id='word_1_97' title='bbox 1514 1243 1728 1296; x_wconf 91' lang='lat' dir='ltr'>facilius</span> <span class='ocrx_word' id='word_1_98' title='bbox 1780 1261 1843 1296; x_wconf 87' lang='lat' dir='ltr'>co</span> <span class='ocrx_word' id='word_1_99' title='bbox 1886 1261 1984 1295; x_wconf 91' lang='lat' dir='ltr'>no—</span> 
     </span>
     <span class='ocr_line' id='line_1_16' title="bbox 279 1313 1979 1380; baseline -0.001 -12"><span class='ocrx_word' id='word_1_100' title='bbox 279 1331 587 1380; x_wconf 75' lang='lat' dir='ltr'>sceremus3</span> <span class='ocrx_word' id='word_1_101' title='bbox 636 1314 833 1368; x_wconf 89' lang='lat' dir='ltr'>deinde</span> <span class='ocrx_word' id='word_1_102' title='bbox 882 1313 1339 1370; x_wconf 87' lang='lat' dir='ltr'>descenderemus</span> <span class='ocrx_word' id='word_1_103' title='bbox 1399 1313 1470 1367; x_wconf 89' lang='lat' dir='ltr'>ad</span> <span class='ocrx_word' id='word_1_104' title='bbox 1524 1314 1848 1368; x_wconf 88' lang='lat' dir='ltr'>consideran</span> <span class='ocrx_word' id='word_1_105' title='bbox 1893 1333 1979 1366; x_wconf 90' lang='lat' dir='ltr'>am</span> 
     </span>
     <span class='ocr_line' id='line_1_17' title="bbox 279 1385 1982 1458; baseline -0.002 -18"><span class='ocrx_word' id='word_1_106' title='bbox 279 1387 440 1441; x_wconf 89' lang='lat' dir='ltr'>unius</span> <span class='ocrx_word' id='word_1_107' title='bbox 498 1387 735 1440; x_wconf 90' lang='lat' dir='ltr'>hominis</span> <span class='ocrx_word' id='word_1_108' title='bbox 783 1387 1058 1439; x_wconf 89' lang='lat' dir='ltr'>virtutem.</span> <span class='ocrx_word' id='word_1_109' title='bbox 1147 1386 1452 1455; x_wconf 90' lang='lat' dir='ltr'>Postquam</span> <span class='ocrx_word' id='word_1_110' title='bbox 1504 1385 1675 1458; x_wconf 86' lang='lat' dir='ltr'>igitur</span> <span class='ocrx_word' id='word_1_111' title='bbox 1723 1385 1982 1454; x_wconf 88' lang='lat' dir='ltr'>vidimus,</span> 
     </span>
     <span class='ocr_line' id='line_1_18' title="bbox 280 1456 1986 1529; baseline -0.001 -18"><span class='ocrx_word' id='word_1_112' title='bbox 280 1477 420 1529; x_wconf 88' lang='lat' dir='ltr'>quae</span> <span class='ocrx_word' id='word_1_113' title='bbox 474 1459 546 1512; x_wconf 90' lang='lat' dir='ltr'>sit</span> <span class='ocrx_word' id='word_1_114' title='bbox 593 1459 650 1511; x_wconf 90' lang='lat' dir='ltr'>in</span> <span class='ocrx_word' id='word_1_115' title='bbox 702 1458 909 1529; x_wconf 91' lang='lat' dir='ltr'>optima</span> <span class='ocrx_word' id='word_1_116' title='bbox 964 1457 1186 1510; x_wconf 85' lang='lat' dir='ltr'>civitate</span> <span class='ocrx_word' id='word_1_117' title='bbox 1223 1457 1467 1511; x_wconf 86' lang='lat' dir='ltr'>iustitiae</span> <span class='ocrx_word' id='word_1_118' title='bbox 1505 1466 1717 1527; x_wconf 88' lang='lat' dir='ltr'>natura,</span> <span class='ocrx_word' id='word_1_119' title='bbox 1757 1456 1986 1511; x_wconf 87' lang='lat' dir='ltr'>eandem</span> 
     </span>
     <span class='ocr_line' id='line_1_19' title="bbox 282 1529 1560 1602; baseline 0 -20"><span class='ocrx_word' id='word_1_120' title='bbox 282 1531 337 1583; x_wconf 93' lang='lat' dir='ltr'>in</span> <span class='ocrx_word' id='word_1_121' title='bbox 375 1530 594 1584; x_wconf 88' lang='lat' dir='ltr'>homine</span> <span class='ocrx_word' id='word_1_122' title='bbox 632 1529 1044 1602; x_wconf 84' lang='lat' dir='ltr'>investigemus.</span> <span class='ocrx_word' id='word_1_123' title='bbox 1122 1529 1183 1582; x_wconf 90' lang='lat' dir='ltr'>P.</span> <span class='ocrx_word' id='word_1_124' title='bbox 1222 1531 1344 1583; x_wconf 87' lang='lat'>434.</span> <span class='ocrx_word' id='word_1_125' title='bbox 1383 1529 1454 1582; x_wconf 91' lang='lat' dir='ltr'>D.</span> <span class='ocrx_word' id='word_1_126' title='bbox 1494 1529 1560 1582; x_wconf 87' lang='lat' dir='ltr'>E.</span> 
     </span>
    </p>
   </div>
   <div class='ocr_carea' id='block_1_5' title="bbox 265 1642 1988 3434">
    <p class='ocr_par' dir='ltr' id='par_1_5' title="bbox 265 1642 1988 3434">
     <span class='ocr_line' id='line_1_20' title="bbox 428 1642 1985 1713; baseline -0.001 -15"><span class='ocrx_word' id='word_1_127' title='bbox 428 1643 740 1699; x_wconf 88' lang='lat' dir='ltr'>Conveniet</span> <span class='ocrx_word' id='word_1_128' title='bbox 795 1659 925 1698; x_wconf 88' lang='lat' dir='ltr'>vero</span> <span class='ocrx_word' id='word_1_129' title='bbox 962 1643 1056 1696; x_wconf 88' lang='lat' dir='ltr'>illa</span> <span class='ocrx_word' id='word_1_130' title='bbox 1092 1643 1335 1697; x_wconf 87' lang='lat' dir='ltr'>iustitiae</span> <span class='ocrx_word' id='word_1_131' title='bbox 1375 1642 1650 1712; x_wconf 80' lang='lat' dir='ltr'>definitio,</span> <span class='ocrx_word' id='word_1_132' title='bbox 1703 1662 1864 1713; x_wconf 88' lang='lat' dir='ltr'>quam</span> <span class='ocrx_word' id='word_1_133' title='bbox 1917 1643 1985 1696; x_wconf 91' lang='lat' dir='ltr'>de</span> 
     </span>
     <span class='ocr_line' id='line_1_21' title="bbox 281 1715 1988 1788; baseline -0.002 -18"><span class='ocrx_word' id='word_1_134' title='bbox 281 1717 506 1770; x_wconf 85' lang='lat' dir='ltr'>civitate</span> <span class='ocrx_word' id='word_1_135' title='bbox 545 1716 927 1784; x_wconf 88' lang='lat' dir='ltr'>exhibuimus,</span> <span class='ocrx_word' id='word_1_136' title='bbox 965 1716 1096 1769; x_wconf 90' lang='lat' dir='ltr'>item</span> <span class='ocrx_word' id='word_1_137' title='bbox 1131 1716 1190 1768; x_wconf 90' lang='lat' dir='ltr'>in</span> <span class='ocrx_word' id='word_1_138' title='bbox 1228 1715 1499 1768; x_wconf 89' lang='lat' dir='ltr'>hominem</span> <span class='ocrx_word' id='word_1_139' title='bbox 1534 1715 1897 1788; x_wconf 84' lang='lat' dir='ltr'>singularem,</span> <span class='ocrx_word' id='word_1_140' title='bbox 1940 1716 1988 1768; x_wconf 89' lang='lat' dir='ltr'>si</span> 
     </span>
     <span class='ocr_line' id='line_1_22' title="bbox 280 1786 1986 1856; baseline -0.001 -15"><span class='ocrx_word' id='word_1_141' title='bbox 280 1789 337 1841; x_wconf 90' lang='lat' dir='ltr'>in</span> <span class='ocrx_word' id='word_1_142' title='bbox 376 1789 610 1842; x_wconf 88' lang='lat' dir='ltr'>hominis</span> <span class='ocrx_word' id='word_1_143' title='bbox 651 1789 830 1841; x_wconf 89' lang='lat' dir='ltr'>animo</span> <span class='ocrx_word' id='word_1_144' title='bbox 867 1788 972 1841; x_wconf 91' lang='lat' dir='ltr'>tria</span> <span class='ocrx_word' id='word_1_145' title='bbox 1009 1788 1104 1840; x_wconf 87' lang='lat' dir='ltr'>illa</span> <span class='ocrx_word' id='word_1_146' title='bbox 1140 1786 1257 1852; x_wconf 75' lang='grc' dir='ltr'>εἴδη</span> <span class='ocrx_word' id='word_1_147' title='bbox 1281 1786 1470 1855; x_wconf 88' lang='lat' dir='ltr'>insint,</span> <span class='ocrx_word' id='word_1_148' title='bbox 1507 1806 1644 1856; x_wconf 88' lang='lat' dir='ltr'>quae</span> <span class='ocrx_word' id='word_1_149' title='bbox 1669 1787 1843 1841; x_wconf 85' lang='lat' dir='ltr'>tribus</span> <span class='ocrx_word' id='word_1_150' title='bbox 1882 1787 1986 1840; x_wconf 90' lang='lat' dir='ltr'>rei-</span> 
     </span>
     <span class='ocr_line' id='line_1_23' title="bbox 280 1858 1986 1932; baseline -0.001 -19"><span class='ocrx_word' id='word_1_151' title='bbox 280 1861 534 1932; x_wconf 90' lang='lat' dir='ltr'>publicae</span> <span class='ocrx_word' id='word_1_152' title='bbox 573 1860 858 1914; x_wconf 89' lang='lat' dir='ltr'>ordinibus</span> <span class='ocrx_word' id='word_1_153' title='bbox 897 1859 1043 1913; x_wconf 89' lang='lat' dir='ltr'>omni</span> <span class='ocrx_word' id='word_1_154' title='bbox 1070 1878 1136 1912; x_wconf 88' lang='lat' dir='ltr'>ex</span> <span class='ocrx_word' id='word_1_155' title='bbox 1178 1866 1336 1929; x_wconf 87' lang='lat' dir='ltr'>parte</span> <span class='ocrx_word' id='word_1_156' title='bbox 1359 1858 1744 1928; x_wconf 86' lang='lat' dir='ltr'>respondeant.</span> <span class='ocrx_word' id='word_1_157' title='bbox 1803 1858 1986 1926; x_wconf 79' lang='lat' dir='ltr'>Quae-</span> 
     </span>
     <span class='ocr_line' id='line_1_24' title="bbox 281 1930 1984 2005; baseline -0.002 -20"><span class='ocrx_word' id='word_1_158' title='bbox 281 1933 419 1985; x_wconf 90' lang='lat' dir='ltr'>ritur</span> <span class='ocrx_word' id='word_1_159' title='bbox 454 1932 652 2005; x_wconf 84' lang='lat' dir='ltr'>igitur,</span> <span class='ocrx_word' id='word_1_160' title='bbox 694 1933 906 1985; x_wconf 80' lang='lat' dir='ltr'>animus</span> <span class='ocrx_word' id='word_1_161' title='bbox 946 1950 1056 1983; x_wconf 91' lang='lat' dir='ltr'>una</span> <span class='ocrx_word' id='word_1_162' title='bbox 1091 1930 1390 1999; x_wconf 86' lang='lat' dir='ltr'>eademque</span> <span class='ocrx_word' id='word_1_163' title='bbox 1426 1930 1481 1982; x_wconf 93' lang='lat' dir='ltr'>vi</span> <span class='ocrx_word' id='word_1_164' title='bbox 1520 1931 1700 1983; x_wconf 91' lang='lat' dir='ltr'>omnia</span> <span class='ocrx_word' id='word_1_165' title='bbox 1737 1940 1984 2003; x_wconf 85' lang='lat' dir='ltr'>peragat,</span> 
     </span>
     <span class='ocr_line' id='line_1_25' title="bbox 281 2002 1986 2073; baseline -0.001 -17"><span class='ocrx_word' id='word_1_166' title='bbox 281 2024 351 2056; x_wconf 89' lang='lat' dir='ltr'>an</span> <span class='ocrx_word' id='word_1_167' title='bbox 406 2005 590 2058; x_wconf 87' lang='lat' dir='ltr'>variae</span> <span class='ocrx_word' id='word_1_168' title='bbox 641 2004 751 2058; x_wconf 85' lang='lat' dir='ltr'>sint</span> <span class='ocrx_word' id='word_1_169' title='bbox 812 2011 979 2073; x_wconf 90' lang='lat' dir='ltr'>atque</span> <span class='ocrx_word' id='word_1_170' title='bbox 1023 2002 1279 2055; x_wconf 89' lang='lat' dir='ltr'>diversae</span> <span class='ocrx_word' id='word_1_171' title='bbox 1328 2002 1446 2055; x_wconf 89' lang='lat' dir='ltr'>eius</span> <span class='ocrx_word' id='word_1_172' title='bbox 1500 2002 1807 2055; x_wconf 88' lang='lat' dir='ltr'>facultates.</span> <span class='ocrx_word' id='word_1_173' title='bbox 1899 2002 1986 2054; x_wconf 91' lang='lat' dir='ltr'>De</span> 
     </span>
     <span class='ocr_line' id='line_1_26' title="bbox 283 2073 1985 2145; baseline -0.001 -17"><span class='ocrx_word' id='word_1_174' title='bbox 283 2095 392 2143; x_wconf 86' lang='lat' dir='ltr'>qua</span> <span class='ocrx_word' id='word_1_175' title='bbox 439 2095 496 2128; x_wconf 89' lang='lat' dir='ltr'>re</span> <span class='ocrx_word' id='word_1_176' title='bbox 545 2083 608 2128; x_wconf 92' lang='lat' dir='ltr'>ut</span> <span class='ocrx_word' id='word_1_177' title='bbox 654 2075 790 2128; x_wconf 86' lang='lat' dir='ltr'>certi</span> <span class='ocrx_word' id='word_1_178' title='bbox 826 2073 961 2144; x_wconf 90' lang='lat' dir='ltr'>quid</span> <span class='ocrx_word' id='word_1_179' title='bbox 999 2073 1339 2145; x_wconf 84' lang='lat' dir='ltr'>exploretur,</span> <span class='ocrx_word' id='word_1_180' title='bbox 1390 2073 1524 2126; x_wconf 89' lang='lat' dir='ltr'>haec</span> <span class='ocrx_word' id='word_1_181' title='bbox 1562 2073 1985 2128; x_wconf 85' lang='lat' dir='ltr'>consideremus.</span> 
     </span>
     <span class='ocr_line' id='line_1_27' title="bbox 282 2144 1986 2218; baseline -0.001 -19"><span class='ocrx_word' id='word_1_182' title='bbox 282 2147 432 2199; x_wconf 85' lang='lat' dir='ltr'>Fieri</span> <span class='ocrx_word' id='word_1_183' title='bbox 471 2166 582 2200; x_wconf 91' lang='lat' dir='ltr'>non</span> <span class='ocrx_word' id='word_1_184' title='bbox 619 2153 822 2218; x_wconf 88' lang='lat' dir='ltr'>potest,</span> <span class='ocrx_word' id='word_1_185' title='bbox 860 2153 923 2199; x_wconf 87' lang='lat' dir='ltr'>ut</span> <span class='ocrx_word' id='word_1_186' title='bbox 958 2145 1147 2198; x_wconf 91' lang='lat' dir='ltr'>eadem</span> <span class='ocrx_word' id='word_1_187' title='bbox 1185 2164 1271 2198; x_wconf 88' lang='lat' dir='ltr'>res</span> <span class='ocrx_word' id='word_1_188' title='bbox 1311 2144 1502 2198; x_wconf 86' lang='lat' dir='ltr'>eadem</span> <span class='ocrx_word' id='word_1_189' title='bbox 1543 2145 1627 2197; x_wconf 87' lang='lat' dir='ltr'>sui</span> <span class='ocrx_word' id='word_1_190' title='bbox 1664 2153 1819 2216; x_wconf 90' lang='lat' dir='ltr'>parte</span> <span class='ocrx_word' id='word_1_191' title='bbox 1859 2165 1986 2198; x_wconf 90' lang='lat' dir='ltr'>con-</span> 
     </span>
     <span class='ocr_line' id='line_1_28' title="bbox 283 2215 1986 2289; baseline -0.001 -18"><span class='ocrx_word' id='word_1_192' title='bbox 283 2221 454 2271; x_wconf 88' lang='lat' dir='ltr'>traria</span> <span class='ocrx_word' id='word_1_193' title='bbox 492 2219 661 2272; x_wconf 86' lang='lat' dir='ltr'>faciat</span> <span class='ocrx_word' id='word_1_194' title='bbox 699 2225 793 2271; x_wconf 88' lang='lat' dir='ltr'>aut</span> <span class='ocrx_word' id='word_1_195' title='bbox 829 2216 1082 2289; x_wconf 86' lang='lat' dir='ltr'>patiatur.</span> <span class='ocrx_word' id='word_1_196' title='bbox 1157 2215 1286 2284; x_wconf 78' lang='lat' dir='ltr'>Qua</span> <span class='ocrx_word' id='word_1_197' title='bbox 1331 2224 1512 2269; x_wconf 90' lang='lat' dir='ltr'>tamen</span> <span class='ocrx_word' id='word_1_198' title='bbox 1551 2217 1608 2269; x_wconf 92' lang='lat' dir='ltr'>in</span> <span class='ocrx_word' id='word_1_199' title='bbox 1645 2236 1704 2270; x_wconf 91' lang='lat' dir='ltr'>re</span> <span class='ocrx_word' id='word_1_200' title='bbox 1755 2217 1986 2288; x_wconf 87' lang='lat' dir='ltr'>diligen-</span> 
     </span>
     <span class='ocr_line' id='line_1_29' title="bbox 282 2287 1986 2359; baseline -0.001 -17"><span class='ocrx_word' id='word_1_201' title='bbox 282 2299 367 2343; x_wconf 93' lang='lat' dir='ltr'>ter</span> <span class='ocrx_word' id='word_1_202' title='bbox 404 2289 708 2344; x_wconf 89' lang='lat' dir='ltr'>cavendum</span> <span class='ocrx_word' id='word_1_203' title='bbox 747 2297 849 2359; x_wconf 88' lang='lat' dir='ltr'>est,</span> <span class='ocrx_word' id='word_1_204' title='bbox 889 2308 956 2341; x_wconf 88' lang='lat' dir='ltr'>ne</span> <span class='ocrx_word' id='word_1_205' title='bbox 995 2288 1266 2343; x_wconf 90' lang='lat' dir='ltr'>communi</span> <span class='ocrx_word' id='word_1_206' title='bbox 1303 2287 1567 2356; x_wconf 89' lang='lat' dir='ltr'>loquendi</span> <span class='ocrx_word' id='word_1_207' title='bbox 1589 2287 1986 2342; x_wconf 81' lang='lat' dir='ltr'>consuetudine</span> 
     </span>
     <span class='ocr_line' id='line_1_30' title="bbox 284 2359 1987 2433; baseline -0.002 -19"><span class='ocrx_word' id='word_1_208' title='bbox 284 2361 505 2433; x_wconf 88' lang='lat' dir='ltr'>decepti</span> <span class='ocrx_word' id='word_1_209' title='bbox 541 2362 823 2427; x_wconf 86' lang='lat' dir='ltr'>fallamur,</span> <span class='ocrx_word' id='word_1_210' title='bbox 880 2380 1019 2431; x_wconf 87' lang='lat' dir='ltr'>quae</span> <span class='ocrx_word' id='word_1_211' title='bbox 1059 2379 1451 2430; x_wconf 86' lang='lat' dir='ltr'>saepenumero</span> <span class='ocrx_word' id='word_1_212' title='bbox 1491 2360 1760 2413; x_wconf 89' lang='lat' dir='ltr'>contraria</span> <span class='ocrx_word' id='word_1_213' title='bbox 1795 2359 1987 2413; x_wconf 86' lang='lat' dir='ltr'>iisdem</span> 
     </span>
     <span class='ocr_line' id='line_1_31' title="bbox 284 2431 1987 2503; baseline -0.002 -17"><span class='ocrx_word' id='word_1_214' title='bbox 284 2434 444 2487; x_wconf 87' lang='lat' dir='ltr'>rebus</span> <span class='ocrx_word' id='word_1_215' title='bbox 497 2433 703 2489; x_wconf 87' lang='lat' dir='ltr'>tribuit.</span> <span class='ocrx_word' id='word_1_216' title='bbox 787 2432 980 2486; x_wconf 89' lang='lat' dir='ltr'>Veluti</span> <span class='ocrx_word' id='word_1_217' title='bbox 1018 2431 1290 2485; x_wconf 90' lang='lat' dir='ltr'>hominem</span> <span class='ocrx_word' id='word_1_218' title='bbox 1329 2450 1718 2503; x_wconf 86' lang='lat' dir='ltr'>saepenumero</span> <span class='ocrx_word' id='word_1_219' title='bbox 1757 2431 1987 2484; x_wconf 89' lang='lat' dir='ltr'>dicimus</span> 
     </span>
     <span class='ocr_line' id='line_1_32' title="bbox 283 2503 1988 2575; baseline -0.003 -16"><span class='ocrx_word' id='word_1_220' title='bbox 283 2506 443 2560; x_wconf 85' lang='lat' dir='ltr'>simul</span> <span class='ocrx_word' id='word_1_221' title='bbox 485 2505 765 2575; x_wconf 85' lang='lat' dir='ltr'>quiescere</span> <span class='ocrx_word' id='word_1_222' title='bbox 804 2511 858 2558; x_wconf 93' lang='lat' dir='ltr'>et</span> <span class='ocrx_word' id='word_1_223' title='bbox 899 2503 1123 2572; x_wconf 87' lang='lat' dir='ltr'>moveri,</span> <span class='ocrx_word' id='word_1_224' title='bbox 1163 2523 1330 2573; x_wconf 90' lang='lat' dir='ltr'>quum</span> <span class='ocrx_word' id='word_1_225' title='bbox 1369 2511 1552 2556; x_wconf 83' lang='lat' dir='ltr'>tamen</span> <span class='ocrx_word' id='word_1_226' title='bbox 1590 2503 1698 2556; x_wconf 90' lang='lat' dir='ltr'>alia</span> <span class='ocrx_word' id='word_1_227' title='bbox 1720 2503 1805 2557; x_wconf 90' lang='lat' dir='ltr'>sui</span> <span class='ocrx_word' id='word_1_228' title='bbox 1833 2511 1988 2574; x_wconf 82' lang='lat' dir='ltr'>parte</span> 
     </span>
     <span class='ocr_line' id='line_1_33' title="bbox 284 2574 1988 2648; baseline -0.001 -18"><span class='ocrx_word' id='word_1_229' title='bbox 284 2578 564 2648; x_wconf 86' lang='lat' dir='ltr'>quiescat,</span> <span class='ocrx_word' id='word_1_230' title='bbox 628 2577 734 2629; x_wconf 83' lang='lat' dir='ltr'>alia</span> <span class='ocrx_word' id='word_1_231' title='bbox 794 2584 1106 2638; x_wconf 83' lang='lat' dir='ltr'>moveatur3</span> <span class='ocrx_word' id='word_1_232' title='bbox 1184 2583 1348 2645; x_wconf 90' lang='lat' dir='ltr'>atque</span> <span class='ocrx_word' id='word_1_233' title='bbox 1418 2574 1720 2643; x_wconf 88' lang='lat' dir='ltr'>turbinem,</span> <span class='ocrx_word' id='word_1_234' title='bbox 1774 2574 1988 2645; x_wconf 85' lang='lat' dir='ltr'>quoties</span> 
     </span>
     <span class='ocr_line' id='line_1_34' title="bbox 283 2646 1987 2720; baseline -0.002 -18"><span class='ocrx_word' id='word_1_235' title='bbox 283 2650 430 2703; x_wconf 86' lang='lat' dir='ltr'>eirca</span> <span class='ocrx_word' id='word_1_236' title='bbox 470 2657 715 2702; x_wconf 89' lang='lat' dir='ltr'>centrum</span> <span class='ocrx_word' id='word_1_237' title='bbox 754 2649 1012 2720; x_wconf 83' lang='lat' dir='ltr'>agitatur,</span> <span class='ocrx_word' id='word_1_238' title='bbox 1052 2647 1211 2701; x_wconf 89' lang='lat' dir='ltr'>simul</span> <span class='ocrx_word' id='word_1_239' title='bbox 1250 2655 1395 2699; x_wconf 88' lang='lat' dir='ltr'>stare</span> <span class='ocrx_word' id='word_1_240' title='bbox 1419 2665 1483 2700; x_wconf 87' lang='lat' dir='ltr'>ac</span> <span class='ocrx_word' id='word_1_241' title='bbox 1507 2646 1802 2718; x_wconf 86' lang='lat' dir='ltr'>circumagi</span> <span class='ocrx_word' id='word_1_242' title='bbox 1840 2647 1987 2701; x_wconf 80' lang='lat' dir='ltr'>affir-</span> 
     </span>
     <span class='ocr_line' id='line_1_35' title="bbox 285 2717 1985 2790; baseline -0.003 -16"><span class='ocrx_word' id='word_1_243' title='bbox 285 2741 517 2790; x_wconf 85' lang='lat' dir='ltr'>mamus,</span> <span class='ocrx_word' id='word_1_244' title='bbox 538 2739 704 2789; x_wconf 89' lang='lat' dir='ltr'>quum</span> <span class='ocrx_word' id='word_1_245' title='bbox 742 2718 1043 2774; x_wconf 87' lang='lat' dir='ltr'>secundum</span> <span class='ocrx_word' id='word_1_246' title='bbox 1080 2726 1284 2771; x_wconf 90' lang='lat' dir='ltr'>rectam</span> <span class='ocrx_word' id='word_1_247' title='bbox 1316 2717 1515 2770; x_wconf 87' lang='lat' dir='ltr'>lineam</span> <span class='ocrx_word' id='word_1_248' title='bbox 1539 2725 1684 2771; x_wconf 90' lang='lat' dir='ltr'>stare</span> <span class='ocrx_word' id='word_1_249' title='bbox 1719 2717 1985 2785; x_wconf 84' lang='lat' dir='ltr'>videatur,</span> 
     </span>
     <span class='ocr_line' id='line_1_36' title="bbox 287 2789 1986 2861; baseline -0.004 -15"><span class='ocrx_word' id='word_1_250' title='bbox 287 2791 588 2846; x_wconf 89' lang='lat' dir='ltr'>secundum</span> <span class='ocrx_word' id='word_1_251' title='bbox 627 2810 846 2846; x_wconf 89' lang='lat' dir='ltr'>cursum</span> <span class='ocrx_word' id='word_1_252' title='bbox 884 2797 1183 2844; x_wconf 84' lang='lat' dir='ltr'>moveatur.</span> <span class='ocrx_word' id='word_1_253' title='bbox 1258 2789 1416 2842; x_wconf 88' lang='lat' dir='ltr'>Haec</span> <span class='ocrx_word' id='word_1_254' title='bbox 1450 2789 1621 2861; x_wconf 85' lang='lat' dir='ltr'>igitur</span> <span class='ocrx_word' id='word_1_255' title='bbox 1644 2807 1986 2858; x_wconf 85' lang='lat' dir='ltr'>nequaquam</span> 
     </span>
     <span class='ocr_line' id='line_1_37' title="bbox 286 2858 1988 2936; baseline -0.002 -20"><span class='ocrx_word' id='word_1_256' title='bbox 286 2863 504 2917; x_wconf 56' lang='lat' dir='ltr'>tollunt⁴</span> <span class='ocrx_word' id='word_1_257' title='bbox 533 2864 709 2936; x_wconf 88' lang='lat' dir='ltr'>legem</span> <span class='ocrx_word' id='word_1_258' title='bbox 747 2862 922 2925; x_wconf 87' lang='lat' dir='ltr'>illam,</span> <span class='ocrx_word' id='word_1_259' title='bbox 971 2881 1037 2915; x_wconf 86' lang='lat' dir='ltr'>ex</span> <span class='ocrx_word' id='word_1_260' title='bbox 1076 2858 1184 2932; x_wconf 88' lang='lat' dir='ltr'>qua</span> <span class='ocrx_word' id='word_1_261' title='bbox 1220 2860 1338 2914; x_wconf 84' lang='lat' dir='ltr'>fieri</span> <span class='ocrx_word' id='word_1_262' title='bbox 1375 2879 1538 2932; x_wconf 87' lang='lat' dir='ltr'>posse</span> <span class='ocrx_word' id='word_1_263' title='bbox 1576 2879 1867 2932; x_wconf 86' lang='lat' dir='ltr'>negamus,</span> <span class='ocrx_word' id='word_1_264' title='bbox 1925 2869 1988 2912; x_wconf 90' lang='lat' dir='ltr'>ut</span> 
     </span>
     <span class='ocr_line' id='line_1_38' title="bbox 287 2931 1986 3006; baseline -0.003 -18"><span class='ocrx_word' id='word_1_265' title='bbox 287 2935 587 3006; x_wconf 88' lang='lat' dir='ltr'>quidquam</span> <span class='ocrx_word' id='word_1_266' title='bbox 638 2934 828 2988; x_wconf 87' lang='lat' dir='ltr'>eadem</span> <span class='ocrx_word' id='word_1_267' title='bbox 879 2935 964 2987; x_wconf 87' lang='lat' dir='ltr'>sui</span> <span class='ocrx_word' id='word_1_268' title='bbox 1011 2941 1166 3004; x_wconf 89' lang='lat' dir='ltr'>parte</span> <span class='ocrx_word' id='word_1_269' title='bbox 1218 2932 1492 2987; x_wconf 84' lang='lat' dir='ltr'>contraria</span> <span class='ocrx_word' id='word_1_270' title='bbox 1545 2931 1712 2985; x_wconf 85' lang='lat' dir='ltr'>faciat</span> <span class='ocrx_word' id='word_1_271' title='bbox 1760 2939 1856 2984; x_wconf 86' lang='lat' dir='ltr'>aut</span> <span class='ocrx_word' id='word_1_272' title='bbox 1891 2951 1986 3002; x_wconf 87' lang='lat' dir='ltr'>pa-</span> 
     </span>
     <span class='ocr_line' id='line_1_39' title="bbox 288 3003 1986 3075; baseline -0.002 -17"><span class='ocrx_word' id='word_1_273' title='bbox 288 3007 471 3061; x_wconf 73' lang='lat' dir='ltr'>tiatur.</span> <span class='ocrx_word' id='word_1_274' title='bbox 556 3006 643 3060; x_wconf 84' lang='lat' dir='ltr'>Ex</span> <span class='ocrx_word' id='word_1_275' title='bbox 682 3025 791 3075; x_wconf 91' lang='lat' dir='ltr'>quo</span> <span class='ocrx_word' id='word_1_276' title='bbox 829 3005 1215 3075; x_wconf 85' lang='lat' dir='ltr'>consequitur,</span> <span class='ocrx_word' id='word_1_277' title='bbox 1263 3010 1343 3070; x_wconf 88' lang='lat' dir='ltr'>ut,</span> <span class='ocrx_word' id='word_1_278' title='bbox 1383 3003 1430 3057; x_wconf 90' lang='lat' dir='ltr'>si</span> <span class='ocrx_word' id='word_1_279' title='bbox 1468 3003 1556 3056; x_wconf 91' lang='lat' dir='ltr'>cui</span> <span class='ocrx_word' id='word_1_280' title='bbox 1595 3003 1676 3055; x_wconf 88' lang='lat' dir='ltr'>rei</span> <span class='ocrx_word' id='word_1_281' title='bbox 1713 3004 1986 3056; x_wconf 88' lang='lat' dir='ltr'>contraria</span> 
     </span>
     <span class='ocr_line' id='line_1_40' title="bbox 265 3073 1986 3148; baseline -0.001 -20"><span class='ocrx_word' id='word_1_282' title='bbox 265 3077 479 3146; x_wconf 79' lang='lat' dir='ltr'>‘&#39;insint,</span> <span class='ocrx_word' id='word_1_283' title='bbox 521 3097 585 3130; x_wconf 87' lang='lat' dir='ltr'>ea</span> <span class='ocrx_word' id='word_1_284' title='bbox 622 3098 730 3131; x_wconf 91' lang='lat' dir='ltr'>non</span> <span class='ocrx_word' id='word_1_285' title='bbox 767 3077 930 3148; x_wconf 86' lang='lat' dir='ltr'>plane</span> <span class='ocrx_word' id='word_1_286' title='bbox 969 3095 1076 3130; x_wconf 88' lang='lat' dir='ltr'>una</span> <span class='ocrx_word' id='word_1_287' title='bbox 1113 3076 1212 3142; x_wconf 89' lang='lat' dir='ltr'>sit,</span> <span class='ocrx_word' id='word_1_288' title='bbox 1249 3074 1347 3128; x_wconf 89' lang='lat' dir='ltr'>sed</span> <span class='ocrx_word' id='word_1_289' title='bbox 1384 3083 1567 3145; x_wconf 87' lang='lat' dir='ltr'>partes</span> <span class='ocrx_word' id='word_1_290' title='bbox 1607 3073 1853 3128; x_wconf 88' lang='lat' dir='ltr'>diversas</span> <span class='ocrx_word' id='word_1_291' title='bbox 1891 3074 1986 3127; x_wconf 88' lang='lat' dir='ltr'>ha-</span> 
     </span>
     <span class='ocr_line' id='line_1_41' title="bbox 291 3146 1986 3218; baseline -0.002 -18"><span class='ocrx_word' id='word_1_292' title='bbox 291 3149 434 3202; x_wconf 87' lang='lat' dir='ltr'>beat.</span> <span class='ocrx_word' id='word_1_293' title='bbox 510 3148 822 3203; x_wconf 89' lang='lat' dir='ltr'>Observare</span> <span class='ocrx_word' id='word_1_294' title='bbox 861 3156 1040 3203; x_wconf 86' lang='lat' dir='ltr'>autem</span> <span class='ocrx_word' id='word_1_295' title='bbox 1079 3148 1207 3201; x_wconf 87' lang='lat' dir='ltr'>licet</span> <span class='ocrx_word' id='word_1_296' title='bbox 1246 3146 1479 3215; x_wconf 87' lang='lat' dir='ltr'>primum</span> <span class='ocrx_word' id='word_1_297' title='bbox 1527 3146 1720 3218; x_wconf 88' lang='lat' dir='ltr'>ingens</span> <span class='ocrx_word' id='word_1_298' title='bbox 1756 3146 1986 3199; x_wconf 87' lang='lat' dir='ltr'>rationis</span> 
     </span>
     <span class='ocr_line' id='line_1_42' title="bbox 298 3216 1985 3289; baseline -0.001 -17"><span class='ocrx_word' id='word_1_299' title='bbox 298 3227 354 3272; x_wconf 83' lang='lat' dir='ltr'>et</span> <span class='ocrx_word' id='word_1_300' title='bbox 387 3219 705 3289; x_wconf 87' lang='lat' dir='ltr'>cupiditatis</span> <span class='ocrx_word' id='word_1_301' title='bbox 743 3222 799 3273; x_wconf 92' lang='lat' dir='ltr'>in</span> <span class='ocrx_word' id='word_1_302' title='bbox 840 3221 1018 3274; x_wconf 83' lang='lat' dir='ltr'>animo</span> <span class='ocrx_word' id='word_1_303' title='bbox 1052 3225 1244 3272; x_wconf 87' lang='lat' dir='ltr'>nostro</span> <span class='ocrx_word' id='word_1_304' title='bbox 1270 3216 1571 3270; x_wconf 88' lang='lat' dir='ltr'>dissidium.</span> <span class='ocrx_word' id='word_1_305' title='bbox 1636 3217 1804 3285; x_wconf 77' lang='lat' dir='ltr'>Quod</span> <span class='ocrx_word' id='word_1_306' title='bbox 1827 3217 1985 3287; x_wconf 82' lang='lat' dir='ltr'>quale</span> 
     </span>
     <span class='ocr_line' id='line_1_43' title="bbox 296 3289 1984 3361; baseline -0.003 -16"><span class='ocrx_word' id='word_1_307' title='bbox 296 3292 386 3357; x_wconf 85' lang='lat' dir='ltr'>sit,</span> <span class='ocrx_word' id='word_1_308' title='bbox 440 3310 506 3343; x_wconf 82' lang='lat' dir='ltr'>ex</span> <span class='ocrx_word' id='word_1_309' title='bbox 558 3292 714 3344; x_wconf 74' lang='lat' dir='ltr'>{amis</span> <span class='ocrx_word' id='word_1_310' title='bbox 770 3311 834 3345; x_wconf 89' lang='lat' dir='ltr'>ac</span> <span class='ocrx_word' id='word_1_311' title='bbox 883 3292 1004 3346; x_wconf 86' lang='lat' dir='ltr'>sitis</span> <span class='ocrx_word' id='word_1_312' title='bbox 1052 3298 1246 3344; x_wconf 85' lang='lat' dir='ltr'>natura</span> <span class='ocrx_word' id='word_1_313' title='bbox 1282 3296 1336 3341; x_wconf 88' lang='lat' dir='ltr'>et</span> <span class='ocrx_word' id='word_1_314' title='bbox 1373 3289 1582 3341; x_wconf 90' lang='lat' dir='ltr'>ratione</span> <span class='ocrx_word' id='word_1_315' title='bbox 1622 3290 1824 3361; x_wconf 84' lang='lat' dir='ltr'>optime</span> <span class='ocrx_word' id='word_1_316' title='bbox 1863 3309 1984 3359; x_wconf 79' lang='lat' dir='ltr'>per-</span> 
     </span>
     <span class='ocr_line' id='line_1_44' title="bbox 291 3360 1984 3434; baseline -0.002 -19"><span class='ocrx_word' id='word_1_317' title='bbox 291 3363 431 3434; x_wconf 88' lang='lat' dir='ltr'>spici</span> <span class='ocrx_word' id='word_1_318' title='bbox 469 3368 682 3433; x_wconf 76' lang='lat' dir='ltr'>potest,</span> <span class='ocrx_word' id='word_1_319' title='bbox 744 3383 809 3415; x_wconf 87' lang='lat' dir='ltr'>ex</span> <span class='ocrx_word' id='word_1_320' title='bbox 860 3364 1056 3432; x_wconf 88' lang='lat' dir='ltr'>quibus</span> <span class='ocrx_word' id='word_1_321' title='bbox 1092 3362 1262 3415; x_wconf 87' lang='lat' dir='ltr'>altera</span> <span class='ocrx_word' id='word_1_322' title='bbox 1301 3360 1440 3428; x_wconf 86' lang='lat' dir='ltr'>cibi,</span> <span class='ocrx_word' id='word_1_323' title='bbox 1478 3368 1643 3431; x_wconf 85' lang='lat' dir='ltr'>potus</span> <span class='ocrx_word' id='word_1_324' title='bbox 1684 3362 1854 3414; x_wconf 83' lang='lat' dir='ltr'>altera</span> <span class='ocrx_word' id='word_1_325' title='bbox 1891 3379 1984 3413; x_wconf 89' lang='lat' dir='ltr'>cu-</span> 
     </span>
    </p>
   </div>
  </div>
 </body>
</html>
