<?xml version="1.0" encoding="UTF-8"?>
<!DOCTYPE html PUBLIC "-//W3C//DTD XHTML 1.0 Transitional//EN"
    "http://www.w3.org/TR/xhtml1/DTD/xhtml1-transitional.dtd">
<html xmlns="http://www.w3.org/1999/xhtml" xml:lang="en" lang="en">
 <head>
  <title>
</title>
<meta http-equiv="Content-Type" content="text/html;charset=utf-8" />
  <meta name='ocr-system' content='tesseract 3.04.00' />
  <meta name='ocr-capabilities' content='ocr_page ocr_carea ocr_par ocr_line ocrx_word'/>
</head>
<body>
  <div class='ocr_page' id='page_1' title='image "./operaomniarecens03platuoft_0075.png"; bbox 0 0 2106 3594; ppageno 0'>
   <div class='ocr_carea' id='block_1_1' title="bbox 0 0 66 3590">
    <p class='ocr_par' dir='ltr' id='par_1_1' title="bbox 0 0 66 3590">
     <span class='ocr_line' id='line_1_1' title="bbox 0 0 66 3590; baseline 0 0"><span class='ocrx_word' id='word_1_1' title='bbox 0 0 66 3590; x_wconf 95' lang='lat' dir='ltr'> </span> 
     </span>
    </p>
   </div>
   <div class='ocr_carea' id='block_1_2' title="bbox 1596 135 1798 195">
    <p class='ocr_par' dir='ltr' id='par_1_2' title="bbox 1596 135 1798 195">
     <span class='ocr_line' id='line_1_2' title="bbox 1596 135 1798 195; baseline 0.025 -6"><span class='ocrx_word' id='word_1_2' title='bbox 1596 135 1798 195; x_wconf 66' lang='lat' dir='ltr'>max</span> 
     </span>
    </p>
   </div>
   <div class='ocr_carea' id='block_1_3' title="bbox 3 273 1859 3437">
    <p class='ocr_par' dir='ltr' id='par_1_3' title="bbox 3 273 1859 3146">
     <span class='ocr_line' id='line_1_3' title="bbox 88 273 1797 346; baseline 0.003 -18"><span class='ocrx_word' id='word_1_3' title='bbox 88 276 551 346; x_wconf 75' lang='lat' dir='ltr'>exspectationem</span> <span class='ocrx_word' id='word_1_4' title='bbox 585 274 803 328; x_wconf 81' lang='lat' dir='ltr'>Glauco</span> <span class='ocrx_word' id='word_1_5' title='bbox 841 283 897 327; x_wconf 90' lang='lat' dir='ltr'>et</span> <span class='ocrx_word' id='word_1_6' title='bbox 934 273 1288 344; x_wconf 80' lang='lat' dir='ltr'>Adimantus,</span> <span class='ocrx_word' id='word_1_7' title='bbox 1328 277 1559 338; x_wconf 85' lang='lat' dir='ltr'>iuvenes</span> <span class='ocrx_word' id='word_1_8' title='bbox 1589 289 1652 333; x_wconf 79' lang='lat' dir='ltr'>et</span> <span class='ocrx_word' id='word_1_9' title='bbox 1688 280 1797 337; x_wconf 82' lang='lat' dir='ltr'>for-</span> 
     </span>
     <span class='ocr_line' id='line_1_4' title="bbox 83 344 1794 419; baseline 0.001 -16"><span class='ocrx_word' id='word_1_10' title='bbox 83 347 290 417; x_wconf 68' lang='lat' dir='ltr'>tissimi</span> <span class='ocrx_word' id='word_1_11' title='bbox 323 367 388 401; x_wconf 88' lang='lat' dir='ltr'>ac</span> <span class='ocrx_word' id='word_1_12' title='bbox 424 344 834 419; x_wconf 83' lang='lat' dir='ltr'>prudentissimi</span> <span class='ocrx_word' id='word_1_13' title='bbox 873 357 930 399; x_wconf 88' lang='lat' dir='ltr'>et</span> <span class='ocrx_word' id='word_1_14' title='bbox 971 346 1631 418; x_wconf 71' lang='lat' dir='ltr'>veritatisaniantissimi,</span> <span class='ocrx_word' id='word_1_15' title='bbox 1709 370 1794 404; x_wconf 71' lang='lat' dir='ltr'>ar-</span> 
     </span>
     <span class='ocr_line' id='line_1_5' title="bbox 86 371 1800 490; baseline 0.003 -19"><span class='ocrx_word' id='word_1_16' title='bbox 86 427 171 471; x_wconf 87' lang='lat' dir='ltr'>tes</span> <span class='ocrx_word' id='word_1_17' title='bbox 221 438 255 471; x_wconf 86' lang='lat' dir='ltr'>a</span> <span class='ocrx_word' id='word_1_18' title='bbox 300 417 714 490; x_wconf 75' lang='lat' dir='ltr'>Thrasymacho</span> <span class='ocrx_word' id='word_1_19' title='bbox 763 416 1072 473; x_wconf 80' lang='lat' dir='ltr'>derelictas.</span> <span class='ocrx_word' id='word_1_20' title='bbox 1163 419 1294 488; x_wconf 71' lang='lat' dir='ltr'>Qui·</span> <span class='ocrx_word' id='word_1_21' title='bbox 1325 420 1551 490; x_wconf 82' lang='lat' dir='ltr'>quidem</span> <span class='ocrx_word' id='word_1_22' title='bbox 1595 371 1800 481; x_wconf 55' lang='lat' dir='ltr'>dehine</span> 
     </span>
     <span class='ocr_line' id='line_1_6' title="bbox 85 490 1798 560; baseline 0.005 -18"><span class='ocrx_word' id='word_1_23' title='bbox 85 509 187 560; x_wconf 90' lang='lat' dir='ltr'>per</span> <span class='ocrx_word' id='word_1_24' title='bbox 234 497 412 544; x_wconf 88' lang='lat' dir='ltr'>totum</span> <span class='ocrx_word' id='word_1_25' title='bbox 460 507 766 546; x_wconf 88' lang='lat' dir='ltr'>sermonem</span> <span class='ocrx_word' id='word_1_26' title='bbox 816 506 993 559; x_wconf 89' lang='lat' dir='ltr'>usque</span> <span class='ocrx_word' id='word_1_27' title='bbox 1053 490 1126 543; x_wconf 85' lang='lat' dir='ltr'>ad</span> <span class='ocrx_word' id='word_1_28' title='bbox 1185 492 1353 549; x_wconf 82' lang='lat' dir='ltr'>finem</span> <span class='ocrx_word' id='word_1_29' title='bbox 1410 493 1558 549; x_wconf 81' lang='lat' dir='ltr'>libri.</span> <span class='ocrx_word' id='word_1_30' title='bbox 1597 493 1798 554; x_wconf 68' lang='lat' dir='ltr'>decimi</span> 
     </span>
     <span class='ocr_line' id='line_1_7' title="bbox 86 559 1799 632; baseline 0.004 -17"><span class='ocrx_word' id='word_1_31' title='bbox 86 581 214 615; x_wconf 87' lang='lat' dir='ltr'>cum</span> <span class='ocrx_word' id='word_1_32' title='bbox 247 560 477 618; x_wconf 62' lang='lat' dir='ltr'>Socrate</span> <span class='ocrx_word' id='word_1_33' title='bbox 514 559 891 632; x_wconf 79' lang='lat' dir='ltr'>colloquentes</span> <span class='ocrx_word' id='word_1_34' title='bbox 926 560 1280 619; x_wconf 77' lang='lat' dir='ltr'>inducuntur.</span> <span class='ocrx_word' id='word_1_35' title='bbox 1355 562 1524 631; x_wconf 80' lang='lat' dir='ltr'><strong>Quod</strong></span> <span class='ocrx_word' id='word_1_36' title='bbox 1568 576 1679 620; x_wconf 80' lang='lat' dir='ltr'>³c&#39;ur</span> <span class='ocrx_word' id='word_1_37' title='bbox 1715 565 1799 622; x_wconf 68' lang='lat' dir='ltr'>ita</span> 
     </span>
     <span class='ocr_line' id='line_1_8' title="bbox 86 632 1799 706; baseline 0.002 -17"><span class='ocrx_word' id='word_1_38' title='bbox 86 633 394 689; x_wconf 77' lang='lat' dir='ltr'>institutum</span> <span class='ocrx_word' id='word_1_39' title='bbox 443 632 535 700; x_wconf 85' lang='lat' dir='ltr'>sit,</span> <span class='ocrx_word' id='word_1_40' title='bbox 574 633 632 686; x_wconf 94' lang='lat' dir='ltr'>in</span> <span class='ocrx_word' id='word_1_41' title='bbox 669 633 1014 689; x_wconf 80' lang='lat' dir='ltr'>enarratione</span> <span class='ocrx_word' id='word_1_42' title='bbox 1052 635 1360 706; x_wconf 86' lang='lat' dir='ltr'>argumenti</span> <span class='ocrx_word' id='word_1_43' title='bbox 1393 636 1518 690; x_wconf 87' lang='lat' dir='ltr'>libri</span> <span class='ocrx_word' id='word_1_44' title='bbox 1566 637 1799 693; x_wconf 86' lang='lat' dir='ltr'>secundi</span> 
     </span>
     <span class='ocr_line' id='line_1_9' title="bbox 85 702 1797 776; baseline 0.003 -19"><span class='ocrx_word' id='word_1_45' title='bbox 85 703 453 776; x_wconf 83' lang='lat' dir='ltr'>exposuimus.</span> <span class='ocrx_word' id='word_1_46' title='bbox 529 702 752 776; x_wconf 78' lang='lat' dir='ltr'>Quippe</span> <span class='ocrx_word' id='word_1_47' title='bbox 787 703 1092 758; x_wconf 87' lang='lat' dir='ltr'>defendunt</span> <span class='ocrx_word' id='word_1_48' title='bbox 1123 707 1204 760; x_wconf 92' lang='lat' dir='ltr'>illi</span> <span class='ocrx_word' id='word_1_49' title='bbox 1241 707 1602 776; x_wconf 77' lang='lat' dir='ltr'>suo&#39;quisque</span> <span class='ocrx_word' id='word_1_50' title='bbox 1628 708 1797 768; x_wconf 83' lang='lat' dir='ltr'>modo</span> 
     </span>
     <span class='ocr_line' id='line_1_10' title="bbox 86 776 1798 850; baseline 0.005 -21"><span class='ocrx_word' id='word_1_51' title='bbox 86 776 383 831; x_wconf 83' lang='lat' dir='ltr'>iniustitiae</span> <span class='ocrx_word' id='word_1_52' title='bbox 446 795 696 832; x_wconf 81' lang='lat' dir='ltr'>caussam</span> <span class='ocrx_word' id='word_1_53' title='bbox 759 776 1087 846; x_wconf 84' lang='lat' dir='ltr'>elevantque</span> <span class='ocrx_word' id='word_1_54' title='bbox 1165 779 1420 850; x_wconf 34' lang='lat' dir='ltr'>iustitiae·</span> <span class='ocrx_word' id='word_1_55' title='bbox 1467 778 1798 850; x_wconf 83' lang='lat' dir='ltr'>dignitatem</span> 
     </span>
     <span class='ocr_line' id='line_1_11' title="bbox 83 846 1795 921; baseline 0.003 -19"><span class='ocrx_word' id='word_1_56' title='bbox 83 854 251 916; x_wconf 86' lang='lat' dir='ltr'>atque</span> <span class='ocrx_word' id='word_1_57' title='bbox 299 848 594 903; x_wconf 75' lang='lat' dir='ltr'>utilitatem</span> <span class='ocrx_word' id='word_1_58' title='bbox 641 846 1022 902; x_wconf 85' lang='lat' dir='ltr'>disertissimis</span> <span class='ocrx_word' id='word_1_59' title='bbox 1066 850 1422 910; x_wconf 62' lang='lat' dir='ltr'>orationibus</span> <span class='ocrx_word' id='word_1_60' title='bbox 1447 850 1527 921; x_wconf 83' lang='lat' dir='ltr'>(p.</span> <span class='ocrx_word' id='word_1_61' title='bbox 1563 852 1700 905; x_wconf 69' lang='lat'>357.</span> <span class='ocrx_word' id='word_1_62' title='bbox 1727 882 1795 907; x_wconf 77' lang='lat'>-.—.—</span> 
     </span>
     <span class='ocr_line' id='line_1_12' title="bbox 85 919 1797 993; baseline 0.001 -18"><span class='ocrx_word' id='word_1_63' title='bbox 85 919 208 975; x_wconf 82' lang='lat'>362.</span> <span class='ocrx_word' id='word_1_64' title='bbox 256 921 329 974; x_wconf 84' lang='lat' dir='ltr'>A.</span> <span class='ocrx_word' id='word_1_65' title='bbox 366 928 424 973; x_wconf 91' lang='lat' dir='ltr'>et</span> <span class='ocrx_word' id='word_1_66' title='bbox 458 939 530 991; x_wconf 89' lang='lat' dir='ltr'>p..</span> <span class='ocrx_word' id='word_1_67' title='bbox 554 921 677 974; x_wconf 78' lang='lat'>362.</span> <span class='ocrx_word' id='word_1_68' title='bbox 716 919 783 975; x_wconf 88' lang='lat' dir='ltr'>B.</span> <span class='ocrx_word' id='word_1_69' title='bbox 821 949 892 959; x_wconf 91' lang='lat'>-——</span> <span class='ocrx_word' id='word_1_70' title='bbox 931 921 1057 974; x_wconf 81' lang='lat'>367.</span> <span class='ocrx_word' id='word_1_71' title='bbox 1096 921 1204 992; x_wconf 88' lang='grc' dir='ltr'>Ε.)</span> <span class='ocrx_word' id='word_1_72' title='bbox 1262 934 1374 976; x_wconf 86' lang='lat' dir='ltr'>non</span> <span class='ocrx_word' id='word_1_73' title='bbox 1435 935 1562 991; x_wconf 87' lang='lat' dir='ltr'>quo</span> <span class='ocrx_word' id='word_1_74' title='bbox 1604 923 1797 993; x_wconf 87' lang='lat' dir='ltr'>optimi</span> 
     </span>
     <span class='ocr_line' id='line_1_13' title="bbox 84 990 1798 1063; baseline 0.002 -19"><span class='ocrx_word' id='word_1_75' title='bbox 84 990 335 1045; x_wconf 90' lang='lat' dir='ltr'>homines</span> <span class='ocrx_word' id='word_1_76' title='bbox 374 990 783 1059; x_wconf 80' lang='lat' dir='ltr'>Thrasymacho</span> <span class='ocrx_word' id='word_1_77' title='bbox 821 1006 894 1049; x_wconf 71' lang='lat' dir='ltr'>ex,</span> <span class='ocrx_word' id='word_1_78' title='bbox 926 992 1107 1048; x_wconf 80' lang='lat' dir='ltr'>animo</span> <span class='ocrx_word' id='word_1_79' title='bbox 1145 994 1551 1063; x_wconf 54' lang='lat' dir='ltr'>assentianturg</span> <span class='ocrx_word' id='word_1_80' title='bbox 1596 994 1697 1049; x_wconf 87' lang='lat' dir='ltr'>sed</span> <span class='ocrx_word' id='word_1_81' title='bbox 1732 1003 1798 1050; x_wconf 88' lang='lat' dir='ltr'>ut</span> 
     </span>
     <span class='ocr_line' id='line_1_14' title="bbox 83 1062 1859 1136; baseline 0 -18"><span class='ocrx_word' id='word_1_82' title='bbox 83 1062 369 1121; x_wconf 81' lang='lat' dir='ltr'>Socratem</span> <span class='ocrx_word' id='word_1_83' title='bbox 419 1071 776 1134; x_wconf 83' lang='lat' dir='ltr'>permoveant</span> <span class='ocrx_word' id='word_1_84' title='bbox 823 1071 880 1117; x_wconf 87' lang='lat' dir='ltr'>et</span> <span class='ocrx_word' id='word_1_85' title='bbox 914 1066 1250 1122; x_wconf 81' lang='lat' dir='ltr'>necessitate</span> <span class='ocrx_word' id='word_1_86' title='bbox 1297 1065 1537 1136; x_wconf 84' lang='lat' dir='ltr'>quadam</span> <span class='ocrx_word' id='word_1_87' title='bbox 1570 1085 1639 1125; x_wconf 61' lang='lat' dir='ltr'>„eo</span> <span class='ocrx_word' id='word_1_88' title='bbox 1677 1065 1796 1124; x_wconf 76' lang='lat' dir='ltr'>adi-</span> <span class='ocrx_word' id='word_1_89' title='bbox 1848 1114 1859 1125; x_wconf 79' lang='grc'><strong><em>,</em></strong></span> 
     </span>
     <span class='ocr_line' id='line_1_15' title="bbox 81 1133 1796 1210; baseline 0.002 -21"><span class='ocrx_word' id='word_1_90' title='bbox 81 1142 235 1206; x_wconf 80' lang='lat' dir='ltr'>gant,</span> <span class='ocrx_word' id='word_1_91' title='bbox 271 1142 337 1189; x_wconf 90' lang='lat' dir='ltr'>ut</span> <span class='ocrx_word' id='word_1_92' title='bbox 383 1133 520 1205; x_wconf 87' lang='lat' dir='ltr'>quid</span> <span class='ocrx_word' id='word_1_93' title='bbox 564 1135 687 1205; x_wconf 90' lang='lat' dir='ltr'>ipse</span> <span class='ocrx_word' id='word_1_94' title='bbox 733 1136 939 1194; x_wconf 85' lang='lat' dir='ltr'>sentiat</span> <span class='ocrx_word' id='word_1_95' title='bbox 971 1135 1040 1191; x_wconf 92' lang='lat' dir='ltr'>de</span> <span class='ocrx_word' id='word_1_96' title='bbox 1085 1137 1297 1192; x_wconf 85' lang='lat' dir='ltr'>iustitia</span> <span class='ocrx_word' id='word_1_97' title='bbox 1331 1136 1643 1207; x_wconf 81' lang='lat' dir='ltr'>aliquando.</span> <span class='ocrx_word' id='word_1_98' title='bbox 1667 1158 1796 1210; x_wconf 80' lang='lat' dir='ltr'>ape-</span> 
     </span>
     <span class='ocr_line' id='line_1_16' title="bbox 4 1206 1798 1281; baseline 0.002 -21"><span class='ocrx_word' id='word_1_99' title='bbox 4 1228 6 1266; x_wconf 65' lang='grc' dir='ltr'>ε</span> <span class='ocrx_word' id='word_1_100' title='bbox 82 1207 207 1275; x_wconf 86' lang='lat' dir='ltr'>riat,</span> <span class='ocrx_word' id='word_1_101' title='bbox 246 1214 416 1276; x_wconf 85' lang='lat' dir='ltr'>atque</span> <span class='ocrx_word' id='word_1_102' title='bbox 448 1206 561 1260; x_wconf 86' lang='lat' dir='ltr'>vim</span> <span class='ocrx_word' id='word_1_103' title='bbox 597 1214 663 1266; x_wconf 69' lang='lat' dir='ltr'>et,</span> <span class='ocrx_word' id='word_1_104' title='bbox 689 1214 941 1261; x_wconf 87' lang='lat' dir='ltr'>naturam</span> <span class='ocrx_word' id='word_1_105' title='bbox 980 1208 1100 1262; x_wconf 90' lang='lat' dir='ltr'>eius</span> <span class='ocrx_word' id='word_1_106' title='bbox 1149 1228 1248 1281; x_wconf 90' lang='lat' dir='ltr'>per</span> <span class='ocrx_word' id='word_1_107' title='bbox 1281 1229 1343 1264; x_wconf 89' lang='lat' dir='ltr'>se</span> <span class='ocrx_word' id='word_1_108' title='bbox 1378 1217 1798 1280; x_wconf 75' lang='lat' dir='ltr'>spectataepa-,</span> 
     </span>
     <span class='ocr_line' id='line_1_17' title="bbox 3 1272 1798 1348; baseline 0.002 -15"><span class='ocrx_word' id='word_1_109' title='bbox 3 1272 6 1294; x_wconf 74' lang='grc'><strong>’</strong></span> <span class='ocrx_word' id='word_1_110' title='bbox 84 1278 328 1348; x_wconf 76' lang='lat' dir='ltr'>tefaoiat,</span> <span class='ocrx_word' id='word_1_111' title='bbox 387 1279 573 1334; x_wconf 84' lang='lat' dir='ltr'>missis</span> <span class='ocrx_word' id='word_1_112' title='bbox 626 1279 879 1334; x_wconf 81' lang='lat' dir='ltr'>utilitatis</span> <span class='ocrx_word' id='word_1_113' title='bbox 923 1287 1185 1334; x_wconf 80' lang='lat' dir='ltr'>externae]</span> <span class='ocrx_word' id='word_1_114' title='bbox 1238 1281 1594 1337; x_wconf 68' lang='lat' dir='ltr'>rationibus.r</span> <span class='ocrx_word' id='word_1_115' title='bbox 1629 1282 1798 1341; x_wconf 10' lang='lat' dir='ltr'>&#39;Nam-</span> 
     </span>
     <span class='ocr_line' id='line_1_18' title="bbox 81 1349 1799 1422; baseline 0.002 -19"><span class='ocrx_word' id='word_1_116' title='bbox 81 1351 162 1404; x_wconf 75' lang='lat' dir='ltr'>ita</span> <span class='ocrx_word' id='word_1_117' title='bbox 209 1349 429 1405; x_wconf 86' lang='lat' dir='ltr'>demum</span> <span class='ocrx_word' id='word_1_118' title='bbox 475 1358 706 1405; x_wconf 88' lang='lat' dir='ltr'>censent</span> <span class='ocrx_word' id='word_1_119' title='bbox 753 1351 1053 1406; x_wconf 77' lang='lat' dir='ltr'>clarissime</span> <span class='ocrx_word' id='word_1_120' title='bbox 1086 1352 1429 1410; x_wconf 76' lang='lat' dir='ltr'>,intellectum</span> <span class='ocrx_word' id='word_1_121' title='bbox 1463 1353 1574 1422; x_wconf 53' lang='lat' dir='ltr'>-iri,</span> <span class='ocrx_word' id='word_1_122' title='bbox 1611 1361 1799 1414; x_wconf 77' lang='lat' dir='ltr'>utrum</span> 
     </span>
     <span class='ocr_line' id='line_1_19' title="bbox 82 1422 1792 1495; baseline 0.002 -18"><span class='ocrx_word' id='word_1_123' title='bbox 82 1422 262 1495; x_wconf 86' lang='lat' dir='ltr'>prosit</span> <span class='ocrx_word' id='word_1_124' title='bbox 307 1423 483 1476; x_wconf 79' lang='lat' dir='ltr'>virum</span> <span class='ocrx_word' id='word_1_125' title='bbox 528 1422 735 1477; x_wconf 89' lang='lat' dir='ltr'>iustum</span> <span class='ocrx_word' id='word_1_126' title='bbox 783 1443 906 1478; x_wconf 80' lang='lat' dir='ltr'>esse</span> <span class='ocrx_word' id='word_1_127' title='bbox 945 1443 1147 1493; x_wconf 85' lang='lat' dir='ltr'>necne,</span> <span class='ocrx_word' id='word_1_128' title='bbox 1190 1425 1315 1484; x_wconf 80' lang='lat' dir='ltr'>,sive</span> <span class='ocrx_word' id='word_1_129' title='bbox 1355 1425 1489 1494; x_wconf 74' lang='lat' dir='ltr'>quis</span> <span class='ocrx_word' id='word_1_130' title='bbox 1517 1424 1650 1486; x_wconf 85' lang='lat' dir='ltr'>deos</span> <span class='ocrx_word' id='word_1_131' title='bbox 1691 1425 1792 1486; x_wconf 76' lang='lat' dir='ltr'>ho-</span> 
     </span>
     <span class='ocr_line' id='line_1_20' title="bbox 82 1494 1794 1565; baseline 0.001 -16"><span class='ocrx_word' id='word_1_132' title='bbox 82 1494 369 1565; x_wconf 87' lang='lat' dir='ltr'>minesque</span> <span class='ocrx_word' id='word_1_133' title='bbox 414 1494 614 1563; x_wconf 76' lang='lat' dir='ltr'>lateat,</span> <span class='ocrx_word' id='word_1_134' title='bbox 661 1496 779 1549; x_wconf 89' lang='lat' dir='ltr'>sive</span> <span class='ocrx_word' id='word_1_135' title='bbox 827 1515 939 1550; x_wconf 89' lang='lat' dir='ltr'>non</span> <span class='ocrx_word' id='word_1_136' title='bbox 985 1496 1172 1550; x_wconf 84' lang='lat' dir='ltr'>lateat.</span> <span class='ocrx_word' id='word_1_137' title='bbox 1249 1495 1374 1555; x_wconf 76' lang='lat' dir='ltr'>Cui.</span> <span class='ocrx_word' id='word_1_138' title='bbox 1404 1497 1794 1552; x_wconf 81' lang='lat' dir='ltr'>honestissimo</span> 
     </span>
     <span class='ocr_line' id='line_1_21' title="bbox 84 1564 1794 1639; baseline 0.002 -19"><span class='ocrx_word' id='word_1_139' title='bbox 84 1564 361 1623; x_wconf 84' lang='lat' dir='ltr'>desiderio</span> <span class='ocrx_word' id='word_1_140' title='bbox 405 1585 592 1620; x_wconf 87' lang='lat' dir='ltr'>eorum</span> <span class='ocrx_word' id='word_1_141' title='bbox 631 1565 891 1622; x_wconf 84' lang='lat' dir='ltr'>Soonates</span> <span class='ocrx_word' id='word_1_142' title='bbox 929 1566 1190 1639; x_wconf 80' lang='lat' dir='ltr'>deinceps</span> <span class='ocrx_word' id='word_1_143' title='bbox 1227 1569 1309 1622; x_wconf 84' lang='lat' dir='ltr'>ita</span> <span class='ocrx_word' id='word_1_144' title='bbox 1342 1569 1664 1627; x_wconf 82' lang='lat' dir='ltr'>satisfacere·</span> <span class='ocrx_word' id='word_1_145' title='bbox 1696 1589 1728 1624; x_wconf 84' lang='lat' dir='ltr'>a</span> <span class='ocrx_word' id='word_1_146' title='bbox 1769 1601 1794 1631; x_wconf 65' lang='grc'>-,</span> 
     </span>
     <span class='ocr_line' id='line_1_22' title="bbox 83 1589 1792 1722; baseline 0.001 -29"><span class='ocrx_word' id='word_1_147' title='bbox 83 1636 358 1722; x_wconf 68' lang='lat' dir='ltr'>graditur,</span> <span class='ocrx_word' id='word_1_148' title='bbox 393 1645 458 1692; x_wconf 85' lang='lat' dir='ltr'>ut</span> <span class='ocrx_word' id='word_1_149' title='bbox 492 1657 604 1691; x_wconf 91' lang='lat' dir='ltr'>non</span> <span class='ocrx_word' id='word_1_150' title='bbox 640 1637 749 1691; x_wconf 83' lang='lat' dir='ltr'>iam</span> <span class='ocrx_word' id='word_1_151' title='bbox 787 1638 1034 1693; x_wconf 86' lang='lat' dir='ltr'>refellere</span> <span class='ocrx_word' id='word_1_152' title='bbox 1083 1638 1302 1698; x_wconf 85' lang='lat' dir='ltr'>studeat</span> <span class='ocrx_word' id='word_1_153' title='bbox 1335 1654 1481 1710; x_wconf 69' lang='lat' dir='ltr'>vquae</span> <span class='ocrx_word' id='word_1_154' title='bbox 1518 1640 1697 1701; x_wconf 14' lang='lat' dir='ltr'>modo.</span> <span class='ocrx_word' id='word_1_155' title='bbox 1724 1589 1792 1697; x_wconf 51' lang='lat' dir='ltr'>ge</span> 
     </span>
     <span class='ocr_line' id='line_1_23' title="bbox 85 1709 1793 1787; baseline 0.002 -22"><span class='ocrx_word' id='word_1_156' title='bbox 85 1709 301 1765; x_wconf 78' lang='lat' dir='ltr'>iustitia</span> <span class='ocrx_word' id='word_1_157' title='bbox 356 1718 415 1763; x_wconf 90' lang='lat' dir='ltr'>et</span> <span class='ocrx_word' id='word_1_158' title='bbox 470 1709 742 1763; x_wconf 82' lang='lat' dir='ltr'>iniustitia</span> <span class='ocrx_word' id='word_1_159' title='bbox 787 1711 1206 1780; x_wconf 79' lang='lat' dir='ltr'>exposuissent,</span> <span class='ocrx_word' id='word_1_160' title='bbox 1258 1711 1357 1771; x_wconf 82' lang='lat' dir='ltr'>sed</span> <span class='ocrx_word' id='word_1_161' title='bbox 1406 1713 1669 1772; x_wconf 80' lang='lat' dir='ltr'>continuo</span> <span class='ocrx_word' id='word_1_162' title='bbox 1716 1712 1793 1787; x_wconf 63' lang='lat' dir='ltr'>ad</span> 
     </span>
     <span class='ocr_line' id='line_1_24' title="bbox 82 1779 1794 1851; baseline 0.002 -16"><span class='ocrx_word' id='word_1_163' title='bbox 82 1779 475 1851; x_wconf 79' lang='lat' dir='ltr'>exquirendam</span> <span class='ocrx_word' id='word_1_164' title='bbox 525 1781 763 1834; x_wconf 85' lang='lat' dir='ltr'>iustitiae</span> <span class='ocrx_word' id='word_1_165' title='bbox 814 1782 926 1835; x_wconf 76' lang='lat' dir='ltr'>vim</span> <span class='ocrx_word' id='word_1_166' title='bbox 982 1782 1214 1841; x_wconf 83' lang='lat' dir='ltr'>accedat</span> <span class='ocrx_word' id='word_1_167' title='bbox 1225 1825 1245 1845; x_wconf 14' lang='grc' dir='ltr'>..Α</span> <span class='ocrx_word' id='word_1_168' title='bbox 1276 1784 1355 1837; x_wconf 85' lang='lat' dir='ltr'>ita</span> <span class='ocrx_word' id='word_1_169' title='bbox 1391 1786 1634 1842; x_wconf 82' lang='lat' dir='ltr'>futurum</span> <span class='ocrx_word' id='word_1_170' title='bbox 1654 1796 1794 1845; x_wconf 66' lang='lat' dir='ltr'>esse</span> 
     </span>
     <span class='ocr_line' id='line_1_25' title="bbox 83 1847 1787 1927; baseline 0.001 -20"><span class='ocrx_word' id='word_1_171' title='bbox 83 1861 254 1920; x_wconf 83' lang='lat' dir='ltr'>ratus,</span> <span class='ocrx_word' id='word_1_172' title='bbox 291 1863 355 1905; x_wconf 90' lang='lat' dir='ltr'>ut</span> <span class='ocrx_word' id='word_1_173' title='bbox 387 1847 481 1907; x_wconf 81' lang='lat' dir='ltr'>illa</span> <span class='ocrx_word' id='word_1_174' title='bbox 513 1852 735 1907; x_wconf 86' lang='lat' dir='ltr'>inventa</span> <span class='ocrx_word' id='word_1_175' title='bbox 773 1853 937 1910; x_wconf 82' lang='lat' dir='ltr'>etiam</span> <span class='ocrx_word' id='word_1_176' title='bbox 972 1855 1367 1926; x_wconf 54' lang='lat' dir='ltr'>perspiciatur,</span> <span class='ocrx_word' id='word_1_177' title='bbox 1422 1855 1556 1927; x_wconf 82' lang='lat' dir='ltr'>quid</span> <span class='ocrx_word' id='word_1_178' title='bbox 1593 1855 1662 1909; x_wconf 87' lang='lat' dir='ltr'>de</span> <span class='ocrx_word' id='word_1_179' title='bbox 1704 1851 1787 1909; x_wconf 70' lang='lat' dir='ltr'>in&#39;-</span> 
     </span>
     <span class='ocr_line' id='line_1_26' title="bbox 84 1924 1791 1997; baseline 0.001 -17"><span class='ocrx_word' id='word_1_180' title='bbox 84 1925 300 1980; x_wconf 77' lang='lat' dir='ltr'>iustitia</span> <span class='ocrx_word' id='word_1_181' title='bbox 344 1925 569 1994; x_wconf 88' lang='lat' dir='ltr'>eiusque</span> <span class='ocrx_word' id='word_1_182' title='bbox 619 1924 855 1978; x_wconf 79' lang='lat' dir='ltr'>utilitate</span> <span class='ocrx_word' id='word_1_183' title='bbox 921 1925 1344 1986; x_wconf 78' lang='lat' dir='ltr'>existimandum</span> <span class='ocrx_word' id='word_1_184' title='bbox 1396 1928 1525 1981; x_wconf 84' lang='lat' dir='ltr'>sit..</span> <span class='ocrx_word' id='word_1_185' title='bbox 1560 1927 1791 1997; x_wconf 62' lang='lat' dir='ltr'>¹‚Itaque</span> 
     </span>
     <span class='ocr_line' id='line_1_27' title="bbox 82 1995 1792 2071; baseline 0.002 -21"><span class='ocrx_word' id='word_1_186' title='bbox 82 1995 209 2051; x_wconf 86' lang='lat' dir='ltr'>inde</span> <span class='ocrx_word' id='word_1_187' title='bbox 245 2015 279 2051; x_wconf 79' lang='lat' dir='ltr'>a</span> <span class='ocrx_word' id='word_1_188' title='bbox 316 2010 371 2067; x_wconf 82' lang='lat' dir='ltr'>p.</span> <span class='ocrx_word' id='word_1_189' title='bbox 409 1998 534 2051; x_wconf 83' lang='lat'>367.</span> <span class='ocrx_word' id='word_1_190' title='bbox 571 1995 639 2049; x_wconf 88' lang='grc' dir='ltr'>Ε.</span> <span class='ocrx_word' id='word_1_191' title='bbox 677 1996 848 2050; x_wconf 88' lang='lat' dir='ltr'>libri</span> <span class='ocrx_word' id='word_1_192' title='bbox 891 1997 1196 2059; x_wconf 85' lang='lat' dir='ltr'>secun-di</span> <span class='ocrx_word' id='word_1_193' title='bbox 1246 1997 1460 2053; x_wconf 89' lang='lat' dir='ltr'>orditur</span> <span class='ocrx_word' id='word_1_194' title='bbox 1504 2000 1792 2071; x_wconf 78' lang='lat' dir='ltr'>primariae</span> 
     </span>
     <span class='ocr_line' id='line_1_28' title="bbox 81 2067 1794 2142; baseline 0.001 -18"><span class='ocrx_word' id='word_1_195' title='bbox 81 2069 162 2125; x_wconf 87' lang='lat' dir='ltr'>rei</span> <span class='ocrx_word' id='word_1_196' title='bbox 197 2067 251 2122; x_wconf 80' lang='lat' dir='ltr'>d&#39;</span> <span class='ocrx_word' id='word_1_197' title='bbox 324 2068 516 2122; x_wconf 86' lang='lat' dir='ltr'>utatio.</span> <span class='ocrx_word' id='word_1_198' title='bbox 590 2068 750 2136; x_wconf 78' lang='lat' dir='ltr'>Quae</span> <span class='ocrx_word' id='word_1_199' title='bbox 785 2067 1006 2138; x_wconf 89' lang='lat' dir='ltr'>quidem</span> <span class='ocrx_word' id='word_1_200' title='bbox 1033 2071 1240 2140; x_wconf 62' lang='lat' dir='ltr'>⁴operis</span> <span class='ocrx_word' id='word_1_201' title='bbox 1273 2089 1401 2142; x_wconf 85' lang='lat' dir='ltr'>pars</span> <span class='ocrx_word' id='word_1_202' title='bbox 1436 2079 1674 2126; x_wconf 83' lang='lat' dir='ltr'>tractata</span> <span class='ocrx_word' id='word_1_203' title='bbox 1707 2085 1794 2126; x_wconf 87' lang='lat' dir='ltr'>est</span> 
     </span>
     <span class='ocr_line' id='line_1_29' title="bbox 82 2088 1788 2215; baseline 0 -18"><span class='ocrx_word' id='word_1_204' title='bbox 82 2088 391 2197; x_wconf 56' lang='grc' dir='ltr'>ιιὼιιὶῐᾚῦἰ</span> <span class='ocrx_word' id='word_1_205' title='bbox 439 2139 600 2212; x_wconf 81' lang='lat' dir='ltr'>plane</span> <span class='ocrx_word' id='word_1_206' title='bbox 666 2159 733 2195; x_wconf 80' lang='lat' dir='ltr'>ac</span> <span class='ocrx_word' id='word_1_207' title='bbox 780 2160 956 2211; x_wconf 85' lang='lat' dir='ltr'>prope</span> <span class='ocrx_word' id='word_1_208' title='bbox 1014 2141 1201 2199; x_wconf 88' lang='lat' dir='ltr'>divina</span> <span class='ocrx_word' id='word_1_209' title='bbox 1263 2143 1477 2215; x_wconf 81' lang='lat' dir='ltr'>ingenii</span> <span class='ocrx_word' id='word_1_210' title='bbox 1529 2144 1788 2209; x_wconf 74' lang='lat' dir='ltr'>sollertia.</span> 
     </span>
     <span class='ocr_line' id='line_1_30' title="bbox 82 2212 1789 2288; baseline 0.002 -21"><span class='ocrx_word' id='word_1_211' title='bbox 82 2212 272 2282; x_wconf 81' lang='lat' dir='ltr'>Quum</span> <span class='ocrx_word' id='word_1_212' title='bbox 310 2213 456 2267; x_wconf 86' lang='lat' dir='ltr'>enim</span> <span class='ocrx_word' id='word_1_213' title='bbox 490 2212 851 2284; x_wconf 83' lang='lat' dir='ltr'>philosophus</span> <span class='ocrx_word' id='word_1_214' title='bbox 888 2226 1013 2268; x_wconf 83' lang='lat' dir='ltr'>sese</span> <span class='ocrx_word' id='word_1_215' title='bbox 1050 2214 1271 2268; x_wconf 83' lang='lat' dir='ltr'>simulet</span> <span class='ocrx_word' id='word_1_216' title='bbox 1307 2215 1365 2268; x_wconf 89' lang='lat' dir='ltr'>id</span> <span class='ocrx_word' id='word_1_217' title='bbox 1400 2232 1789 2288; x_wconf 75' lang='lat' dir='ltr'>uxium.agere‚</span> 
     </span>
     <span class='ocr_line' id='line_1_31' title="bbox 83 2284 1789 2358; baseline 0.001 -18"><span class='ocrx_word' id='word_1_218' title='bbox 83 2293 146 2340; x_wconf 87' lang='lat' dir='ltr'>ut</span> <span class='ocrx_word' id='word_1_219' title='bbox 178 2284 420 2339; x_wconf 86' lang='lat' dir='ltr'>iustitiae</span> <span class='ocrx_word' id='word_1_220' title='bbox 468 2284 551 2339; x_wconf 83' lang='lat' dir='ltr'>vis</span> <span class='ocrx_word' id='word_1_221' title='bbox 589 2292 645 2338; x_wconf 89' lang='lat' dir='ltr'>et</span> <span class='ocrx_word' id='word_1_222' title='bbox 682 2292 879 2339; x_wconf 79' lang='lat' dir='ltr'>natura</span> <span class='ocrx_word' id='word_1_223' title='bbox 913 2286 1307 2358; x_wconf 70' lang='lat' dir='ltr'>investigetur,</span> <span class='ocrx_word' id='word_1_224' title='bbox 1346 2294 1463 2341; x_wconf 81' lang='lat' dir='ltr'>tum</span> <span class='ocrx_word' id='word_1_225' title='bbox 1501 2308 1694 2342; x_wconf 83' lang='lat' dir='ltr'>revera</span> <span class='ocrx_word' id='word_1_226' title='bbox 1731 2288 1789 2342; x_wconf 91' lang='lat' dir='ltr'>id</span> 
     </span>
     <span class='ocr_line' id='line_1_32' title="bbox 81 2356 1790 2431; baseline 0.002 -19"><span class='ocrx_word' id='word_1_227' title='bbox 81 2356 300 2412; x_wconf 86' lang='lat' dir='ltr'>consilii</span> <span class='ocrx_word' id='word_1_228' title='bbox 331 2356 612 2427; x_wconf 78' lang='lat' dir='ltr'>sequitur,</span> <span class='ocrx_word' id='word_1_229' title='bbox 650 2365 716 2410; x_wconf 86' lang='lat' dir='ltr'>ut</span> <span class='ocrx_word' id='word_1_230' title='bbox 748 2356 844 2409; x_wconf 85' lang='lat' dir='ltr'>illa</span> <span class='ocrx_word' id='word_1_231' title='bbox 882 2357 1219 2428; x_wconf 82' lang='lat' dir='ltr'>exquirenda</span> <span class='ocrx_word' id='word_1_232' title='bbox 1254 2358 1480 2431; x_wconf 84' lang='lat' dir='ltr'>grandis</span> <span class='ocrx_word' id='word_1_233' title='bbox 1521 2359 1790 2430; x_wconf 81' lang='lat' dir='ltr'>quaedam</span> 
     </span>
     <span class='ocr_line' id='line_1_33' title="bbox 83 2428 1787 2487; baseline 0.002 -5"><span class='ocrx_word' id='word_1_234' title='bbox 83 2429 351 2484; x_wconf 78' lang='lat' dir='ltr'>humanae</span> <span class='ocrx_word' id='word_1_235' title='bbox 399 2428 618 2482; x_wconf 86' lang='lat' dir='ltr'>virtutis</span> <span class='ocrx_word' id='word_1_236' title='bbox 663 2436 719 2482; x_wconf 93' lang='lat' dir='ltr'>et</span> <span class='ocrx_word' id='word_1_237' title='bbox 764 2428 821 2482; x_wconf 90' lang='lat' dir='ltr'>in</span> <span class='ocrx_word' id='word_1_238' title='bbox 858 2428 1077 2484; x_wconf 87' lang='lat' dir='ltr'>homine</span> <span class='ocrx_word' id='word_1_239' title='bbox 1113 2438 1173 2484; x_wconf 92' lang='lat' dir='ltr'>et</span> <span class='ocrx_word' id='word_1_240' title='bbox 1207 2431 1264 2484; x_wconf 92' lang='lat' dir='ltr'>in</span> <span class='ocrx_word' id='word_1_241' title='bbox 1303 2431 1533 2487; x_wconf 84' lang='lat' dir='ltr'>civitate-</span> <span class='ocrx_word' id='word_1_242' title='bbox 1565 2451 1632 2486; x_wconf 83' lang='lat' dir='ltr'>ex</span> <span class='ocrx_word' id='word_1_243' title='bbox 1673 2447 1787 2486; x_wconf 79' lang='lat' dir='ltr'>res·-</span> 
     </span>
     <span class='ocr_line' id='line_1_34' title="bbox 82 2498 1788 2572; baseline 0.002 -16"><span class='ocrx_word' id='word_1_244' title='bbox 82 2520 177 2556; x_wconf 85' lang='lat' dir='ltr'>sae</span> <span class='ocrx_word' id='word_1_245' title='bbox 215 2499 430 2572; x_wconf 86' lang='lat' dir='ltr'>species</span> <span class='ocrx_word' id='word_1_246' title='bbox 466 2509 522 2554; x_wconf 91' lang='lat' dir='ltr'>et</span> <span class='ocrx_word' id='word_1_247' title='bbox 555 2499 738 2572; x_wconf 80' lang='lat' dir='ltr'>imago</span> <span class='ocrx_word' id='word_1_248' title='bbox 762 2498 1106 2571; x_wconf 79' lang='lat' dir='ltr'>exhibeatur,</span> <span class='ocrx_word' id='word_1_249' title='bbox 1146 2502 1363 2572; x_wconf 85' lang='lat' dir='ltr'>qualem</span> <span class='ocrx_word' id='word_1_250' title='bbox 1400 2503 1468 2558; x_wconf 86' lang='lat' dir='ltr'>ab</span> <span class='ocrx_word' id='word_1_251' title='bbox 1510 2522 1574 2559; x_wconf 91' lang='lat' dir='ltr'>eo</span> <span class='ocrx_word' id='word_1_252' title='bbox 1597 2524 1630 2557; x_wconf 89' lang='lat' dir='ltr'>a</span> <span class='ocrx_word' id='word_1_253' title='bbox 1671 2524 1788 2559; x_wconf 86' lang='lat' dir='ltr'>um-</span> 
     </span>
     <span class='ocr_line' id='line_1_35' title="bbox 84 2571 1790 2631; baseline 0.001 -2"><span class='ocrx_word' id='word_1_254' title='bbox 84 2574 295 2629; x_wconf 78' lang='lat' dir='ltr'>bratam</span> <span class='ocrx_word' id='word_1_255' title='bbox 341 2589 466 2626; x_wconf 82' lang='lat' dir='ltr'>esse</span> <span class='ocrx_word' id='word_1_256' title='bbox 510 2589 574 2626; x_wconf 87' lang='lat' dir='ltr'>su</span> <span class='ocrx_word' id='word_1_257' title='bbox 615 2590 678 2625; x_wconf 87' lang='lat' dir='ltr'>ra</span> <span class='ocrx_word' id='word_1_258' title='bbox 712 2571 1221 2631; x_wconf 68' lang='lat' dir='ltr'>animadvertimus.</span> <span class='ocrx_word' id='word_1_259' title='bbox 1275 2574 1559 2631; x_wconf 83' lang='lat' dir='ltr'>Nimirum</span> <span class='ocrx_word' id='word_1_260' title='bbox 1595 2576 1790 2631; x_wconf 86' lang='lat' dir='ltr'>nititur</span> 
     </span>
     <span class='ocr_line' id='line_1_36' title="bbox 82 2642 1790 2730; baseline 0.001 -30"><span class='ocrx_word' id='word_1_261' title='bbox 82 2663 237 2712; x_wconf 82' lang='lat' dir='ltr'>sane,</span> <span class='ocrx_word' id='word_1_262' title='bbox 283 2644 459 2716; x_wconf 89' lang='lat' dir='ltr'>ipsius</span> <span class='ocrx_word' id='word_1_263' title='bbox 491 2642 548 2696; x_wconf 91' lang='lat' dir='ltr'>iu</span> <span class='ocrx_word' id='word_1_264' title='bbox 589 2643 728 2710; x_wconf 83' lang='grc' dir='ltr'>ιοὶο,</span> <span class='ocrx_word' id='word_1_265' title='bbox 766 2644 988 2700; x_wconf 82' lang='lat' dir='ltr'>virtutis</span> <span class='ocrx_word' id='word_1_266' title='bbox 1034 2645 1304 2700; x_wconf 79' lang='lat' dir='ltr'>humanae</span> <span class='ocrx_word' id='word_1_267' title='bbox 1363 2647 1629 2730; x_wconf 79' lang='lat' dir='ltr'>perfectio</span> <span class='ocrx_word' id='word_1_268' title='bbox 1678 2666 1790 2702; x_wconf 83' lang='lat' dir='ltr'>una</span> 
     </span>
     <span class='ocr_line' id='line_1_37' title="bbox 16 2714 1787 2784; baseline 0.001 -13"><span class='ocrx_word' id='word_1_269' title='bbox 16 2750 17 2776; x_wconf 25' lang='grc' dir='ltr'>ἢ</span> <span class='ocrx_word' id='word_1_270' title='bbox 82 2716 314 2772; x_wconf 78' lang='lat' dir='ltr'>maxime</span> <span class='ocrx_word' id='word_1_271' title='bbox 355 2714 595 2784; x_wconf 81' lang='lat' dir='ltr'>iustitia,</span> <span class='ocrx_word' id='word_1_272' title='bbox 643 2733 785 2784; x_wconf 85' lang='lat' dir='ltr'>quae</span> <span class='ocrx_word' id='word_1_273' title='bbox 833 2715 968 2770; x_wconf 89' lang='lat' dir='ltr'>nihil</span> <span class='ocrx_word' id='word_1_274' title='bbox 1016 2728 1101 2772; x_wconf 87' lang='lat' dir='ltr'>est</span> <span class='ocrx_word' id='word_1_275' title='bbox 1137 2717 1287 2772; x_wconf 83' lang='lat' dir='ltr'>aliud</span> <span class='ocrx_word' id='word_1_276' title='bbox 1321 2715 1427 2773; x_wconf 89' lang='lat' dir='ltr'>msi</span> <span class='ocrx_word' id='word_1_277' title='bbox 1465 2719 1642 2775; x_wconf 88' lang='lat' dir='ltr'>omnis</span> <span class='ocrx_word' id='word_1_278' title='bbox 1678 2718 1787 2773; x_wconf 81' lang='lat' dir='ltr'>vir-</span> 
     </span>
     <span class='ocr_line' id='line_1_38' title="bbox 15 2783 1786 2876; baseline 0.002 -33"><span class='ocrx_word' id='word_1_279' title='bbox 15 2814 17 2856; x_wconf 71' lang='lat'>1</span> <span class='ocrx_word' id='word_1_280' title='bbox 83 2789 220 2843; x_wconf 76' lang='lat' dir='ltr'>tutis</span> <span class='ocrx_word' id='word_1_281' title='bbox 278 2783 551 2843; x_wconf 85' lang='lat' dir='ltr'>absolutio</span> <span class='ocrx_word' id='word_1_282' title='bbox 620 2794 676 2839; x_wconf 88' lang='lat' dir='ltr'>et</span> <span class='ocrx_word' id='word_1_283' title='bbox 723 2783 1141 2844; x_wconf 85' lang='lat' dir='ltr'>consummatio.</span> <span class='ocrx_word' id='word_1_284' title='bbox 1226 2789 1379 2844; x_wconf 90' lang='lat' dir='ltr'>Dum</span> <span class='ocrx_word' id='word_1_285' title='bbox 1415 2789 1587 2876; x_wconf 65' lang='lat' dir='ltr'>igitur</span> <span class='ocrx_word' id='word_1_286' title='bbox 1622 2790 1786 2847; x_wconf 88' lang='lat' dir='ltr'>huius</span> 
     </span>
     <span class='ocr_line' id='line_1_39' title="bbox 82 2858 1785 2943; baseline 0.002 -28"><span class='ocrx_word' id='word_1_287' title='bbox 82 2859 167 2915; x_wconf 83' lang='lat' dir='ltr'>vis</span> <span class='ocrx_word' id='word_1_288' title='bbox 218 2875 275 2915; x_wconf 80' lang='lat' dir='ltr'>et</span> <span class='ocrx_word' id='word_1_289' title='bbox 331 2858 669 2943; x_wconf 79' lang='lat' dir='ltr'>praestantia</span> <span class='ocrx_word' id='word_1_290' title='bbox 729 2858 931 2914; x_wconf 84' lang='lat' dir='ltr'>clarius</span> <span class='ocrx_word' id='word_1_291' title='bbox 991 2859 1288 2930; x_wconf 72' lang='lat' dir='ltr'>elucescit,</span> <span class='ocrx_word' id='word_1_292' title='bbox 1333 2861 1785 2921; x_wconf 68' lang='lat' dir='ltr'>artificiosissime</span> 
     </span>
     <span class='ocr_line' id='line_1_40' title="bbox 82 2929 1783 3006; baseline 0.001 -19"><span class='ocrx_word' id='word_1_293' title='bbox 82 2931 251 2987; x_wconf 77' lang='lat' dir='ltr'>etiam</span> <span class='ocrx_word' id='word_1_294' title='bbox 298 2930 539 2987; x_wconf 82' lang='lat' dir='ltr'>civitatis</span> <span class='ocrx_word' id='word_1_295' title='bbox 589 2938 649 2984; x_wconf 90' lang='lat' dir='ltr'>et</span> <span class='ocrx_word' id='word_1_296' title='bbox 684 2929 919 2986; x_wconf 89' lang='lat' dir='ltr'>hominis</span> <span class='ocrx_word' id='word_1_297' title='bbox 956 2930 1133 2986; x_wconf 84' lang='lat' dir='ltr'>virtus</span> <span class='ocrx_word' id='word_1_298' title='bbox 1166 2932 1226 2988; x_wconf 86' lang='lat' dir='ltr'>in</span> <span class='ocrx_word' id='word_1_299' title='bbox 1261 2941 1618 3006; x_wconf 82' lang='lat' dir='ltr'>conspectum</span> <span class='ocrx_word' id='word_1_300' title='bbox 1657 2954 1783 3006; x_wconf 86' lang='lat' dir='ltr'>pro-</span> 
     </span>
     <span class='ocr_line' id='line_1_41' title="bbox 10 3001 1784 3073; baseline 0.001 -15"><span class='ocrx_word' id='word_1_301' title='bbox 10 3032 14 3043; x_wconf 63' lang='lat'>&lt;</span> <span class='ocrx_word' id='word_1_302' title='bbox 82 3002 317 3059; x_wconf 82' lang='lat' dir='ltr'>ducitur.</span> <span class='ocrx_word' id='word_1_303' title='bbox 392 3001 561 3071; x_wconf 81' lang='lat' dir='ltr'>Quod</span> <span class='ocrx_word' id='word_1_304' title='bbox 598 3001 819 3073; x_wconf 88' lang='lat' dir='ltr'>quidem</span> <span class='ocrx_word' id='word_1_305' title='bbox 859 3003 1052 3061; x_wconf 86' lang='lat' dir='ltr'>mirum</span> <span class='ocrx_word' id='word_1_306' title='bbox 1090 3012 1181 3059; x_wconf 81' lang='lat' dir='ltr'>est</span> <span class='ocrx_word' id='word_1_307' title='bbox 1224 3005 1376 3060; x_wconf 80' lang='lat' dir='ltr'>viros</span> <span class='ocrx_word' id='word_1_308' title='bbox 1409 3004 1606 3062; x_wconf 85' lang='lat' dir='ltr'>doctos</span> <span class='ocrx_word' id='word_1_309' title='bbox 1644 3005 1784 3060; x_wconf 79' lang='lat' dir='ltr'>adeo</span> 
     </span>
     <span class='ocr_line' id='line_1_42' title="bbox 83 3071 1813 3146; baseline 0.002 -16"><span class='ocrx_word' id='word_1_310' title='bbox 83 3075 376 3145; x_wconf 78' lang='lat' dir='ltr'>fefellisse,</span> <span class='ocrx_word' id='word_1_311' title='bbox 432 3082 495 3128; x_wconf 90' lang='lat' dir='ltr'>ut</span> <span class='ocrx_word' id='word_1_312' title='bbox 541 3071 687 3129; x_wconf 81' lang='lat' dir='ltr'>hanc</span> <span class='ocrx_word' id='word_1_313' title='bbox 738 3074 915 3146; x_wconf 83' lang='lat' dir='ltr'>ipsam</span> <span class='ocrx_word' id='word_1_314' title='bbox 961 3075 1033 3131; x_wconf 93' lang='lat' dir='ltr'>ob</span> <span class='ocrx_word' id='word_1_315' title='bbox 1098 3095 1377 3133; x_wconf 59' lang='lat' dir='ltr'>‹ianssam⁴</span> <span class='ocrx_word' id='word_1_316' title='bbox 1413 3076 1480 3131; x_wconf 91' lang='lat' dir='ltr'>de</span> <span class='ocrx_word' id='word_1_317' title='bbox 1541 3077 1813 3142; x_wconf 53' lang='lat' dir='ltr'>univer-si,</span> 
     </span>
    </p>

    <p class='ocr_par' dir='ltr' id='par_1_4' title="bbox 160 3145 1781 3220">
     <span class='ocr_line' id='line_1_43' title="bbox 160 3145 1781 3220; baseline 0.002 -18"><span class='ocrx_word' id='word_1_318' title='bbox 160 3148 267 3202; x_wconf 78' lang='lat' dir='ltr'>eris</span> <span class='ocrx_word' id='word_1_319' title='bbox 312 3145 557 3202; x_wconf 88' lang='lat' dir='ltr'>consiliis</span> <span class='ocrx_word' id='word_1_320' title='bbox 606 3163 664 3201; x_wconf 71' lang='lat' dir='ltr'>et</span> <span class='ocrx_word' id='word_1_321' title='bbox 709 3146 1013 3202; x_wconf 83' lang='lat' dir='ltr'>rationibus</span> <span class='ocrx_word' id='word_1_322' title='bbox 1058 3164 1248 3220; x_wconf 80' lang='lat' dir='ltr'>pamm</span> <span class='ocrx_word' id='word_1_323' title='bbox 1283 3156 1434 3206; x_wconf 80' lang='lat' dir='ltr'>reete</span> <span class='ocrx_word' id='word_1_324' title='bbox 1471 3150 1781 3206; x_wconf 81' lang='lat' dir='ltr'>statuerint.</span> 
     </span>
    </p>

    <p class='ocr_par' dir='ltr' id='par_1_5' title="bbox 85 3216 1782 3437">
     <span class='ocr_line' id='line_1_44' title="bbox 137 3216 1782 3277; baseline 0.003 -5"><span class='ocrx_word' id='word_1_325' title='bbox 137 3218 381 3274; x_wconf 70' lang='lat' dir='ltr'>nii-vero</span> <span class='ocrx_word' id='word_1_326' title='bbox 417 3219 475 3272; x_wconf 84' lang='lat' dir='ltr'>in</span> <span class='ocrx_word' id='word_1_327' title='bbox 495 3216 752 3273; x_wconf 74' lang='lat' dir='ltr'>‚fraudem</span> <span class='ocrx_word' id='word_1_328' title='bbox 778 3218 856 3272; x_wconf 80' lang='lat' dir='ltr'>illi</span> <span class='ocrx_word' id='word_1_329' title='bbox 906 3219 1142 3275; x_wconf 83' lang='lat' dir='ltr'>maxime</span> <span class='ocrx_word' id='word_1_330' title='bbox 1161 3230 1290 3276; x_wconf 69' lang='lat' dir='ltr'>stant</span> <span class='ocrx_word' id='word_1_331' title='bbox 1332 3220 1562 3276; x_wconf 82' lang='lat' dir='ltr'>inducti.</span> <span class='ocrx_word' id='word_1_332' title='bbox 1601 3222 1782 3277; x_wconf 83' lang='lat' dir='ltr'>verbis</span> 
     </span>
     <span class='ocr_line' id='line_1_45' title="bbox 85 3288 1780 3365; baseline 0.003 -22"><span class='ocrx_word' id='word_1_333' title='bbox 85 3290 208 3344; x_wconf 86' lang='lat' dir='ltr'>libri</span> <span class='ocrx_word' id='word_1_334' title='bbox 246 3289 316 3346; x_wconf 84' lang='lat' dir='ltr'>ll.&#39;</span> <span class='ocrx_word' id='word_1_335' title='bbox 380 3331 393 3343; x_wconf 95' lang='lat'>.</span> <span class='ocrx_word' id='word_1_336' title='bbox 431 3294 552 3346; x_wconf 74' lang='lat'>368.</span> <span class='ocrx_word' id='word_1_337' title='bbox 592 3288 657 3344; x_wconf 86' lang='lat' dir='ltr'>C.</span> <span class='ocrx_word' id='word_1_338' title='bbox 695 3310 778 3360; x_wconf 77' lang='lat' dir='ltr'>sq.</span> <span class='ocrx_word' id='word_1_339' title='bbox 829 3311 895 3345; x_wconf 86' lang='lat' dir='ltr'>ex</span> <span class='ocrx_word' id='word_1_340' title='bbox 934 3292 1135 3361; x_wconf 82' lang='lat' dir='ltr'>quibus</span> <span class='ocrx_word' id='word_1_341' title='bbox 1170 3294 1390 3352; x_wconf 60' lang='lat' dir='ltr'>§uerunt</span> <span class='ocrx_word' id='word_1_342' title='bbox 1426 3294 1517 3364; x_wconf 83' lang='lat' dir='ltr'>qui</span> <span class='ocrx_word' id='word_1_343' title='bbox 1557 3294 1780 3365; x_wconf 75' lang='lat' dir='ltr'>collige·</span> 
     </span>
     <span class='ocr_line' id='line_1_46' title="bbox 87 3310 1782 3437; baseline 0.004 -22"><span class='ocrx_word' id='word_1_344' title='bbox 87 3372 208 3416; x_wconf 78' lang='lat' dir='ltr'>rent</span> <span class='ocrx_word' id='word_1_345' title='bbox 257 3310 640 3434; x_wconf 60' lang='lat' dir='ltr'>phffooophum</span> <span class='ocrx_word' id='word_1_346' title='bbox 690 3360 814 3419; x_wconf 84' lang='lat' dir='ltr'>idco</span> <span class='ocrx_word' id='word_1_347' title='bbox 868 3364 1205 3435; x_wconf 80' lang='lat' dir='ltr'>potissimum</span> <span class='ocrx_word' id='word_1_348' title='bbox 1257 3366 1495 3437; x_wconf 77' lang='lat' dir='ltr'>optimae</span> <span class='ocrx_word' id='word_1_349' title='bbox 1540 3365 1782 3422; x_wconf 50' lang='lat' dir='ltr'>¹civitatis</span> 
     </span>
    </p>
   </div>
  </div>
 </body>
</html>
