2098 3658
124 744 228 797 429

266 176 368 228 342
871 168 1357 224 PLATONIS

265 324 481 390 ἔχοντες
523 313 903 388 ὀνομάζονταί
948 339 1090 383 τινες
1134 315 1300 381 εἶναι,
1346 334 1577 370 παντων
1620 311 1835 369 τούτων
1878 336 1973 369 ου-

269 424 355 459 τοι
396 400 471 458 ἂν
516 399 620 457 εἷεν
665 399 965 469 ὀλίγςιστοι
1015 400 1171 458 Πολύ
1216 423 1291 471 γε.
1346 402 1436 469 Τῷ
1466 395 1816 471 σμικροτάτῳ
1856 395 1972 469 ἄρα

267 491 428 542 ἔθνει
484 489 578 541 καὶ
635 483 786 557 μέρει
842 489 1045 554 ἑαυτῆς
1101 489 1193 541 καὶ
1237 488 1301 561 τῆ
1345 491 1404 538 ὲν
1462 482 1644 552 τούτῳ
1687 478 1985 559 ὲπιστημῃ,·

272 573 348 641 τῷ
394 572 715 643 προεστῶτι
770 572 863 623 καὶ
919 566 1176 643 ἄρχοντι,
1238 566 1340 634 ὅλη
1389 564 1536 640 σοφὴ
1582 564 1656 621 ἂν
1700 566 1782 633 ε’ίη
1827 589 1971 621 κατα

265 650 432 729 φύσιν
477 656 796 709 οἰκισθεῖσα
842 653 1024 750 πόλις
1068 658 1163 709 καὶ
1206 655 1404 743 τοῦτο,
1463 650 1536 715 ὡς
1590 655 1757 716 ἔοικε,
1815 670 1974 726 φυσει

267 739 547 808 ὀλίγιστον
591 741 832 808 γίγνεται
879 738 1049 808 γένος,
1096 731 1138 809 ᾧ
1186 733 1443 828 προςήκει
1490 756 1696 801 ταυτης
1741 738 1838 802 τῆς
1863 742 1976 789 ἐπι-

267 822 478 893 στήμης
523 818 976 892 μεταλαγχάνειν,
1025 820 1093 890 ἢν
1135 813 1315 893 μονην
1360 824 1440 875 δεῖ
1485 822 1594 874 τῶν
1637 817 1822 874 ἄλλων
1861 827 1976 874 ἐπι-

265 909 490 978 στημῶν
546 910 756 982 σοφίαν
803 909 1124 962 καλεῖσθαι.
1165 904 1577 974 Ἀληθεστατα,
1624 909 1747 978 ἔφη,
1787 900 1974 972 λεγεις.

273 995 456 1048 Τοῦτο
499 992 605 1062 μὲν
646 988 713 1057 δὴ
756 993 814 1045 ἓν
856 994 968 1045 τῶν
995 991 1272 1063 τεττάρων
1316 988 1417 1046 οὐκ
1459 989 1585 1044 οἶδα
1617 986 1813 1043 ὅντινα
1851 984 1978 1061 τρό-

267 1097 378 1132 πον
424 1073 750 1148 εὑρήκαμεν,
798 1072 939 1131 αὐτό
982 1097 1043 1131 τε
1097 1079 1186 1131 καὶ
1234 1072 1382 1131 ὅπου
1429 1077 1528 1142 τῆς
1572 1071 1781 1136 πόλεως
1825 1077 1977 1143 ἵδρυ-

270 1181 378 1215 ται.
423 1158 580 1231 Ἐμοὶ
623 1162 764 1228 γοῦν
809 1161 970 1224 δοκεῖ,
1018 1166 1137 1234 ἔφη,
1183 1158 1556 1230 ἀποχρώντως
1583 1155 1903 1227 εὑρῆσθαι.

391 1241 539 1344 Gap.
588 1240 719 1298 VII.
809 1242 975 1298 Ἀλλα
1031 1243 1144 1315 μὴν
1198 1243 1430 1314 ἀνδρεία
1489 1263 1548 1310 γε
1593 1239 1736 1308 αὐτή
1785 1263 1838 1296 τε
1885 1246 1978 1310 καὶ

267 1334 327 1383 ἐν
374 1319 417 1398 ᾧ
463 1349 639 1383 κειται
682 1329 783 1394 τῆς
826 1326 1052 1418 πόλεως,
1096 1326 1188 1382 δι’
1209 1324 1239 1383 ὃ
1288 1325 1525 1393 τοιαύτη
1549 1324 1750 1394 κλητέα
1797 1324 1830 1392 ἡ
1876 1326 1978 1384 πό-

266 1416 365 1478 λις,
411 1408 478 1468 οὐ
524 1431 674 1466 πανυ
716 1405 962 1482 χαλεπὸν
1006 1415 1159 1467 ἰδεῖν.
1205 1414 1342 1476 Πῶς
1386 1410 1484 1478 δής
1536 1414 1631 1475 Τίς
1677 1406 1766 1475 ἂν,
1814 1402 1884 1478 ἦν
1929 1410 1970 1466 δ’

265 1497 401 1567 ἐγώ,
461 1502 535 1560 εἰς
576 1491 714 1550 ἄλλο
773 1516 827 1550 τι
885 1493 1220 1572 ἀποβλέψας
1278 1492 1310 1563 ἢ
1375 1493 1562 1562 δειλὴν
1613 1492 1648 1562 ἢ
1710 1493 1976 1567 ἀνδρείαν

267 1577 432 1636 πόλιν
477 1579 623 1635 ε’ίποι
677 1577 802 1634 ἀλλ’
858 1576 890 1646 ἢ
948 1587 1022 1645 εἰς
1067 1584 1235 1637 τοῦτο
1289 1577 1353 1636 τὸ
1398 1577 1580 1651 μέρος,
1627 1577 1656 1634 ὃ
1701 1585 1980 1649 προπολε-

266 1675 357 1736 μεῖ
400 1686 458 1719 τε
491 1667 584 1720 καὶ
629 1662 991 1736 στρατεύεται
1022 1663 1163 1738 ὑπὲρ
1192 1664 1400 1732 αὐτῆς;
1445 1662 1572 1720 Οὐδ’
1622 1660 1696 1719 ἂν
1720 1662 1810 1730 εἷς,
1855 1670 1975 1742 ἔφη,

268 1755 344 1814 εἰς
387 1745 526 1805 ἄλλο
570 1769 640 1805 τι.
735 1746 814 1805 Οὐ
873 1747 1012 1822 γάρ,
1063 1748 1246 1821 οἶμαι,
1293 1748 1469 1822 εἶπον,
1515 1754 1574 1806 οἵ
1612 1770 1671 1818 γε
1710 1743 1873 1806 ἄλλοι
1918 1749 1978 1806 ἓν

384 1942 436 1985 Ρ.
469 1941 571 1987 429.
621 1936 766 1992 Ἐμοὶ
799 1942 941 1996 γοῦν
973 1942 1155 1996 δοκεῖ]
1199 1940 1350 1996 δίορΙι.
1380 1940 1469 1982 Καὶ
1499 1940 1591 1992 ἐμοὶ
1624 1940 1736 1995 γοῦν
1772 1937 1825 1989 8.,
1856 1942 1976 1995 quod

265 2005 441 2053 praeter
473 2001 581 2042 Ven.
625 1999 674 2044 Ξ.
709 2001 855 2044 Ambr.
889 2006 997 2054 Ang.
1030 2001 1148 2042 Flor.
1178 2013 1218 2041 a.
1249 2013 1285 2041 c.
1317 2001 1462 2041 nunus
1494 2001 1604 2041 liber
1643 1996 1831 2042 exhibet.
1882 2000 1976 2041 De-

268 2057 370 2101 inde
410 2059 526 2110 vulg.
567 2056 790 2111 εἰρῆσθαι,
830 2058 948 2110 quod
989 2064 1109 2100 recte
1152 2059 1336 2099 mutavit
1373 2060 1491 2108 Ast„
1534 2059 1654 2100 cuius
1686 2058 1978 2100 coniecturam

266 2116 438 2157 firmant
467 2118 560 2156 Par.
599 2117 658 2156 A.
693 2115 812 2156 Mon.
843 2115 997 2160 Ambr.
1037 2116 1131 2156 Vnt.
1165 2129 1220 2159 m.
1255 2116 1370 2159 Flor.
1401 2129 1440 2155 a.
1474 2130 1507 2160 c.
1543 2129 1583 2157 x.
1616 2129 1654 2155 α.
1687 2114 1731 2160 β.
1765 2130 1803 2169 γ.

385 2172 493 2226 Cap.
530 2173 624 2213 VII.
663 2173 712 2216 B.
746 2170 773 2226 ἢ
804 2174 960 2213 τοίαν
992 2169 1169 2228 αὐτὴν
1197 2169 1374 2229 εἶναι]
1409 2174 1465 2214 V.
1500 2175 1563 2216 bis
1596 2169 1737 2222 τοιάν,
1769 2172 1889 2226 quod
1922 2186 1976 2215 ex

270 2231 414 2272 multis
447 2231 711 2284 optimisque
743 2232 861 2272 libris
894 2237 1123 2274 mutatum.

386 2289 437 2330 C.
495 2292 592 2340 τῆς
624 2288 724 2330 ὑπὸ
761 2286 962 2342 νόμου]
999 2290 1206 2345 Stephan.
1241 2288 1398 2344 νόμον,
1431 2294 1582 2331 contra
1613 2287 1743 2330 fidem
1773 2287 1975 2330 codicum

327 2427 1079 2484 ὄιιομοίζονταίτινεςεῗναι]

270 2487 502 2540 aliquod
539 2501 731 2531 nomen
761 2489 1081 2538 habent,ve·

270 2545 349 2587 luti
382 2545 614 2599 τεκτόνων,
645 2551 852 2601 γεωργῶν,
886 2550 938 2589 nl.
970 2549 1080 2590 Per-

269 2616 416 2658 peram
458 2604 570 2646 enim
605 2606 802 2646 Astius
836 2620 950 2651 τινες
990 2621 1079 2648 em·

269 2661 446 2733 phatico
479 2674 609 2703 sensu
653 2662 834 2716 accepit
898 2664 1080 2705 Infiniti-

269 2732 348 2759 vus
380 2713 490 2760 εἶναι
522 2725 622 2773 post
660 2717 964 2774 ὀνομάζεσθαι
996 2722 1080 2763 fre-

269 2782 451 2829 quenter
492 2778 556 2819 sic
586 2779 782 2820 infertur.
832 2794 872 2822 v.
915 2780 1083 2821 Hein-

273 2834 385 2875 dors.
406 2834 660 2877 adTheaet.
682 2851 721 2890 p.
745 2835 845 2880 344.
865 2838 1082 2879 Iacobs.

277 2891 421 2935 Addit.
455 2892 494 2933 in
515 2893 674 2936 Athen.
703 2907 743 2947 p
763 2894 864 2939 225.
886 2896 1083 2938 Sohae-

277 2950 368 2990 fer.
389 2949 442 2991 ad
468 2951 642 3005 Dionys.
667 2951 722 2993 de
743 2953 951 3007 Compos.
967 2954 1080 2995 Ver-

276 3007 459 3109 borwg.
491 3005 591 3054 141.
657 3010 806 3054 Reiz.
848 3011 902 3054 ad
940 3012 1080 3065 Viget.

332 3179 383 3220 P.
402 3179 502 3224 429.
534 3184 633 3232 τῆς
663 3179 1084 3238 ἒπιστῆμηςμε-

277 3235 664 3292 ταλαγχάνειν]
704 3239 951 3282 Βίοῐίοιιθηι
984 3241 1085 3282 iuu-

276 3296 430 3337 stravit
457 3294 660 3337 Ruhnk.
695 3297 750 3338 ad
771 3298 887 3342 Tim.
915 3312 956 3351 p.
984 3299 1082 3343 179

278 3377 334 3384 --
373 3350 516 3396 αὐτό
557 3367 613 3393 τε
655 3354 741 3394 καὶ
780 3352 925 3397 ὅπου
967 3372 1006 3399 τ.
1038 3372 1082 3401 π.

277 3410 515 3466 ἰ’,δρυται
537 3414 638 3454 tum
666 3417 915 3455 naturam
940 3415 1083 3465 eius,

1167 2435 1274 2472 tum
1307 2430 1492 2472 sedem
1527 2443 1590 2471 ac
1631 2430 1975 2472 domiciHum

1164 2489 1214 2530 in
1249 2494 1439 2530 nostra
1473 2489 1726 2531 civitate.

1227 2575 1333 2628 Cap.
1363 2575 1450 2617 Vll.
1476 2575 1525 2615 Β.
1562 2573 1834 2626 κυ’ριοιιῖν
1866 2577 1978 2619 εἷεν

1167 2630 1192 2684 ἢ
1231 2634 1381 2673 τοίαν
1413 2630 1585 2682 αὐτὴν
1617 2631 1864 2690 εἷναι-]
1902 2635 1978 2677 es-

1169 2690 1411 2740 ficiam,
1445 2698 1504 2732 ut
1535 2690 1673 2733 talis
1711 2706 1768 2733 ea
1801 2694 1976 2735 sitve!

1169 2749 1318 2790 talis.
1349 2748 1468 2790 Infra
1514 2762 1553 2802 p.
1585 2748 1685 2793 437.
1717 2751 1772 2793 Ε.
1815 2755 1902 2791 τοῦ
1932 2750 1976 2791 δὲ

1167 2807 1294 2847 τοίου
1327 2805 1352 2858 ἢ
1384 2809 1508 2848 τοίου
1540 2806 1591 2847 τὰ
1617 2805 1975 2868 προςγιγιο’μεν.α

1171 2863 1348 2906 Phaedr.
1366 2878 1406 2918 p.
1424 2862 1525 2908 271.
1547 2864 1603 2907 D.
1627 2865 1740 2906 ἔστιν
1762 2863 1976 2907 ου’ντόσιι

1166 2922 1237 2961 καὶ
1271 2938 1384 2962 τοσα
1413 2923 1486 2962 καὶ
1506 2926 1589 2961 τοῖι
1561 2939 1604 2960 ια
1628 2923 1700 2962 και
1720 2927 1836 2973 τοῖα,
1864 2921 1976 2965 ὅθεν

1167 2980 1210 3019 οι
1237 2982 1313 3031 μὲν
1344 2980 1521 3027 τοιοίδε,
1554 2980 1599 3019 οἱ
1643 2980 1685 3021 δὲ
1717 2981 1881 3022 τοιοίδε
1914 2983 1976 3036 γί-

1165 3051 1360 3092 γνονται.
1767 3048 1775 3051 ”

1227 3123 1277 3167 C.
1336 3123 1408 3178 τῷ
1438 3124 1488 3164 ἕν
1524 3139 1577 3164 τε
1609 3122 1807 3172 λύπαις
1837 3123 1976 3166 ὄντα
2046 3159 2050 3164 .

1171 3179 1420 3234 διασώζ]
1477 3196 1534 3223 eo
1583 3183 1721 3236 quod
1779 3184 1822 3224 si
1859 3184 1992 3236 quis*

1171 3239 1464 3281 doloribus
1525 3240 1804 3289 afficitur,
1864 3255 1975 3283 eam

1170 3295 1272 3352 (τὴν
1290 3295 1486 3353 περὶτῶν
1515 3296 1661 3338 δεινῶν
1683 3296 1831 3350 δόξαν)
1864 3300 1976 3340 ani—

1172 3369 1252 3397 mo
1285 3368 1380 3397 suo
1414 3356 1616 3397 retinet
1657 3361 1823 3410 atque
1857 3370 1975 3398 con-

1171 3418 1362 3456 servat
1414 3438 1466 3444 —
1520 3426 1695 3467 neque
1765 3415 1972 3457 abiicit.
