2106 3594
286 155 335 207 11

288 316 350 350 so
389 295 462 348 lio
513 293 723 347 crimini
781 299 1096 358 verterunt,
1158 290 1307 366 quod
1359 291 1635 344 civitatem
1687 287 1990 342 condiderit

287 387 360 421 vu
383 366 605 440 garibus
644 363 910 417 institutis
948 361 1202 416 civilibus
1243 382 1350 418 non
1390 362 1820 415 convenientem.

430 463 544 517 Sed
593 482 760 532 quum
809 463 980 515 totius
1037 460 1350 532 scriptionis
1397 482 1428 515 a
1481 460 1808 533 philosopho
1871 478 1991 513 sus-

289 551 479 606 ceptae
519 534 807 587 eonsilium
844 535 923 586 ita
962 532 1166 603 tu'lerit,
1204 542 1267 586 ut
1305 535 1646 604 aliquantum
1685 552 1717 584 a
1754 550 1994 585 commu-

286 609 372 659 nis
431 606 577 659 vitae
645 624 750 658 usu
813 613 864 657 et
925 604 1324 658 consuetudine
1386 614 1530 658 esset
1579 602 1992 669 discedendum,

290 688 401 731 tum
441 677 604 730 etiam
643 676 731 729 via
769 684 823 729 et
859 676 1032 745 rati0,
1067 695 1192 745 qua
1229 676 1494 729 delectam
1529 675 1788 729 tractavit
1827 681 1996 727 mate-

291 751 447 816 riam,
491 747 690 815 effecit,
727 755 791 800 ut
828 766 892 800 ea
931 746 998 801 de
1036 747 1199 801 rebus
1238 748 1492 801 civilibus
1534 749 1893 801 constitueret
1931 763 1994 797 ae

285 820 542 888 sanciret,
578 838 718 887 quae
756 839 865 872 non
899 817 1063 872 modo
1097 819 1407 887 insolentia,
1446 818 1544 872 sed
1581 819 1742 872 etiam
1779 816 1998 871 mirabi-

287 894 361 944 lia
398 890 730 944 viderentur.
807 890 873 943 In
923 891 1031 959 quo
1080 909 1147 943 ne
1197 910 1316 943 eum
1368 898 1620 961 putemus
1668 889 1901 942 invitum
1939 889 1993 940 in

290 962 615 1034 improvisos
654 981 864 1016 errores
903 962 1185 1032 delapsum
1226 980 1366 1031 esse,
1424 961 1656 1014 maxime
1696 959 1832 1012 illud
1870 980 1996 1032 pro-

292 1035 472 1102 hibet,
525 1032 677 1103 quod
724 1034 843 1103 ipse
895 1033 1200 1087 certissimo
1252 1032 1520 1104 praevidit
1558 1033 1788 1114 augurio
1826 1033 1999 1085 multa

291 1112 509 1173 corum,
564 1123 704 1174 quae
744 1112 1039 1174 statueret,
1089 1105 1202 1158 risu
1242 1123 1372 1158 exce
1418 1112 1534 1157 tum
1583 1105 1684 1172 ir1,
1725 1104 1884 1157 sicuti
1925 1105 1997 1157 si-

328 1178 517 1231 nificat
575 1176 663 1229 De
702 1176 838 1247 Rep.
879 1177 950 1230 V.
990 1196 1042 1247 p.
1080 1178 1205 1229 452.
1243 1176 1309 1230 B.
1351 1124 1414 1228 (ξ
1455 1196 1507 1246 p.
1547 1177 1670 1228 457.
1709 1177 1781 1228 A.
1821 1175 1997 1228 B.·al.

288 1199 460 1318 {uod
499 1247 788 1317 augurium
829 1264 962 1300 sane
1001 1255 1259 1301 eventum
1298 1247 1509 1314 habuit,
1553 1245 1999 1316 quandoquidem

289 1320 550 1393 imprimis
598 1337 694 1387 ea,
745 1338 884 1389 quae
922 1318 995 1372 de‘
1028 1319 1295 1372 bonorum
1334 1327 1389 1371 et
1426 1317 1710 1372 mulierum
1761 1338 2002 1371 commu-

292 1393 470 1460 nione,
512 1391 580 1443 de
614 1390 934 1444 mulieribus
974 1389 1405 1462 magistratibus,
1448 1389 1626 1458 deque
1656 1389 2000 1462 philosophis

289 1463 624 1533 reipublicae
673 1461 1133 1532 gubernatoribus
1171 1462 1381 1531 sanxit,
1433 1461 1659 1514 multam
1709 1461 2001 1514 cavillandi

291 1543 363 1587 et·
402 1532 840 1604 reprehendendi
892 1533 1263 1602 praebuerunt
1314 1533 1609 1586 materiam.
1708 1531 1778 1585 Id
1856 1531 2005 1603 quod

291 1625 400 1660 non
438 1603 601 1658 modo
642 1605 975 1658 comicorum
1011 1611 1289 1656 testantur
1329 1603 1579 1671 dicteria,
1623 1602 1794 1657 veluti
1832 1603 2006 1656 Ale·-

292 1676 484 1730 xidis
510 1674 657 1746 apud
679 1675 970 1748 Diogen.
1002 1675 1228 1728 Laert.
1261 1675 1335 1728 lll.
1378 1677 1464 1728 26.
1506 1676 1592 1729 28.
1618 1675 1874 1729 Athen.
1900 1675 2002 1731 VI.

296 1750 416 1802 2⁶2ss.
467 1747 598 1800 Vlll.
649 1766 702 1816 p.
758 1749 880 1800 354.
931 1747 1024 1816 qui
1061 1746 1352 1800 Platonem
1402 1747 1504 1800 sub
1554 1747 1861 1801 Aristonici
1904 1767 2003 1800 no—

294 1821 436 1872 mine
488 1818 709 1886 derisit,
760 1836 950 1871 verum
1001 1819 1162 1871 etiam
1210 1819 1393 1889 gravis
1444 1837 1675 1872 censura
1711 1818 2003 1872 Aristo-

293 1891 466 1944 telis
505 1889 791 1944 Politicor.
830 1890 969 1942 libro
1009 1889 1253 1943 secundo
1291 1889 1440 1942 faeta
1477 1897 1532 1942 et
1569 1908 1746 1961 nuper
1783 1890 2002 1962 saepius

296 1963 399 2016 sub
451 1979 675 2015 examen
715 1969 914 2014 vocata
952 1961 1032 2030 *):
1089 1979 1250 2030 quem
1287 1967 1507 2032 postero
1545 1969 1792 2033 tempore
1828 1962 2004 2015 secuti

295 2041 426 2087 sunt
514 2031 974 2099 PlutarchuS,
1059 2031 1511 2103 AthenaeuS,
1601 2030 2002 2104 Gregorius

295 2104 836 2171 Nazianzenus,
926 2102 1456 2172 Theodoretus,
1546 2111 1602 2156 et
1698 2105 2003 2158 recentiore

295 2184 475 2230 aetate
527 2173 794 2228 Christ.
856 2175 1304 2244 Thomasius,
1380 2174 1814 2245 Bruckerus,
1880 2175 2003 2244 alii,

297 2266 434 2318 quos
483 2265 800 2300 enumerare
844 2246 1073 2317 longum
1124 2254 1209 2299 est
1262 2265 1326 2300 ac
1376 2265 1546 2317 prope
1594 2246 1865 2299 infinitum
1902 2247 2002 2317 **).

299 2320 629 2389 Quanquam
667 2336 771 2373 nec
812 2316 1103 2385 defuerunt
1144 2318 1238 2387 qui
1268 2317 1483 2371 Platoni
1522 2337 1631 2371 non
1671 2317 2000 2372 mediocrem

338 2579 398 2632 ,²³‘)
439 2580 494 2619 V.
524 2579 940 2628 Morgenstern.
976 2576 1217 2622 Comment.
1251 2580 1306 2619 (le
1351 2578 1460 2632 Rep.
1508 2579 1623 2619 Plat.
1664 2589 1707 2628 p.
1745 2577 1847 2621 293.
1886 2589 2000 2629 sqq..

449 2637 523 2679 ubi
567 2637 695 2676 docte
732 2635 931 2688 disputat
981 2636 1036 2676 de
1090 2637 1274 2688 reipubl.
1328 2637 1586 2678 Platonicae
1637 2636 1754 2690 quod
1810 2636 2004 2686 instituit

441 2691 712 2736 Aristoteles
744 2694 957 2732 examine.
1019 2692 1129 2734 Gus
1144 2701 1172 2737 t.
1205 2694 1458 2757 J’inzger
1489 2694 1558 2735 De
1579 2696 1648 2740 iis,
1680 2705 1791 2746 quae
1823 2693 2001 2733 Aristo-

442 2754 553 2793 teles
597 2753 641 2792 in
682 2751 845 2791 Politia
868 2751 1064 2792 Platonis
1088 2753 1372 2805 reprehendit
1403 2757 1680 2793 commentat.
1714 2751 1835 2802 Lips.
1868 2749 1999 2793 1822.

442 2811 481 2853 8,
539 2811 613 2862 qui
676 2821 877 2848 caussam
935 2810 1079 2850 minus
1141 2816 1344 2851 accurate
1393 2811 1674 2852 examinavit.
1754 2807 2000 2848 Brandis

446 2868 618 2907 Hister.
657 2866 774 2906 Phil.
808 2868 960 2920 Antiq.
994 2868 1097 2911 Vol.
1127 2869 1214 2911 ΙΙΙ.
1247 2869 1297 2909 P.
1331 2869 1370 2911 1.

330 2966 401 3019 Μ)
440 2965 496 3004 V.
528 2965 946 3015 Morgenstern.
984 2965 1230 3009 Comment.
1276 2968 1330 3008 de
1371 2966 1466 3018 Rep
1528 2965 1637 3008 Plat.
1679 2978 1721 3017 p.
1766 2965 1891 3014 192..
1926 2968 2000 3018 qui

444 3027 659 3062 memorat
696 3023 988 3063 Plutarchi
1018 3024 1088 3065 De
1107 3026 1209 3065 fort.
1246 3025 1480 3065 Alexandr.
1510 3036 1538 3075 p
1574 3023 1660 3066 328
1704 3022 1757 3064 E.
1791 3023 1918 3063 Tom.
1953 3023 2005 3064 ΙΙ.

445 3081 512 3120 θΛΙΔ
550 3079 710 3119 Franc.
742 3081 941 3124 Athen.
981 3081 1060 3123 Xl.
1090 3095 1132 3135 p,
1163 3082 1263 3126 307.
1296 3082 1354 3121 D.
1385 3081 1486 3125 508.
1519 3080 1568 3122 C.
1603 3081 1830 3132 Gregor.
1871 3080 2000 3120 Naz.

431 3138 490 3176 ‘in
525 3136 693 3176 Julian.
723 3137 759 3175 Ι.
790 3151 831 3189 p.
865 3138 934 3181 66.
968 3138 1018 3179 O.
1050 3140 1110 3180 D.
1146 3141 1215 3183 ed.
1242 3140 1420 3192 ·Bill..p.
1452 3139 1551 3182 298.
1586 3142 1705 3180 :L—
1737 3137 1786 3178 C.
1817 3138 1916 3181 401.
1951 3136 2002 3179 C.

445 3194 513 3234 ed.
550 3192 650 3234 001.
700 3193 1036 3238 Theodoret.
1077 3196 1130 3240 T.
1170 3197 1251 3238 IV.
1296 3197 1364 3237 ed.
1406 3195 1582 3238 Schulz.
1618 3210 1663 3249 p.
1695 3194 1796 3238 937.
1828 3196 1925 3239 943.
1959 3202 2001 3236 et

445 3264 499 3293 ex
537 3256 720 3292 recentt.
765 3250 885 3295 Chr.
930 3253 1187 3296 Thomas.
1235 3253 1376 3295 Oratt.
1415 3255 1555 3296 Acad.
1599 3269 1638 3307 p.
1673 3252 1761 3296 410
1802 3278 1857 3284 —-—
1897 3252 1998 3295 420.

446 3310 572 3407 {nius
589 3309 801 3411 ἓιιέἒὶοἱιιῐη
821 3315 951 3351 vocat
970 3312 1067 3352 leve
1086 3319 1129 3353 et
1148 3313 1349 3366 iniquum
1366 3325 1377 3361 ;
1413 3313 1445 3354 Β
1459 3326 1518 3354 ru
1530 3325 1553 3353 c
1567 3314 1593 3353 k
1609 3326 1630 3353 e
1642 3325 1664 3352 r
1694 3311 1808 3355 Hist.
1829 3312 1997 3352 Phiios.

476 3399 483 3407 .
517 3380 559 3418 p.
684 3397 693 3407 .
725 3378 821 3417 sqq.
1253 3381 1255 3383 ·
