2106 3594
15 3123 26 3174 ἰ

1199 201 1234 218 ,-
1672 142 1830 198 *xxi

139 312 205 347 ac
236 291 430 346 beatae
474 286 922 342 vitae-hnmanae
957 285 1139 356 specie
1186 285 1347 340 simul
1383 286 1546 340 etiam
1582 285 1690 340 hoc
1726 294 1829 352 est,

140 372 203 419 ut
239 359 648 436 ⁴philosophiam
696 377 809 412 non
859 355 1023 411 modo
1072 356 1328 428 optimam
1374 358 1524 411 vitae
1565 356 1831 426 cuiustu

141 434 333 492 ducem
383 440 443 487 et
475 430 808 502 magistram,
856 426 956 484 sed
1014 427 1178 482 etiam
1239 430 1597 484 certissimam
1649 428 1830 489 civilis

139 502 421 562 societatis
481 501 920 575 gubernatricem
978 518 1274 571 veramque
1327 508 1499 554 artem
1552 498 1833 574 politicam

139 595 260 632 esse
310 573 562 629 omnibus
606 590 868 644 apparere
914 569 1155 625 deberet.
1239 569 1366 640 Quo
1416 571 1539 644 ipso
1589 567 1832 644 philososs

176 646 300 703 hiae
348 645 541 701 laudes
590 642 858 716 singulari
891 641 1122 696 artificio
1160 641 1456 704 illustravit
1494 650 1660 712 atque
1693 642 1833 712 cele-'3

137 669 331 775 gravit.
406 714 575 785 Quod
610 713 830 788 quidem
869 715 915 767 si
954 714 1076 784 quis
1115 713 1494 769 secundarium
1548 713 1834 769 consilium

140 809 261 846 esse
296 795 547 857 censeat,
586 785 737 859 quod
782 784 1143 859 philosophus
1193 785 1255 839 in
1300 784 1595 842 condenda
1634 785 1836 846 Politia

136 861 390 918 habuerit
439 859 797 932 propositum,
834 876 935 912 nos
991 856 1212 927 quidem
1258 857 1386 912 huic
1438 855 1642 911 iudicio
1679 864 1833 914 tanto

137 934 317 989 minus
358 929 803 997 adversabimur,
853 948 962 999 quo
1001 929 1203 984 certius
1241 929 1527 983 Platonem
1563 927 1834 998 intellexi÷

139 1023 259 1060 mus
297 1000 574 1075 scribendi
611 1001 842 1057 consilia
874 1018 975 1055 sua
994 1000 1107 1054 fere
1130 1020 1197 1054 eo
1231 999 1395 1056 modo
1420 999 1832 1071 temperavisse,

140 1086 204 1132 ut
247 1095 357 1133 una
402 1093 530 1130 cum
560 1074 863 1145 sapientiae
911 1070 1165 1126 doctrina
1202 1078 1257 1126 et
1293 1071 1504 1128 ratione
1541 1070 1706 1127 etiam
1741 1090 1835 1131 ezr-.-

136 1157 325 1203 ternae
370 1147 517 1200 vitae
565 1143 910 1200 conditiones
965 1143 1376 1216 respectaverit.
1473 1143 1560 1198 De
1610 1140 1720 1215 qua
1771 1162 1833 1204 re

139 1218 236 1274 din
281 1226 367 1274 est
410 1237 480 1272 ex
533 1236 643 1290 quo
692 1216 750 1269 in
798 1215 1166 1289 disputatione
1216 1213 1283 1268 de
1337 1215 1482 1270 vitae
1517 1222 1575 1270 ‚et
1611 1214 1834 1287 scriptis

137 1290 389 1347 Platonis
426 1291 483 1361 ²⁵)
521 1288 890 1362 exposuimus,
964 1287 1240 1343 Nimirum
1263 1286 1490 1341 alterum
1516 1306 1641 1342 cum
1663 1286 1834 1349 altero

137 1380 273 1419 sane
319 1370 434 1434 tam
480 1369 630 1415 arcte
676 1360 959 1429 cohaeret,
1021 1367 1084 1413 ut
1130 1366 1422 1429 utrumque
1480 1357 1716 1428 denique
1764 1356 1836 1429 ad

138 1454 307 1490 unum
340 1434 508 1487 finem
554 1431 852 1505 pertineat,
899 1430 1032 1486 licet
1076 1429 1227 1485 istud
1260 1430 1481 1500 quidem
1517 1430 1566 1484 si
1602 1450 1713 1487 non
1749 1448 1836 1485 se-

139 1505 490 1573 cundarium,
552 1512 613 1557 at
667 1505 862 1558 saltem
918 1501 1318 1557 consectarium
1368 1521 1488 1557 esse
1540 1501 1837 1572 unicuique

139 1575 422 1632 fatendum
457 1575 548 1630 sit.

282 1651 468 1718 Atque
518 1646 655 1700 haec
702 1642 923 1716 quidem
973 1662 1143 1714 quum
1191 1643 1279 1697 ita‘
1317 1662 1378 1698 se
1434 1643 1632 1698 habere
1673 1643 1835 1698 nobis

137 1721 359 1805 penitus
389 1719 462 1773 sit
488 1735 829 1788 persuasum,
867 1725 1081 1769 tantum
1104 1716 1261 1770 abest
1281 1724 1344 1769 ut
1368 1723 1464 1769 aut
1493 1715 1745 1786 quaestio
1762 1714 1836 1769 de

136 1791 349 1846 institia
369 1789 620 1843 instituta
641 1795 738 1841 aut
752 1787 1054 1857 disputatio
1076 1786 1146 1840 de
1163 1786 1387 1840 civitate
1405 1786 1618 1859 agitata.
1631 1784 1837 1858 princi-

137 1881 264 1935 pem
280 1861 462 1916 locnm
487 1860 734 1915 obtinere
757 1857 1029 1927 videatur,
1067 1866 1131 1912 ut
1153 1858 1262 1911 ista
1281 1858 1461 1912 omnia
1483 1857 1645 1928 plane
1666 1877 1842 1918 unum

218 1933 399 1988 'ddam
448 1933 719 1987 conficere
741 1930 1140 1996 existimemu83
1179 1929 1236 1983 in
1275 1949 1385 1999 quo
1418 1938 1604 1983 tamen
1641 1938 1836 1984 teuen-

214 2013 379 2061 mest
397 2005 555 2058 iuxta
574 2021 698 2059 sese
712 2002 958 2056 'invicem
981 2001 1111 2085 poni
1133 2001 1424 2074 imaginem
1451 2001 1642 2072 optimi
1664 2001 1837 2067 homi*

137 2079 226 2134 nis
262 2087 319 2132 et
352 2077 591 2150 optimae
616 2075 871 2136 civitatis,
892 2082 1110 2144 utrique
1141 2081 1319 2127 autem
1346 2081 1605 2143 tanquam
1638 2071 1836 2127 funda·

136 2158 379 2206 mentum
415 2165 701 2203 commune
730 2147 1032 2200 subiectam
1070 2164 1189 2200 esse
1212 2145 1491 2200 iustitiam.
1566 2145 1835 2199 Nimirum

136 2222 247 2277 isto
293 2230 457 2294 pacto
494 2219 654 2273 facile
690 2218 1042 2291 intessigitur,
1092 2237 1378 2288 quemnam
1414 2217 1594 2272 locum
1633 2225 1690 2271 et
1723 2235 1836 2271 ser-

137 2311 330 2349 mones
373 2291 445 2347 de
483 2291 699 2346 homine
734 2298 902 2361 atque
939 2290 1161 2344 civitate
1219 2297 1275 2344 et
1316 2288 1406 2344 dis
1447 2290 1718 2344 utationaes
1763 2287 1835 2342 de

141 2366 352 2421 institia
386 2373 444 2419 et
478 2362 750 2418 iniustitia
782 2362 1068 2416 institutae
1105 2361 1339 2446 denique
1378 2381 1411 2415 o
1451 2362 1678 2415 tineant.
1791 2379 1794 2382 ’

284 2437 403 2493 Iam
450 2454 580 2491 vero
616 2434 702 2489 his
737 2433 988 2490 universe
1028 2435 1294 2506 expositis
1335 2452 1364 2487 e
1401 2452 1458 2488 re
1495 2434 1613 2488 iore
1650 2433 1837 2488 existi-

140 2524 384 2576 mamus,
439 2507 490 2563 si
546 2504 764 2580 singula
818 2504 1224 2563 consideremus
1286 2505 1451 2560 etiam
1509 2505 1835 2570 accuratius.

142 2578 420 2650 Quocirca
452 2578 688 2661 primum
725 2574 942 2649 quidem
981 2577 1194 2633 iuvabit
1238 2576 1528 2651 imaginem
1564 2578 1838 2648 perfectae

141 2649 496 2709 humanitatis
543 2648 728 2721 paullo
794 2647 1109 2723 diligentius
1156 2646 1588 2704 consideravisse
1607 2688 1622 2716 ‚
1674 2665 1837 2718 quam

139 2720 505 2851 ffliosophus
561 2719 934 2776 sollertissime
971 2719 1245 2804 depinxit:
1297 2718 1447 2791 quod
1494 2716 1712 2791 quidem
1753 2718 1838 2783 ita

238 2794 440 2863 'emus,
496 2801 558 2849 ut
594 2793 755 2847 etiam
795 2790 1137 2848 adversariae
1178 2792 1424 2865 picturae
1461 2790 1599 2857 ratio
1634 2789 1837 2848 habea-

141 2875 248 2922 tur.
278 2891 282 2894 ⁴
322 2862 450 2936 Quo
473 2866 620 2919 facto
658 2862 979 2919 accedemus
1014 2862 1086 2918 ad
1123 2882 1307 2918 earum
1340 2882 1519 2919 rerum
1542 2862 1838 2936 {expositio-

143 2957 288 3007 nem,
324 2956 464 3009 quae
513 2933 583 2990 ad
632 2954 749 2990 eam
785 2933 1188 2990 dilucidandam
1225 2943 1463 2991 nostram
1508 2954 1574 2988 ue
1611 2933 1681 2989 de
1716 2933 1838 2988 uni-

138 3028 303 3069 verso
351 3027 516 3080 opere
566 3009 893 3064 sententiam
939 3005 1363 3062 confirmandam
1410 3025 1479 3062 va
1501 3014 1643 3061 eant.
1730 3006 1836 3060 His

143 3093 325 3136 antem
372 3080 655 3153 explicatis
700 3078 935 3152 deniqne
982 3081 1146 3134 etiam
1182 3078 1254 3134 ad
1293 3079 1400 3134 alia
1435 3077 1834 3152 aggrediemur,

14 3185 41 3271 ι
140 3169 285 3258 quae
319 3152 408 3207 vel
455 3150 647 3207 eodem
694 3153 1029 3225 pertineant,
1076 3151 1164 3206 vel
1210 3151 1317 3206 alia
1353 3152 1655 3224 attingant,
1696 3168 1835 3223 quae

203 3380 240 3427 ⁶)
284 3378 376 3421 voi.
406 3380 447 3421 ¹1.
483 3379 600 3422 Part.
637 3381 673 3421 1.
705 3382 773 3422 cd.
805 3379 940 3421 Goth.
1016 3389 1019 3392 ·
