2106 3594
1624 128 1834 192 XXXI

132 290 582 347 democratia
652 287 768 342 sive
810 305 811 309 ¹
846 285 1132 358 imperium
1209 284 1476 356 populare
1533 282 1836 354 comparari

130 370 278 417 recte
314 369 516 434 potest·
587 358 845 428 Denique
895 356 1058 410 etiam
1097 355 1346 410 accidere
1385 354 1554 423 solet,
1604 361 1666 406 ut
1701 372 1836 406 una

131 435 376 505 aliqua
410 429 643 485 libido
684 439 740 483 et
788 428 1127 502 perturbatio
1165 446 1336 498 eaque
1374 426 1588 498 longe
1623 424 1834 478 vehe-

130 502 574 559 mentissima
653 502 890 554 animum
964 499 1189 552 invadat
1243 508 1497 568 ‘eumque
1570 506 1834 567 tanquam

130 595 296 631 saeva
329 572 618 647 tyrannide
658 578 938 640 exerceat,
997 572 1076 624 ita
1112 579 1176 623 ut
1214 588 1402 624 omnes
1441 587 1632 623 sensus
1671 586 1834 640 gene-

127 649 366 704 rosiores
415 646 475 699 in
522 665 587 699 eo
637 646 1043 714 extinguantur.
1132 642 1247 710 Qui
1272 657 1275 665 ²
1303 641 1465 694 animi
1504 649 1692 704 ,status
1742 659 1835 694 co-

129 726 358 791 gnatum
394 717 561 771 habet
597 711 1682 790 reipublicaevitium'tyrannidem,
1726 730 1836 781 qua

129 789 279 844 nulla
325 796 410 843 est
457 787 756 846 deformior
805 787 920 842 eius
967 787 1180 858 species
1230 785 1515 858 magisque
1561 784 1833 855 perfectae

129 861 342 917 civitati
380 860 670 917 contraria,
707 891 777 900 —
849 858 928 912 Et
964 858 1052 913 hic
1104 857 1322 929 quidem
1359 855 1528 914 veluti
1567 855 1712 910 orbis
1751 861 1837 920 est

131 940 187 987 et
239 933 504 988 circuitus
553 930 1068 999 commutationum,
1133 947 1271 1000 quae
1320 928 1377 981 in
1436 926 1836 999 rebuspublicis

129 1005 346 1059 evenire
395 1003 575 1057 solent
612 1004 683 1074 *).
760 1002 872 1072 Qui
920 1002 1029 1056 etsi¹
1071 1000 1227 1054 fatali
1266 998 1510 1070 quadam·
1540 998 1662 1070 lege
1701 1017 1834 1052 con-

128 1076 354 1132 stitutus
391 1094 510 1130 esse
544 1074 788 1144 videtur,
836 1076 1020 1131 tamen
1058 1071 1360 1127 curandum
1397 1079 1483 1124 est
1520 1069 1832 1142 diligenter,

127 1156 193 1203 ut
242 1147 478 1221 optimus
523 1146 614 1200 1113
674 1146 1008 1218 reipublicae
1047 1146 1236 1199 'status
1298 1145 1460 1214 (1113111
1530 1141 1838 1202 diutissime

128 1227 346 1274 maneat
381 1225 437 1273 et
473 1223 848 1273 conservetur,
925 1216 1091 1286 Quod
1130 1223 1190 1270 ut
1226 1233 1659 1284 consequamur,
1698 1213 1835 1267 nihil

129 1298 216 1347 est
255 1290 535 1365 efficacius
587 1310 749 1361 quam
786 1301 1053 1363 perpetua
1089 1288 1290 1343 civium
1333 1287 1623 1340 consensio
1661 1286 1836 1340 omni-

126 1381 330 1434 umque
403 1361 658 1419 ordinum
717 1361 875 1416 firma
947 1359 1258 1415 concordia.
1351 1357 1836 1426 'Quemadmodum

130 1433 378 1490 enimin
429 1434 712 1489 hominum
767 1433 959 1488 animis
1008 1433 1086 1486 ita
1122 1439 1335 1486 tantum
1373 1429 1622 1502 perfecta
1658 1430 1834 1490 virtus

129 1504 323 1576 oritur,
360 1506 408 1561 si
443 1505 690 1579 singulae
729 1505 1018 1560 facultates
1056 1515 1223 1575 atque
1259 1503 1404 1557 vires
1433 1502 1579 1556 inter
1616 1520 1674 1555 se
1704 1521 1835 1556 con-

130 1577 379 1633 sentiunt
416 1584 484 1631 ¹et
540 1578 902 1631 communiter
948 1584 1153 1650 agunt,
1221 1575 1301 1628 ita
1349 1574 1510 1627 etiam
1560 1572 1835 1627 civitatem

130 1666 279 1717 eam,
330 1667 473 1719 quae
521 1648 727 1720 optima
773 1649 847 1703 sit
893 1649 1109 1718 futura,
1162 1647 1324 1700 unius
1373 1645 1609 1699 hominis
1663 1646 1839 1699 instar

130 1721 230 1774 sim
274 1719 434 1775 licem
487 1730 652 1790 atque
707 1739 870 1773 unam
924 1738 1044 1775 esse
1094 1727 1315 1791 oportet
1352 1717 1449 1787 **).
1557 1717 1633 1774 Et
1692 1717 1836 1771 hanc

133 1790 227 1862 qui
271 1810 356 1844 em
405 1790 814 1861 simplicitatem
862 1791 999 1845 haec
1043 1791 1156 1844 fere
1206 1790 1461 1844 instituta
1500 1786 1743 1842 efficient
1783 1796 1838 1842 et

129 1862 551 1917 conservabunt.
636 1862 879 1917 Primum
948 1861 1246 1916 videndum
1309 1867 1421 1929 est,
1489 1879 1558 1913 ne
1622 1859 1837 1932 imperii

129 1934 269 1989 fines
308 1933 536 1988 ulterius
573 1934 955 2009 proferantur,
997 1952 1158 2006 quam
1196 1933 1535 2005 singularum
1573 1931 1837 2003 reipubli-

130 2024 227 2060 cae
276 2005 522 2077 partium,
562 2005 819 2062 cohaesio
881 2017 937 2060 et
995 2004 1382 2061 convenientia
1438 2004 1581 2057 serre
1648 2003 1835 2058 videa-

129 2086 219 2132 tur
253 2077 381 2149 ***).
420 2108 491 2119 —
562 2077 780 2133 Deinde
817 2078 1020 2152 singuli
1059 2077 1260 2134 civium
1287 2075 1507 2130 ordines
1545 2095 1646 2130 sua
1685 2076 1835 2146 quis-

129 2168 238 2220 que
290 2157 581 2205 exerceant
618 2151 841 2224 negotia
895 2169 1122 2205 necesse
1161 2159 1274 2219 est,
1322 2165 1503 2219 neque
1537 2167 1595 2202 se
1631 2155 1844 2211 temere*

129 2221 294 2278 rebus
331 2221 523 2276 alienis
547 2222 917 2277 immisceant:
957 2222 1211 2294 alioquin*
1240 2221 1485 2275 orientur
1507 2220 1846 2289 311110113133,

132 2292 280 2360 odia,
321 2293 655 2364 inimicitiae,
697 2295 897 2365 quibus
934 2294 1086 2366 nulla
1124 2306 1209 2347 est
1247 2293 1467 2366 gravior
1503 2292 1836 2364 reipublicae

130 2365 304 2439 pestis
343 2365 427 2436 ἦ).
502 2365 795 2424 Praeterea
831 2365 1028 2423 omnia*
1050 2384 1082 2419 a
1119 2365 1351 2433 civitate
1370 2363 1563 2419 sedulo
1600 2363 1845 2424 arcendas

132 2445 293 2506 sunt,
346 2455 489 2507 quae
532 2438 695 2492 bonis
758 2437 1004 2493 moribus
1051 2437 1303 2492 nocitura
1362 2435 1686 2505 videantur,
1741 2442 1838 2491 aut

132 2507 315 2581 legum
353 2516 409 2562 et
443 2509 819 2564 institutorum
841 2511 1215 2566 auctoritatem
1244 2509 1576 2563 labefactare
1602 2508 1834 2580 possint.

133 2578 409 2649 Quocirca
463 2599 811 2653 magnopere„
843 2582 1147 2637 cavendum
1200 2590 1316 2650 est,
1364 2600 1433 2634 ne
1472 2579 1604 2650 quid
1642 2580 1698 2633 in
1740 2599 1834 2634 cu-

132 2651 350 2713 stodum
414 2650 764 2707 institutione
827 2662 883 2723 et
940 2653 1313 2728 gymnasticae
1373 2660 1538 2722 atque
1595 2652 1834 2707 musicae

134 2722 423 2795 disciplina
473 2723 793 2793 innovetur,
847 2716 1152 2782 cuiusmodi
1207 2724 1504 2782 mutatione
1556 2721 1677 2777 fieri
1720 2727 1834 2777 'non

233 3011 277 3065 ·)
305 3012 568 3124 51:33⁰oeth
613 3016 668 3057 ae
709 3016 794 3058 hoc
830 3022 1093 3070 argumento
1135 3016 1232 3059 mn.
1278 3015 1404 3058 vm.
1450 3028 1479 3069 p
1532 3013 1632 3060 543.
1667 3003 1716 3043 —'
1751 3011 1830 3053 Ix-

192 3154 262 3212 fv)
302 3160 351 3200 v.
384 3158 471 3200 mn·
516 3158 592 3200 11.
624 3172 664 3215 p.
688 3159 789 3206 422.
822 3162 879 3205 n.
916 3160 962 3203 v.
997 3176 1037 3217 p.
1057 3161 1141 3207 4152
1179 3175 1242 3217 sq.
1275 3162 1375 3203 0011.
1407 3160 1547 3213 regg.
1580 3158 1635 3199 v.
1669 3170 1710 3213 p.
1735 3158 1833 3202 739.

283 3213 361 3271 11.
393 3215 479 3259 ix.
509 3229 552 3271 p.
586 3217 687 3263 875.
720 3220 777 3263 A.
1144 3245 1149 3251 -
1186 3262 1189 3266 .

180 3297 273 3351 m)
302 3300 356 3343 v.
389 3302 490 3344 mn».
518 3304 599 3345 iv.
631 3305 691 3349 in.

237 3385 282 3435 ²0
318 3384 349 3426 v
395 3388 492 3429 mn.
526 3388 596 3430 ιν.
626 3402 666 3442 p.
699 3388 798 3435 ⁴33.
836 3397 881 3434 ,1.
