2072 3730
255 200 355 255 436
874 198 1345 252 PLATONIS

256 345 492 417 πράττοι
538 344 573 414 ὴ
620 349 799 402 ταῦτα
816 372 839 414 ,·-
878 339 1047 403 αὗταί
1085 369 1174 403 σοι
1222 346 1453 414 ἢᾶλλαι
1477 349 1660 423 φῆμαι
1689 348 1744 413 ἐξ
1772 346 1955 402 ἁπαν·

257 453 366 485 των
434 435 546 485 τῶν
613 435 861 487 πολιτῶν
910 430 1248 503 ὑμνήσουσιν
1304 429 1485 496 εὐθὺς
1541 435 1660 502 περὶ
1719 430 1790 486 τὰ
1847 435 1956 486 τῶν

257 519 471 570 παίδων
498 557 501 559 -
529 508 644 570 ὦτα
701 519 793 571 καὶ
854 521 988 588 περὶ»
1025 523 1307 586 πατέρων,
1367 515 1465 580 οὓς
1521 513 1595 571 ἂν
1639 515 1833 580 αὐτοῖς
1875 538 1958 580 τις

167 599 215 651 Ε
255 600 554 677 ἀποφήνῃ,
633 605 725 655 καὶ
780 605 901 674 περὶ
955 605 1067 656 τῶν
1123 602 1307 655 ἄλλων
1359 601 1666 670 ξυγγενῶνς
1754 593 1957 667 Αὗται,

256 689 390 761 ἔφη·
438 690 655 753 γξλοῖον
702 682 811 756 γὰρ
856 683 930 741 ἃν
978 687 1075 753 εἴη,
1122 692 1167 740 εὶ
1213 682 1347 740 ἄνευ
1394 690 1564 756 ἔργων
1609 691 1783 741 οἰκεῖα
1827 684 1958 741 dmi-

254 792 406 840 ματα
452 767 544 825 διὰ
591 773 694 824 τῶν
736 769 1032 841 στομάτων
1073 769 1252 841 μόνον
1287 774 1656 847 φθέγὶοιντο.
1742 772 1957 824 Πασῶν

252 852 383 927 ἄρα
429 854 642 910 πόλεων
693 853 938 925 μάλιστα
991 862 1049 910 ἐν
1122 854 1264 932 αὐτῇ
1317 854 1778 931 ξυμφωνήσουσιν
1834 851 1959 919 ἑνός

254 961 405 1004 τινος
448 937 482 1006 ἢ
531 931 590 994 εὖ
637 936 670 1005 ἢ
714 942 894 1003 κακῶς
941 939 1315 1011 πράττοντος,
1360 938 1391 995 ὃ
1445 942 1550 994 νῦν
1595 937 1658 1006 δη
1705 942 1956 1009 ἐλέγομεν

254 1021 325 1079 τὸ
361 1023 544 1100 ῥῆμα,
576 1022 655 1079 τὸ
704 1022 792 1079 ὅτι
829 1021 892 1079 τὸ
939 1022 1074 1094 ἐμὸν
1119 1046 1178 1079 ευ
1223 1046 1456 1098 πραττει
1502 1022 1535 1091 ἢ
1583 1023 1672 1079 ὅτι
1713 1022 1778 1079 τὸ
1820 1021 1955 1094 ἐμὸν

111 1126 217 1179 464
254 1112 451 1173 κακῶς.
517 1107 924 1175 Ἀληθέστατα,
967 1101 1001 1175 ἦ
1045 1108 1093 1164 δ’
1147 1107 1225 1173 ὅς.
1307 1107 1523 1165 Οὐκοῦν
1563 1106 1700 1180 μετὰ
1746 1107 1954 1164 τούτου

254 1197 355 1250 τοῦ
399 1191 679 1264 δόγματός
720 1215 776 1249 τε
819 1197 911 1248 καὶ
955 1192 1208 1268 ῥήματος
1256 1198 1469 1268 ἔφαμεν
1509 1193 1956 1260 ξυνακολουθεῖν

251 1278 355 1343 τοὶς
413 1300 469 1332 τε
525 1276 731 1345 ἡδονὰς
788 1282 880 1332 καὶ
940 1276 1038 1343 τὰς
1097 1278 1276 1342 λύπας
1320 1281 1510 1355 κοινῇς
1597 1279 1714 1332 Καὶ
1761 1275 1956 1348 ὀρθῶς

249 1385 307 1432 γε
340 1367 579 1438 ἔφαμεν.
672 1361 887 1417 Οὐκοῦν
927 1363 1172 1433 μάλιστα
1217 1365 1318 1417 τοῦ
1363 1361 1540 1417 αὐτοῦ
1584 1360 1955 1429 κοινωνήσου-

251 1466 340 1502 σιν
386 1445 518 1517 ἡμῖν
566 1451 620 1501 οἱ
665 1450 918 1511 πολῖται,
965 1445 994 1502 ὃ
1042 1444 1108 1514 δὴ
1152 1445 1286 1518 ἐμὸν
1331 1444 1707 1518 ὀνομάσουσις.
1747 1443 1953 1502 τούτου

251 1535 307 1586 δὲ
369 1534 765 1596 κοινωνοῦντες
814 1529 960 1586 οὕτω
1017 1529 1082 1598 δὴ
1139 1530 1316 1598 λύπης
1362 1553 1418 1587 τε
1462 1535 1557 1586 καὶ
1598 1529 1817 1604 ἡδονῆς,
1844 1531 1954 1603 μα’-

250 1621 408 1671 λιστα
455 1620 750 1672 κοινωνίαν
785 1616 995 1687 ἕξουσι·,
1056 1613 1220 1672 Πολύ
1262 1637 1337 1686 γε.

1409 1607 1538 1687 'Ap'
1591 1608 1693 1671 οὖν
1738 1613 1838 1671 τού
1846 1637 1952 1671 των

368 1841 426 1884 D.
491 1834 658 1882 αὗταί
685 1852 769 1881 σοι
802 1836 829 1894 ἢ
862 1838 1013 1882 ἄλλαι
1052 1839 1116 1894 φ.]
1146 1839 1223 1880 Sic
1243 1839 1346 1881 Par.
1365 1846 1411 1884 Α
1438 1840 1532 1884 Vat.
1555 1837 1601 1881 Θ.
1622 1839 1735 1880 Ven.
1747 1838 1794 1883 Ξ.
1815 1839 1950 1881 Vind

250 1898 373 1943 Mon.
407 1899 526 1951 Ang.
569 1900 663 1943 Vat.
696 1913 730 1945 r
764 1900 886 1940 Flor.
919 1913 959 1940 α.
992 1897 1037 1951 β.
1069 1912 1108 1951 γ.
1142 1896 1268 1941 Stob.
1328 1899 1582 1951 Legebatur
1613 1891 1753 1937 αυταί.

365 1957 416 1998 P
451 1957 553 2001 464.
617 1955 642 1998 ὃ
684 1955 743 2011 δὴ
786 1955 914 2008 ἐμὸν
954 1952 1360 2008 ὀνομάσουσυ]
1406 1958 1459 1997 V.
1505 1951 1790 2008 ὀνομάζουσι,
1831 1955 1949 2008 quod

254 2017 401 2056 nullus
427 2016 541 2056 liber
564 2017 806 2057 confirmat.
848 2018 894 2058 ln
918 2015 1067 2056 Venet.
1084 2014 1132 2058 Ξ.
1152 2019 1297 2055 tamen
1311 2010 1571 2067 ὀνομάζουσι
1590 2015 1948 2068 superscriptum.

370 2072 477 2127 Cap.
505 2068 613 2117 XII.

254 2260 315 2286 να
328 2246 371 2298 ι]
394 2245 504 2287 Tria
517 2253 831 2288 commemorat
851 2260 962 2300 quae
979 2260 1056 2299 pa-

252 2305 450 2345 rentibus
465 2305 719 2351 debeantur,
732 2306 1058 2361 verecundiam,

251 2375 432 2419 curam,
463 2364 771 2404 obedientiam.
839 2362 1060 2412 Quocirca

253 2421 381 2461 lectio
420 2394 480 2460 τὸ
536 2417 737 2475 ὑπήκοον
792 2422 1056 2463 damnanda.

252 2477 428 2520 Deinde
459 2475 486 2532 ἧ
525 2486 628 2521 ante
658 2477 761 2532 μήτε
793 2477 906 2532 πρὸς
935 2479 1057 2520 θεῶν

251 2543 318 2578 ost
337 2550 361 2577 a
373 2538 415 2577 li
428 2551 453 2578 ο
467 2540 595 2590 quin
611 2571 621 2588 ‚
636 2545 685 2578 ut
695 2539 887 2579 Phaedr.
900 2552 942 2592 p.
955 2537 1055 2582 245.

249 2595 371 2636 1).E.
388 2609 432 2648 p.
452 2597 551 2640 249.
575 2598 629 2640 Ε.
646 2610 690 2650 Ρ.
713 2596 816 2642 250.
845 2598 903 2637 A.
942 2597 1053 2638 Pro·

250 2660 394 2707 tagor.
437 2669 478 2708 p.
523 2655 623 2699 323.
662 2658 720 2699 A.
763 2655 878 2698 Tim.
910 2668 952 2707 Ρ.
985 2655 1057 2699 52.

251 2711 300 2752 Ο.
326 2713 494 2766 Cratyl.
518 2728 562 2767 p.
583 2713 687 2758 426.
704 2715 763 2756 A.
785 2715 839 2754 de
869 2712 1056 2767 Republ.

248 2769 321 2810 vl.
354 2783 398 2824 p.
415 2770 518 2816 490.
548 2773 626 2823 Α.,
658 2773 735 2813 ubi
765 2773 819 2814 de
845 2771 1057 2813 infinitivi

247 2830 422 2870 ratione
442 2835 486 2870 et
504 2843 588 2872 usu
607 2831 896 2872 monebimus.
914 2829 1054 2883 Legg.

247 2885 320 2926 lV.
359 2901 400 2941 Ρ.
444 2887 544 2932 719.
575 2889 630 2930 Ε.
672 2889 764 2930 Vll.
794 2903 837 2943 p.
867 2886 969 2931 820.
1003 2888 1057 2930 C.

248 2945 306 2985 al.
367 2946 480 2987 Post
515 2941 660 3018 avutoc‘s
691 2949 810 3001 quod
839 2959 957 2987 nunc
987 2947 1055 2987 in-

248 3003 389 3043 fertur
413 2999 526 3060 αυτῷ·
555 3002 732 3057 ἄμεινον
763 3004 960 3053 ἔσεσθαι,
985 3006 1052 3045 ni-

248 3061 313 3100 hil
335 3062 609 3116 frequentius
627 3065 713 3106 hac
733 3064 997 3105 transitione
1027 3075 1054 3104 a

248 3131 431 3162 numero
472 3122 635 3175 plurali
672 3122 730 3164 ad
768 3122 1051 3175 singularem.

247 3190 290 3217 v.
323 3179 380 3218 ad
412 3178 698 3234 Protagor.p
703 3179 838 3225 .319
855 3179 916 3221 D.
949 3179 1050 3220 coll.

246 3235 449 3276 Matth.
482 3236 559 3278 Gr.
591 3239 630 3292 ξ.
660 3238 762 3285 303.
796 3252 899 3282 ann.
928 3236 971 3280 3.

307 3284 472 3334 αὗταί
500 3293 1049 3350 σοι-ὑμνήσουσιν]

247 3350 367 3392 Vere
378 3352 684 3397 observavitA
700 3370 720 3397 s
733 3357 772 3396 t·
760 3369 776 3397 1
785 3369 815 3396 u
827 3369 846 3397 s
867 3353 1050 3395 verbum

247 3405 397 3461 υμνεΐν
405 3423 521 3452 nunc
535 3412 818 3455 intransitive
829 3426 961 3455 sensu
971 3423 1050 3464 po-

247 3475 377 3516 situm
409 3485 519 3524 esse,
541 3477 590 3512 ut
620 3474 678 3514 sit
710 3485 940 3522 sonare,
973 3481 1049 3509 re-

675 2070 817 2114 Ἀλίὰ
858 2070 961 2127 μὴν
1001 2069 1256 2127 μέγιστόν
1287 2073 1366 2128 γε]
1409 2075 1464 2120 A.
1498 2087 1564 2123 τε,
1607 2073 1727 2125 quod
1759 2085 1813 2113 ex
1846 2071 1948 2114 Par.

1145 2259 1358 2287 sonare.
1405 2245 1544 2287 Cuius
1570 2259 1673 2288 usus
1700 2247 1947 2298 exemplum

1142 2306 1290 2346 attulit
1320 2305 1465 2346 locum
1473 2303 1719 2374 Critiaep.
1746 2304 1849 2348 118
1884 2305 1944 2347 R:

1144 2361 1192 2403 τὰ
1225 2361 1271 2403 δὲ
1302 2363 1396 2415 περι·
1429 2356 1564 2403 αὐτὸν
1584 2361 1665 2416 ὄρη
1699 2362 1794 2404 τότε
1825 2359 1945 2413 ὕμνει

1143 2418 1191 2461 τὸ
1244 2420 1416 2491 πλῆθος
1463 2445 1519 2452 -
1569 2418 1684 2475 παρὰ
1722 2419 1863 2462 πάντα
1897 2417 1946 2461 τὰ

1144 2481 1225 2520 νῦν
1265 2475 1369 2520 ὅντα
1409 2479 1653 2534 γεγονέναι,
1683 2481 1759 2521 ubi
1798 2487 1945 2520 tamen

1142 2552 1258 2579 nunc
1289 2533 1458 2588 ὑμνεῖτο
1478 2540 1655 2592 legitur.
1688 2538 1750 2578 F
1738 2552 1753 2578 1
1764 2539 1809 2579 ci
1821 2551 1889 2578 nu
1901 2551 1943 2579 s:

1141 2597 1338 2637 Aliine
1369 2598 1424 2637 in
1453 2598 1557 2639 hac
1592 2597 1944 2638 tuacivitate

1143 2667 1460 2708 sermones,
1505 2667 1667 2709 quam
1706 2655 1781 2702 hi,
1819 2666 1942 2694 cun-

1142 2715 1250 2754 ctis
1293 2726 1355 2754 ex
1407 2714 1626 2755 civibus
1675 2715 1942 2765 protinus

1141 2772 1206 2812 ad
1260 2784 1430 2813 aures
1481 2780 1785 2825 puerorum
1836 2770 1941 2810 cir-

1142 2829 1566 2871 cumsonabunt?

1197 2887 1253 2927 Ε.
1314 2884 1406 2928 διὰ
1446 2883 1723 2938 στομάτων
1769 2881 1941 2934 μόνον

1142 2943 1525 3001 φθέγγωντα]
1560 2946 1604 2986 h.
1630 2957 1665 2984 e.
1691 2956 1792 2984 ore
1823 2949 1939 2984 tan-

1138 3009 1246 3044 tum
1287 3009 1598 3056 creparent.
1629 3002 1751 3042 Libr.
1788 3002 1860 3042 Vl.
1896 3012 1938 3053 p.

1136 3060 1237 3106 505.
1272 3060 1328 3102 C:
1365 3058 1538 3102 ἐπειδὰν
1569 3057 1617 3102 τὸ
1649 3060 1730 3100 τοῦ
1761 3054 1941 3113 ἀγαθοῦ

1138 3118 1416 3174 φθέγξωνται
1430 3118 1580 3170 ὄνομα.
1589 3119 1772 3160 Theaet.
1782 3131 1824 3170 Ρ.
1836 3117 1937 3162 157

1137 3177 1188 3222 Β.
1226 3177 1284 3220 al.
1342 3178 1454 3218 Mox
1484 3179 1541 3219 ad
1568 3173 1939 3230 ξυμφωνήσουσιν

1134 3233 1472 3288 intelligendum
1489 3242 1556 3278 est
1567 3235 1614 3276 οἱ
1626 3235 1804 3285 πολῖται,
1818 3233 1937 3287 quod

1133 3295 1182 3338 in
1222 3294 1318 3334 cod.
1360 3293 1482 3337 Flor.
1509 3308 1554 3336 x.
1596 3293 1937 3348 superscriptum

1134 3352 1309 3404 legitur.
1378 3351 1513 3394 Recte
1558 3352 1812 3394 Ficinus:
1871 3349 1934 3390 In

1133 3410 1232 3450 hac
1261 3411 1442 3464 igitur
1481 3412 1733 3453 civitate
1763 3409 1933 3448 maxi-

1134 3481 1210 3508 me
1262 3470 1523 3520 omnium,
1580 3482 1687 3509 uno
1743 3467 1932 3517 aliquo
