2124 3744
244 359 294 409 l)

247 1196 297 1250 tq

348 206 417 255 80
952 200 1436 255 PLATONIS

355 369 434 411 τις
476 350 693 418 μᾶλλον
739 344 811 409 ὡς
851 356 1065 412 πιστοῖς
1104 347 1406 421 χρήσαιτο,
1462 354 1552 401 καὶ
1607 356 1664 403 ἐν
1714 350 1786 417 τῷ
1831 352 2050 419 πολέμῳ

348 429 490 504 πρὸς
534 429 666 494 τοὺς·
707 429 923 504 φόβους
968 433 1261 499 δυςκίνητα
1307 430 1480 496 ὄντα,
1527 431 1668 503 πρὸς
1712 430 1814 495 τὰς
1855 434 2052 502 μαθή·

345 536 454 579 σεις
499 508 571 569 αὖ
619 525 764 569 ποιεῖ
809 513 1048 568 ταύτόν·
1093 516 1424 583 δυςκινήτως
1468 519 1574 586 ἔχει
1617 520 1707 570 καὶ
1733 520 2052 586 δυςμαθῶς,

345 598 520 670 ὥςπερ
579 597 1107 669 ἀπονεναρκωμένα,
1181 604 1268 654 καὶ
1326 597 1511 655 ὕπνου
1571 622 1628 655 τε
1690 604 1779 655 καὶ
1834 599 2052 671 χάσμης

344 686 743 763 ἐμπίπλανται,
792 679 933 737 ὅταν
981 704 1030 737 τι
1078 688 1166 761 δέῃ
1212 686 1471 739 τοιοῦτον
1517 688 1822 740 διαπονεῖν.
1897 684 2053 738 ’Ἐστι

347 771 558 836 ταῦτα,
606 770 729 841 ἔφη.
809 764 1002 834 <Ημεῐς
1063 771 1118 822 δέ
1176 768 1225 838 γ’
1291 774 1502 841 ἔφαμεν
1562 768 1896 841 ἀμφοτέρων
1940 773 2052 823 δεῖν

343 844 401 907 εὗ
451 873 504 906 τε
549 858 642 905 καὶ
685 853 866 913 καλῶς
905 858 1160 921 μετέχειν,
1207 850 1239 918 ἢ
1283 851 1421 921 μήτε
1465 856 1719 915 παιδείας
1754 856 1852 919 τῆς
1893 852 2052 924 oizpa—

341 933 614 1008 βεστοέτης
674 938 787 989 δεῖν
843 934 994 1003 αὐτῷ
1055 935 1416 1005 μεταδιδόναι
1481 935 1616 1005 μήτε
1688 940 1849 1008 τιμῆς
1912 939 2052 1008 μήτε

344 1019 537 1092 ἀρχῆς.
631 1018 873 1090 Ὀρθῶς,
934 1011 967 1085 ἦ
1030 1020 1079 1074 δ’
1143 1019 1222 1084 ὅς.
1327 1020 1546 1076 Οὐκοῦν
1607 1022 1846 1076 σπάνιον
1907 1019 2048 1077 αὐτὸ

347 1103 448 1178 οἴει
493 1106 754 1170 ἕσεσθαις
844 1106 979 1167 Πῶς
1031 1104 1078 1158 δ’
1136 1103 1238 1175 οὕς
1326 1107 1711 1161 Βασανιστέον
1768 1105 1834 1172 δὴ
1891 1110 1948 1161 ἕν
1992 1127 2050 1161 τε

351 1187 434 1252 οἷς
472 1186 595 1243 τότε
642 1192 896 1256 ἐλέγομεν
942 1186 1137 1252 πόνοις
1184 1212 1238 1244 τε
1284 1193 1375 1244 καὶ
1420 1188 1621 1263 φόβοις
1665 1193 1753 1244 καὶ
1803 1189 2051 1261 ἡδοναῖς,

345 1277 435 1327 καὶ
483 1278 558 1328 ἔτι.
607 1270 672 1339 δὴ
721 1270 749 1326 ὃ
797 1272 921 1326 τότε
970 1286 1234 1345 παρεῖμεν
1281 1277 1383 1328 νῦν
1427 1279 1678 1346 λέγομεν,
1725 1271 1812 1329 ὅτι
1858 1279 1951 1329 καὶ
1993 1282 2050 1329 ἐν

461 1467 511 1508 D.
574 1463 746 1518 ὥςπερ
790 1461 1315 1535 ἄποιεναρκωμένα]
1360 1465 1456 1510 Vat.
1495 1465 1542 1507 Θ.
1587 1467 1692 1511 Ven
1728 1468 1778 1509 11.
1813 1468 1915 1510 Par.
1954 1469 2048 1513 ΒΚ..

344 1526 466 1567 Μοη.
505 1524 598 1567 vat.
632 1538 665 1564 r.
699 1525 818 1567 Flor.
856 1538 891 1565 0.
923 1521 1063 1578 ωεπερ
1096 1521 1408 1576 νεναρκωμένα

459 1583 514 1623 Ε.
577 1579 601 1623 ὃ
644 1579 765 1622 τότε
806 1582 1090 1636 παρεῖμεν]
1135 1583 1276 1626 Bekk.
1317 1594 1372 1623 ex
1408 1581 1514 1622 Ven.
1548 1580 1595 1624 Ξ.
1631 1582 1823 1635 παρῇμεν
1853 1585 1976 1626 dedit
2007 1599 2047 1624 v.

346 1642 541 1682 Fischer.
584 1642 640 1681 ad
684 1640 859 1681 Weller.
903 1642 956 1681 Τ.
988 1641 1048 1680 11.
1081 1655 1124 1694 p.
1154 1640 1240 1684 479
1301 1640 1556 1680 Buttmann.
1595 1637 1673 1683 Gr.
1722 1639 1774 1681 Τ.
1806 1641 1842 1684 1.
1874 1655 1917 1695 p.
1947 1642 2048 1686 542.

343 1700 503 1742 Matth
538 1698 615 1738 Gr.
649 1699 686 1752 ξ.
718 1698 818 1741 210.
852 1699 888 1741 1.
925 1699 1072 1741 collat.
1104 1705 1256 1739 annot.
1287 1699 1343 1738 ad
1374 1712 1417 1750 p.
1447 1697 1548 1741 497.
1583 1697 1642 1737 D.

465 1758 512 1797 P.
545 1757 642 1801 504.
704 1754 761 1796 ἐν
804 1761 917 1796 τοῖς
957 1753 1147 1797 ἄλλοις
1192 1752 1454 1810 ἀηοδειλ.]
1503 1752 1661 1796 ἄθλοις
1693 1758 1808 1796 coni.
1842 1757 1879 1797 1.
1916 1757 2046 1816 Casp.

340 1815 551 1866 Orellius,
585 1815 706 1868 quod
736 1815 930 1867 suscepit
962 1814 1010 1858 O.
1043 1815 1116 1859 Fr.
1149 1816 1392 1856 Hermann.

458 1872 568 1925 Cap
600 1873 724 1913 XVI.
826 1871 968 1916 ..504
1034 1869 1117 1913 ὅτι
1159 1869 1340 1926 τριττὰ
1379 1868 1532 1925 εἴδη]
1574 1870 1698 1912 Mon.
1730 1870 1849 1916 Flor.
1883 1871 1927 1923 β.
1963 1869 2048 1914 ὅτε.

1242 2014 1300 2053 λει
1332 2009 1357 2052 ὃ
1390 2010 1443 2054 ἂν
1473 2011 1582 2065 δοκῇ
1612 2008 1742 2083 αὐτῷ.
1785 2013 1903 2055 lnfra
1923 2015 2047 2057 Libr.

1243 2071 1322 2113 lX.
1362 2085 1404 2123 p.
1436 2071 1534 2115 588.
1582 2073 1640 2110 15:
1682 2066 1802 2126 αὐτῷ
1848 2069 2048 2126 διαλεγώ-

1240 2128 1370 2178 μεθα
1446 2130 1684 2170 Praeterea
1723 2113 2047 2172 ob'servandum

340 2012 872 2067 zusammenhiingt,
916 2016 1155 2056 weisst

340 2073 407 2114 du
474 2071 634 2122 wohl,
710 2072 940 2125 pflegen
1017 2073 1154 2115 eben

340 2129 516 2180 nicht,
550 2142 607 2170 so
641 2130 738 2172 wie
769 2129 902 2171 auch
933 2131 1020 2172 die
1057 2142 1154 2171 von

339 2186 552 2229 kiihner
601 2187 707 2228 und
761 2189 1154 2242 grossartiger

340 2247 693 2298 Gesinnung‚
725 2245 985 2299 zugleicli
1019 2245 1153 2286 auch

339 2315 401 2344 so
444 2306 673 2356 gean-tet
711 2314 776 2343 zu
834 2304 978 2356 sein,
1029 2303 1155 2344 dass

342 2361 428 2402 sie
476 2362 701 2401 sittsam
757 2361 807 2400 in
850 2361 1000 2402 Ruhe
1037 2361 1152 2402 und

340 2417 904 2470 Gleichmiissigkeit
993 2419 1152 2461 leben

341 2477 552 2517 wollen.

395 2534 452 2576 D.
531 2531 676 2586 πρὸς
724 2529 821 2572 τὰς
869 2532 1152 2604 μαθήσεις

340 2586 410 2632 αὖ
452 2595 522 2641 π.]
567 2591 758 2633 Notabis
800 2593 1036 2643 repetitum
1076 2587 1149 2644 αὖ,

336 2663 536 2690 rursus
569 2673 624 2679 -—
656 2650 798 2689 item.
875 2649 971 2691 Nec
1003 2652 1149 2703 plura·

337 2709 391 2748 lis
451 2720 658 2748 numerus
720 2705 996 2757 ἐμπίπλανται
1048 2714 1149 2762 post

337 2763 432 2818 ἤθη
463 2766 612 2806 illatus
660 2766 755 2805 sine
789 2771 895 2806 nota
926 2768 1147 2807 transmit-

336 2825 520 2873 tendus3
566 2823 774 2863 videlicet
805 2826 996 2876 scriptor
1027 2827 1144 2878 eogi-

335 2883 448 2922 tavit
487 2882 542 2922 de
589 2881 844 2923 hominibus
899 2884 976 2923 tali
1026 2884 1146 2936 inge-

335 2941 412 2980 nio
446 2940 674 3010 praeditis.

395 2993 540 3051 αὐτῷ
585 2993 972 3066 μεταδιδόναι]
1016 2997 1146 3038 Refe-

337 3057 522 3096 rendum
557 3061 623 3096 est
654 3049 777 3108 αὕτῳ
808 3055 868 3094 ad
902 3067 1146 3106 pronomen

334 3114 626 3164 indefinitum,
663 3114 783 3164 quod
803 3113 858 3153 ad
878 3113 1146 3153 infinitivum

305 3167 427 3211 .δεῖν
484 3171 820 3222 intelligendum
864 3172 1145 3222 relinquitur.

336 3227 474 3279 Gorg.
517 3241 560 3280 p.
601 3229 700 3271 469.
733 3228 792 3268 E:
843 3225 890 3268 τὸ
937 3234 1076 3269 ποιεῖν
1121 3225 1148 3268 ἃ

340 3282 463 3325 δοκεῖ
490 3281 630 3339 αυτῷ,
667 3287 696 3325 1.
729 3299 765 3326 e.
802 3283 848 3324 τὸ
883 3291 1024 3326 ποιεῖν
1054 3299 1147 3326 τινα

340 3340 367 3383 ἃ
399 3340 521 3382 δοκεῖ
548 3340 678 3397 αὐτῷ
726 3343 839 3384 Ibid
874 3357 917 3396 p.
950 3343 1050 3387 469.
1085 3342 1143 3383 C:

338 3395 430 3441 ἀλλ’
482 3400 617 3453 ἔγωγε
665 3401 796 3440 τοῦτο
848 3402 975 3454 λέγω,
1039 3399 1144 3454 ὅπερ

337 3455 431 3510 ἄρτι
463 3457 574 3508 ἕξειν
577 3473 619 3498 αι
654 3465 736 3511 (so
774 3459 874 3510 me')
908 3459 953 3498 ἐν
985 3460 1034 3508 τῇ
1067 3457 1144 3499 πό-

1241 2188 1423 2227 verbum
1467 2185 1556 2227 δεῖν
1597 2189 1846 2239 repetitum.
1917 2188 2047 2236 Quod

1242 2258 1296 2285 ne
1330 2246 1431 2298 quis
1477 2245 1709 2296 sollicitet,
1749 2246 2049 2297 prohibebunt

1242 2316 1354 2355 quae
1385 2316 1526 2357 nuper
1566 2316 1620 2343 ex
1657 2304 1910 2344 oratoribus
1943 2318 2046 2346 con·

1242 2361 1405 2401 similia
1491 2362 1673 2413 collegit
1754 2360 1789 2402 G
1809 2375 1836 2402 a
1854 2375 1876 2402 r
1897 2375 1922 2403 0
1942 2364 1957 2403 l
1979 2377 2006 2403 u
2027 2376 2046 2403 s

1239 2418 1500 2460 Fortsch.
1547 2418 1800 2460 Observatt-
1843 2420 1970 2461 Critt.
2000 2422 2046 2462 111

1238 2477 1402 2528 Lysiae
1434 2476 1671 2519 Orationes
1702 2490 1746 2548 p.
1777 2476 1805 2520 8
1836 2491 1900 2532 sq.
1965 2519 1971 2523 ,

1295 2535 1348 2574 Ε.
1430 2531 1632 2588 δυνατὴ
1693 2535 1843 2576 ἔσται
1903 2534 2044 2589 ἐνεγ

1238 2593 1383 2645 κειν]
1426 2593 1592 2634 Mirum
1631 2594 1793 2634 accidit
1831 2593 1917 2635 1100
1969 2592 2042 2634 δυ-

1236 2647 1366 2704 νατή,
1403 2651 1460 2691 ad
1501 2652 1618 2704 quod
1659 2652 1733 2692 vix
1773 2664 1827 2691 ex
1871 2657 2044 2693 antece·

1235 2709 1442 2750 dentibus
1480 2705 1505 2762 ἡ
1535 2705 1671 2760 φύσις
1701 2704 1841 2749 αὐτοῦ
1880 2711 2044 2750 intelli-

1234 2780 1328 2819 gas,
1362 2766 1511 2817 Recte,
1532 2767 1708 2819 opinor,
1744 2767 1890 2818 habet,
1924 2769 2042 2820 quod

1233 2826 1279 2865 in
1321 2826 1418 2867 cod.
1467 2825 1572 2865 Ven-
1607 2823 1654 2868 Ξ,
1697 2826 2042 2877 superscriptum

1233 2884 1395 2935 legitur
1428 2879 1625 2924 δυνατός.
1696 2883 1771 2922 Sic
1800 2895 1883 2923 nos
1917 2884 2040 2924 olim.

1233 2942 1308 2981 Ad
1328 2942 1437 2981 haec
1457 2940 1810 2980 Schneideru
1827 2954 1867 2984 s:
1893 2940 2042 2992 „Sane

1233 3011 1390 3039 nomen
1406 2996 1539 3048 φύσις
1549 2999 1726 3050 longius
1737 2999 1876 3049 abest,
1890 3004 1933 3039 et
1943 3012 2040 3040 ver-

1232 3057 1275 3096 bi
1314 3051 1599 3096 ἇποδειλιάσει
1623 3057 1866 3096 subiectum
1898 3057 2040 3097 1101111-

1232 3127 1332 3154 nem
1351 3116 1496 3166 ipsum
1516 3115 1664 3167 potius
1695 3127 1824 3166 quam
1852 3117 1946 3155 eins
1963 3127 2039 3156 na-

1231 3178 1375 3212 turam
1385 3184 1482 3212 esse
1492 3172 1688 3212 additum
1702 3171 1749 3211 οἱ
1764 3167 2039 3213 ἀποδειλιῶν-

1233 3239 1300 3268 τες
1351 3230 1541 3281 arguit.“
1616 3230 1918 3271 Nihilominus
1964 3231 2040 3270 ille

1232 3287 1455 3339 vulgatam
1475 3289 1751 3328 retinendam
1773 3294 1937 3330 censet.
1971 3289 2040 3329 Ac

1232 3357 1337 3385 sane
1380 3346 1535 3385 similis
1582 3347 1696 3387 ratio
1738 3352 1805 3386 est
1848 3347 2038 3388 Phaedr.

1233 3416 1275 3454 p.
1319 3402 1419 3445 254.
1463 3403 1519 3443 D.
1563 3405 1686 3444 cuius
1735 3405 1822 3443 loci
1866 3404 2038 3444 criticus

1233 3461 1318 3499 fuit
1349 3460 1589 3504 immemor.
