2098 3658
294 135 391 186 128

896 134 1369 189 PLATONIS

289 280 607 346 καιοσύνης.
671 273 710 333 ὦ
762 279 1090 351 Σώκρατες,
1152 280 1296 349 αὕτη
1341 303 1398 336 τε
1442 305 1532 336 και
1579 283 1839 349 τοιαύτη,
1901 286 1990 337 καὶ

288 366 343 432 ἐξ
383 358 460 418 ὧν
504 371 726 438 πέφυκε,
771 368 1023 430 τοιαῦτα,
1068 364 1141 430 ὡς
1183 365 1213 422 ὁ
1259 364 1355 434 λό)
1358 387 1435 430 ος.

413 444 555 524 Cap.
607 444 708 503 m.

787 446 885 513 ‘529
930 453 985 504 δὲ
1030 454 1121 505 καὶ
1158 455 1211 505 οὶ
1247 447 1664 517 ἐπιτηδεύοντες
1703 447 1991 521 ἀδυναμίᾳ

289 534 388 586 τοῦ
430 530 640 586 ἀδικεῖν
682 529 913 596 ἄκοντες
972 531 1112 588 αὐτὸ
1157 535 1567 602 ἐπιτηδεύουσι,
1624 533 1847 604 μάλιστ’
1917 530 1992 589 ἂν

288 620 679 684 αἰσθοίμεθα,
724 624 770 673 εὶ
815 617 1033 673 τοιόνδε
1077 618 1410 690 ποιήσαιμεν
1455 621 1519 696 τῇ
1566 620 1818 689 διανοίᾳ·
1864 617 1993 673 δόν-

286 721 376 764 τες
432 702 684 766 ὲξοὺσίαν
737 708 974 773 ἑκατέρῳ
1034 715 1213 759 ποιεῖν
1259 702 1288 759 ὅ
1335 725 1387 758 τι
1432 700 1505 756 ἂν
1550 702 1857 772 βούληται,
1913 705 1990 773 τῷ

287 805 345 839 τε
402 788 593 855 δικαίῳ
662 790 752 842 καὶ
826 789 902 857 τῷ
971 786 1173 857 ἀδίκῳ,

402 1007 510 1060 Cap.
543 1007 616 1050 ΙΙΙ
678 1007 726 1047 C.

1249 787 1346 844 εἶτ’
1423 785 1992 858 ἐπακολουθήσαιμεν

798 1002 880 1048 ἐπ’
922 1002 1236 1065 αυτοφαίρῳ
1283 1004 1387 1049 οὖν
1425 1006 1489 1061 L]
1531 1007 1602 1048 Sic
1647 1008 1742 1052 V.at
1787 1006 1835 1049 Θ.
1879 1009 1989 1056 ven,

288 1062 388 1109 ΞΠ.
426 1064 543 1106 vind.
581 1065 675 1107 Par.
710 1064 763 1105 K.
799 1064 913 1108 Mon.
949 1067 1005 1108 al.
1063 1067 1208 1118 Vuuero
1241 1063 1557 1119 ἐπαυτοφιιίρῳ.

410 1119 566 1178 νόμῳ
607 1120 662 1164 δὲ
699 1122 823 1177 βία]
865 1120 984 1178 νόμῳ
1027 1123 1074 1164 δὲ
1111 1125 1181 1165 καὶ
1219 1125 1298 1180 βίᾳ
1343 1126 1447 1168 Ven
1483 1122 1537 1164 Π.
1588 1124 1684 1165 Par.
1726 1124 1830 1164 ΒΚ.
1871 1124 1988 1165 Mon.

286 1182 382 1223 Vnt.
421 1194 456 1224 r.
497 1195 552 1224 m.
600 1179 717 1225 Flor.
758 1195 797 1222 a.
832 1182 872 1222 b.
903 1195 940 1225 c.
974 1196 1011 1222 α.
1044 1182 1088 1233 β.
1124 1197 1164 1236 γ.
1215 1189 1260 1224 et
1291 1184 1414 1225 editt.
1462 1181 1561 1222 Bas.
1604 1181 1645 1224 1.
1685 1181 1726 1223 2.
1778 1182 1988 1234 probante

282 1238 501 1283 Bekkero.

284 1381 470 1433 indicat3
510 1393 549 1424 ν.
582 1377 774 1422 Matth.
808 1379 885 1423 Gr.
918 1380 958 1434 ξ.
990 1379 1092 1424 398.

283 1440 472 1482 Prorsus
486 1437 636 1479 eodem
664 1437 794 1479 modo
812 1438 967 1478 Latine
990 1451 1090 1479 sex-

283 1504 373 1539 tum
418 1509 565 1537 casum
626 1501 851 1549 usurpant.
910 1496 1089 1538 Cicer.

282 1555 422 1609 Legg.
444 1555 486 1606 Ι,
514 1554 584 1599 15.
606 1560 716 1596 extr.
750 1553 939 1603 Religi
957 1566 1091 1594 ones

283 1626 384 1655 nou
417 1619 596 1662 metu,
639 1611 732 1652 sed
777 1625 835 1652 en
869 1612 1090 1652 coniun-

282 1672 493 1717 ctione,
550 1682 689 1724 quae
738 1674 823 1710 est
882 1668 1089 1711 homini

282 1742 396 1770 cum
469 1728 596 1780 deo,
664 1728 1091 1768 conservandas

283 1792 441 1841 puto,
494 1786 564 1827 ubi
614 1798 652 1828 v.
706 1786 981 1829 Goerenz.
1033 1809 1089 1815 --

281 1845 346 1886 De
378 1840 481 1886 οὐδ’
514 1839 570 1884 ἂν
599 1842 668 1884 ἑνί
695 1856 733 1883 ν.
766 1843 819 1882 ad
850 1856 892 1896 p.
913 1842 1014 1886 353.
1038 1843 1088 1886 D.

338 1902 567 1956 Cap.111.
609 1901 658 1942 C.
707 1899 901 1942 δόντες
929 1899 1087 1953 ἐξου-

282 1962 408 2000 σιάν
439 1985 494 1990 --
526 1957 681 2011 diget]
714 1958 950 2000 Adduntnr
982 1959 1087 2000 haec

282 2018 575 2072 superioribus
622 2030 700 2071 per
745 2017 1083 2069 appositionem,

281 2077 473 2128 ideoque
521 2076 711 2129 legitima
759 2074 963 2126 loquendi
1015 2087 1086 2115 ra·

279 2134 397 2175 tione
437 2134 749 2187 particularum
805 2133 982 2173 vinculis
1014 2146 1085 2172 cn-

278 2197 388 2234 rent.
479 2191 667 2232 Plurima
728 2189 854 2231 huius
912 2191 1087 2241 generis

276 2250 474 2303 exempla
506 2248 749 2289 not-ivimus
783 2248 822 2287 in
844 2248 980 2289 Indic.
1004 2248 1086 2290 Se-

275 2305 771 2359 leet.Dia10ug.T.1
817 2311 859 2346 et
893 2306 943 2348 11.
977 2320 1011 2348 s.
1047 2320 1084 2348 v.

276 2369 311 2407 A
330 2364 622 2419 syndeton.
659 2363 722 2405 De
754 2358 843 2403 εἶτα
861 2370 964 2416 post
984 2377 1084 2416 par-

275 2421 467 2476 ticipium
513 2422 632 2462 illato
677 2434 715 2465 v.
762 2421 816 2462 ad
859 2421 1081 2466 Phaedon.

274 2495 317 2536 p.
350 2481 420 2525 70.
454 2478 506 2521 Ε.

332 2537 430 2579 εἰς
442 2532 642 2579 ταυτόν
672 2533 857 2592 ἰόντα]
891 2537 1004 2579 incra
1036 2551 1077 2591 p.

273 2595 377 2641 360.
412 2595 472 2637 C:
523 2590 615 2637 ἀλλ’
653 2593 723 2635 ἐπὶ
764 2591 920 2636 ταύτὸν
973 2596 1082 2635 ἴοιεν

274 2650 530 2756 {ffss'ff‘zssz
535 2653 602 2752 ’ἶ
603 2666 694 2751 ζ’ἔέ
685 2653 892 2765 Ρῆκξῗέῗ
883 2666 965 2752 ‚2022
977 2652 1079 2765 73ἓρ

275 2766 380 2813 ουδ’
398 2768 482 2825 ἐγώ
502 2766 644 2811 κλύειν
668 2767 945 2822 (βούλομαι).
971 2769 1079 2823 Hip-

274 2832 413 2883 polyt.
445 2843 484 2873 v.
517 2829 618 2873 275.
657 2826 720 2868 εἰς
759 2825 916 2870 ταύτὸν
948 2824 1079 2882 ἥκεις.

331 2884 480 2942 νόμῳ
521 2885 578 2927 δὲ
626 2886 721 2942 βίᾳ
774 2883 1081 2942 παράγεται

274 2945 364 2998 -]
407 2945 528 2998 lege
568 2950 754 2986 autem
786 2947 1081 2994 violenter

273 3000 338 3044 ad
409 3001 695 3043 colendam
766 3003 1079 3057 aequaiita-

273 3065 376 3102 tem
408 3059 730 3112 impellitur
770 3073 806 3104 s,
838 3061 1078 3102 ducitur.

272 3118 425 3159 Verbo
457 3114 732 3170 παράγεσθαι
763 3119 980 3172 significat
1000 3115 1077 3157 ho-

273 3176 411 3218 mines
441 3187 466 3215 a
497 3182 614 3216 recta
647 3175 801 3228 agendi
836 3177 919 3226 via,
950 3187 1075 3228 quem

272 3233 364 3288 ipsa
406 3237 555 3286 natura
599 3233 953 3286 praescripserit,
1006 3245 1077 3272 sc-

274 3290 372 3333 duci
411 3290 556 3331 solere
597 3289 651 3330 ad
699 3302 770 3338 en,
813 3302 924 3343 quae
956 3300 1079 3330 more

272 3355 318 3390 et
377 3347 691 3389 consuetudine
752 3350 913 3389 sancita
978 3348 1077 3388 sint.

272 3406 463 3460 Eurip.
497 3403 721 3448 Phoenissa.
753 3418 796 3459 p.
817 3404 926 3449 545:
964 3409 1078 3445 κεῖνο

1179 1378 1373 1450 ξάλλιον,
1415 1379 1593 1433 τέκνον,
1638 1376 1814 1433 ἰσότητα
1854 1379 1987 1431 τιμᾶν,

1178 1435 1205 1491 ἢ
1248 1440 1407 1490 φίλους
1436 1433 1502 1479 άεὶ
1543 1439 1711 1490 φιᾝλοιε
1753 1434 1901 1478 πόλεις
1947 1452 1989 1479 τε

1178 1494 1347 1546 πόλεσι,
1399 1494 1650 1549 συμμάχους
1681 1510 1723 1536 τε
1755 1494 1990 1567 συμμάχοις

1178 1553 1342 1607 §waet-
1377 1551 1422 1596 τὸ
1456 1551 1540 1609 γάρ
1569 1556 1667 1595 ἴσον
1699 1551 1881 1605 νόμιμον
1911 1548 1985 1595 α’ν-

1176 1610 1382 1666 θρώποις
1422 1613 1534 1665 ἕφυ,
1579 1613 1639 1668 τῷ
1669 1611 1814 1653 πλέονι
1846 1607 1889 1653 δ’
1921 1607 1986 1653 αἐὶ

1177 1671 1383 1722 πολέμιον
1433 1655 1688 1713 καθἰστάται
1745 1667 1986 1712 τοῦλασσον

1178 1745 1215 1771 κ.
1248 1744 1281 1773 τ.
1310 1731 1346 1772 λ.
1389 1728 1503 1774 conf.
1544 1731 1683 1783 Gorg.
1722 1744 1762 1783 p.
1793 1728 1894 1773 508.
1925 1731 1984 1774 A.

1177 1795 1221 1830 et
1262 1801 1304 1841 p.
1350 1787 1452 1831 403.
1496 1792 1529 1828 Α
1569 1800 1691 1840 sqq..
1742 1800 1831 1840 quo
1881 1789 1984 1829 loco

1175 1846 1382 1887 Canicles
1421 1844 1530 1886 haec
1573 1845 1666 1898 ipsa
1703 1845 1861 1898 piacita
1905 1844 1984 1887 de-

1171 1903 1326 1947 fendit.

1230 1957 1417 2001 τοιάδε
1470 1956 1724 2010 μάλιστα,
1785 1959 1844 2000 εί
1897 1955 1981 2002 αὖ·

1172 2024 1290 2060 τοῖς
1319 2017 1544 2086 γένοιτο
1578 2017 1705 2059 οἵαν
1734 2019 1820 2067 -J
1866 2018 1981 2060 Ver-

1172 2078 1226 2119 ba
1290 2073 1433 2117 τοιάδε
1479 2072 1655 2126 μάλιστα
1715 2077 1983 2129 expiicantur

1170 2135 1249 2186 iis,
1293 2147 1418 2204 quae
1475 2133 1683 2187 deinceps
1731 2139 1982 2190 sequuntur,

1171 2191 1211 2233 εἰ
1247 2188 1399 2234 αυτοιε
1439 2190 1609 2246 γένοιτο
1654 2206 1692 2232 κ.
1727 2205 1761 2236 τ.
1794 2192 1830 2234 2.
1886 2191 1981 2234 Ite-

1171 2264 1255 2304 que
1295 2257 1396 2292 ante
1437 2249 1536 2291 οἵαν
1578 2255 1761 2304 apparet
1799 2250 1980 2303 intelligi

1172 2314 1381 2362 oportere
1414 2305 1569 2352 τοιάδε.
1631 2309 1731 2351 Qua
1771 2307 1811 2348 in
1843 2314 1976 2349 attra-

1171 2367 1316 2408 ctione
1370 2365 1759 2420 interpunctionem
1824 2366 1980 2408 meiius

1168 2425 1311 2466 omitti
1368 2424 1500 2478 quam
1551 2423 1768 2476 interponi
1812 2435 1895 2464 una
1935 2427 1981 2465 et

1170 2482 1446 2524 consentiens
1489 2486 1559 2525 est
1600 2494 1685 2522 vox
1721 2480 1978 2535 prudentio-

1165 2552 1260 2581 rum
1291 2541 1696 2593 grammaticorum.

1222 2597 1277 2639 D.
1335 2598 1401 2652 τῷ
1432 2594 1574 2652 Γύγῃ
1597 2619 1653 2627 -
1677 2594 1976 2650 γενέσθαι]

1167 2655 1321 2711 Gygae
1352 2657 1532 2697 annulus
1575 2654 1629 2695 ab
1661 2655 1756 2708 ipso
1793 2654 1978 2695 Platone

1168 2713 1220 2757 L.
1260 2711 1316 2756 X.
1348 2727 1391 2768 p.
1431 2714 1534 2758 612.
1579 2712 1658 2763 B„
1700 2717 1744 2752 et
1786 2711 1842 2752 ab
1882 2711 1977 2752 ania

1166 2772 1327 2820 multis,
1365 2772 1497 2813 veluti
1519 2783 1544 2811 a
1577 2768 1861 2811 Cicerone
1895 2767 1975 2810 of-

1164 2828 1234 2871 fic.
1268 2829 1358 2881 ΙΙΙ,
1389 2833 1429 2874 9.
1464 2828 1690 2870 lucian.
1719 2825 1805 2866 Bis
1818 2837 1976 2870 accus.

1165 2886 1204 2939 ξ.
1255 2887 1327 2931 21.
1374 2886 1526 2940 Navig.
1577 2884 1616 2937 ξ.
1665 2883 1738 2927 42.
1789 2883 1975 2924 ΡΙιίΙο-

1165 2949 1284 2986 stra
1299 2950 1330 2987 t.
1366 2944 1542 2986 Heroic.
1577 2956 1617 2996 p.
1640 2942 1697 2985 28
1740 2941 1808 2984 ed.
1831 2941 1974 2985 Boiss.

1165 3006 1546 3044 commemoratur.
1591 2999 1772 3040 Fundus
1805 2997 1976 3041 fabulae

1164 3061 1218 3100 ab
1279 3059 1380 3102 aliis
1438 3059 1584 3100 aliter*
1627 3062 1867 3099 exornatae
1915 3058 1974 3111 (v.

1166 3116 1202 3158 C
1215 3129 1271 3158 re
1284 3122 1346 3158 uz
1362 3129 1386 3157 e
1398 3128 1432 3159 r.
1485 3115 1698 3157 Historic.
1760 3116 1973 3158 Graecor.

1163 3174 1498 3226 antiquissimor.
1547 3173 1723 3225 Fragm.
1772 3187 1812 3227 p.
1853 3171 1974 3226 204.)

1164 3233 1376 3286 reperitur
1407 3232 1445 3271 in
1478 3231 1554 3282 iis,
1592 3243 1705 3283 quae
1737 3230 1976 3273 memoriae

1163 3289 1447 3342 prodiderunt
1503 3288 1707 3330 Herod.
1759 3289 1791 3332 1.
1833 3288 1874 3333 8.
1929 3291 1974 3327 et

1163 3347 1357 3390 lustin.
1411 3347 1442 3390 1.
1483 3347 1522 3390 7.
1571 3353 1678 3391 extr.
1753 3346 1970 3390 Quocirca

1164 3405 1440 3457 cogitandum
1475 3405 1566 3447 sine
1598 3404 1732 3446 dubio
1765 3403 1820 3445 de
1844 3404 1971 3456 Gyge

2083 3076 2087 3086 “
2082 2997 2091 3023 ’”“
2090 2801 2098 2970 m*-
