2106 3594
1702 159 1841 214 LXI

127 301 355 370 bantur,
395 308 613 373 gratum
647 305 1045 370 acceptumque
1089 316 1208 352 esse
1245 297 1552 367 videbantr
1583 298 1690 353 hoc
1726 306 1842 354 stu-

131 371 293 425 diose
347 370 721 442 sequebantur
781 378 839 423 et
896 369 1121 422 nefariis
1187 369 1421 440 argutiis
1486 371 1840 424 exornabant.

132 442 412 511 Quocirca
469 441 647 495 omnis
710 455 896 494 eorum
954 440 1249 511 sapientia
1284 439 1521 510 quadam
1579 441 1841 496 adulandi

129 515 393 569 facultate
443 511 832 567 continebatur
877 511 948 581 ⁸).
1035 511 1115 565 Et
1167 511 1406 581 primum
1469 512 1698 582 quidem.
1749 514 1843 569 isti

130 585 409 654 homineS,
460 584 690 638 Platone
727 582 911 638 iudice
949 583 1066 652 **)‚
1115 583 1231 636 veri
1279 583 1541 638 iudicium
1576 586 1749 639 menti
1784 593 1844 639 et

130 657 333 710 rationi
381 655 591 728 eripere
651 654 964 709 studebant.
1064 654 1363 726 Negabant
1430 655 1575 708 enim
1624 657 1682 709 in
1729 657 1843 711 ulla

129 727 387 781 doctrina
435 725 736 798 quidquam
786 726 996 794 inesse,
1048 725 1197 795 quod
1247 745 1367 780 non·
1406 734 1602 797 posset
1651 727 1840 799 dispu-
1887 739 1893 745 '

128 798 299 853 tando
334 796 678 867 labefactari,
715 797 952 867 ideoque
989 795 1058 850 de
1097 816 1316 868 quaque
1354 815 1414 851 re
1460 797 1519 851 in
1552 806 1840 868 utramque

129 879 342 942 partem
389 869 574 924 dicere
623 889 683 923 se
733 889 900 941 posse
947 868 1354 939 profitebantur
1389 870 1529 940 ***).
1637 869 1842 924 Omnia

128 949 312 996 antem
361 941 674 996 referebant
721 941 792 995 ad
830 959 1091 995 sensuum
1129 939 1421 1010 iudicium,
1474 940 1624 1011 quod
1673 961 1842 1012 quum

129 1013 224 1067 alii
259 1015 527 1081 fecerunt,
564 1021 680 1066 tum
715 1013 982 1084 imprimis
1027 1013 1397 1083 Protagoras,
1449 1021 1701 1068 versatus
1747 1014 1841 1068 ille

128 1085 294 1138 etiam
327 1085 386 1137 in
420 1083 750 1139 illustranda
785 1104 964 1138 rerum
1000 1083 1347 1154 politicarum
1373 1083 1644 1153 doctrina,
1685 1085 1842 1139 cuius

134 1156 476 1210 nobilissima
510 1156 616 1210 fuit
652 1156 959 1225 sententia,
999 1156 1274 1208 hominem
1317 1174 1438 1210 esse
1477 1157 1719 1210 omnium
1755 1174 1842 1210 re-

127 1247 250 1282 rnm
287 1246 600 1282 mensuram
637 1228 807 1299 ****)‚
860 1226 1100 1297 ideoque
1136 1225 1193 1280 id
1236 1228 1437 1298 cuique
1478 1247 1672 1282 verum
1703 1247 1840 1297 esse,

128 1298 279 1369 qnod
353 1299 462 1371 ipsi
539 1298 843 1354 videretur‘
864 1299 959 1368 ἢ).
1075 1297 1204 1366 Qua
1304 1298 1528 1369 quidem
1626 1300 1842 1354 ratione

127 1389 298 1443 quum
347 1390 563 1425 omnem
610 1371 727 1424 veri
777 1371 1151 1444 cognoscendi
1202 1371 1522 1424 facultatem
1573 1370 1645 1425 ad
1692 1372 1843 1426 solos

128 1460 322 1497 sensns
361 1441 655 1512 deferrent,
694 1442 852 1497 facile
887 1451 973 1497 est
995 1441 1083 1496 'ad
1118 1442 1563 1512 existimandum,
1602 1443 1739 1512 quid
1774 1442 1843 1498 de

129 1513 343 1569 iustitia
388 1514 645 1585 omnique
693 1515 897 1568 virtute
948 1515 1258 1568 statuerint.
1349 1515 1516 1569 Hanc
1553 1517 1695 1568 enim
1731 1535 1843 1573 non

131 1605 168 1639 e
214 1603 320 1639 sua
354 1584 530 1668 ipsius
566 1594 763 1639 natura
799 1594 863 1639 et
892 1585 1160 1659 dignitate
1197 1585 1550 1655 iudicabant,
1603 1585 1702 1641 sed
1737 1587 1843 1640 uti·

132 1656 322 1711 litatis
362 1656 837 1727 iucunditatisque
899 1656 1279 1730 magnitudine
1338 1658 1706 1712 metiebantur
1725 1658 1842 1728 ἤ).

130 1727 332 1799 ltaque
377 1728 471 1782 alii
516 1727 944 1800 pulcritudinem
995 1738 1053 1783 et
1100 1728 1444 1784 honestatem
1490 1730 1844 1802 seinngentes

131 1798 301 1853 vitam
362 1799 653 1854 honestam
694 1800 1078 1872 ‘pulcriorem*
1106 1800 1329 1870 quidem
1376 1819 1501 1855 esse
1564 1800 1842 1871 dicebant‚

131 1869 234 1925 sed
278 1871 537 1926 iniustam
575 1872 747 1925 multo
781 1870 1074 1926 melioremv
1098 1872 1465 1926 etutiliorem
1500 1872 1698 1942 †††).·5
1727 1874 1845 1928 Alii

131 1961 294 2012 vero,
343 1942 657 1998 discrimine
679 1945 852 1998 inter
898 1948 1151 1997 naturam
1192 1943 1419 2013 (φύσιν)
1471 1952 1526 1998 et
1563 1944 1846 2000 hominum

131 2013 590 2069 consuetudinem
634 2022 818 2085 atque·
848 2015 1167 2086 opinionem
1219 2013 1453 2086 (νόμον)
1498 2017 1843 2087 constituto,

131 2086 560 2156 contendebant,
598 2087 751 2157 quod
788 2095 986 2141 natura
1021 2095 1170 2142 esset
1204 2088 1427 2157 malum,
1464 2088 1611 2142 idem
1648 2096 1848 2143 natura

133 2165 295 2231 turpe
340 2176 495 2228 esse,
550 2158 787 2230 ideoque
815 2159 1054 2214 *iniuriis
1091 2159 1240 2214 affici
1291 2179 1496 2231 easque
1533 2161 1649 2232 pati
1683 2169 1846 2233 turpe

224 2401 289 2460 ⁵)
316 2401 370 2444 v.
402 2379 543 2458 Gorg.
575 2417 619 2457 p.
651 2403 740 2448 463
780 2426 826 2435 —
858 2404 962 2450 465.
995 2404 1047 2449 c,

191 2494 260 2547 ²⁹)
300 2492 431 2534 Hunc
461 2491 577 2532 enim
608 2491 653 2532 in
690 2493 952 2548 enarrandis
984 2491 1283 2547 sophistarum
1317 2495 1493 2548 placitis
1523 2487 1748 2535 auctorem
1781 2507 1847 2535 se·

313 2550 437 2605 qunti
482 2561 656 2599 sumus,
700 2550 992 2607 quo¹certius
1034 2553 1285 2603 constaret,
1331 2552 1439 2606 quid
1482 2553 1567 2606 ipsi
1607 2553 1662 2593 de
1694 2565 1847 2594 eorum

310 2609 537 2651 doctrina*
562 2608 705 2648 visum
745 2609 818 2648 sit.
890 2610 1020 2650 Alios
1054 2610 1185 2650 aiiter
1212 2612 1427 2659 sensisse,
1465 2612 1682 2663 imprimis
1712 2623 1847 2663 nupe-

309 2680 384 2710 ro·
412 2667 671 2719 scriptores,
700 2666 842 2719 probe
861 2668 1079 2709 nov-imus.
1113 2669 1230 2712 cous.
1249 2670 1465 2722 imprimis
1503 2670 1701 2721 Hcgcl.
1731 2669 1847 2710 Hist.

309 2724 481 2767 Philas.
523 2723 584 2767 11.
625 2736 667 2777 p.
708 2722 749 2767 8.
788 2738 883 2779 sqq.
932 2738 974 2778 p.
1014 2725 1083 2768 20.
1122 2739 1218 2780 sqq.
1258 2740 1298 2780 p.
1339 2727 1398 2771 40
1451 2740 1548 2780 sqq.
1607 2726 1700 2767 Nec
1741 2739 1848 2767 vero

313 2796 394 2824 nos
425 2782 506 2837 ipsi
541 2795 654 2835 quae
685 2781 849 2823 suerint
870 2782 1169 2836 sophistarum
1201 2786 1358 2827 merita
1387 2787 1658 2839 ignoramus.
1719 2783 1849 2825 Nunc

310 2840 514 2884 Platonis
544 2841 804 2883 sententiam
836 2841 1001 2883 referre
1031 2842 1251 2885 voluimus

166 2927 270 2982 ⁸⁴⁸)
309 2927 378 2969 De
409 2927 517 2983 nep.
553 2929 628 2972 Vi.
657 2942 700 2983 p.
733 2928 821 2973 499
871 2933 918 2970 Α.
956 2929 1057 2971 ViI.
1093 2942 1133 2983 p.
1166 2929 1264 2973 539.
1297 2929 1348 2974 B.
1379 2943 1421 2984 p.
1450 2929 1552 2976 454.
1580 2935 1624 2973 Α.
1652 2930 1848 2985 Sophist.

309 2998 369 3089 gb
390 2986 719 3090 235.90'i'heaet.
757 3000 801 3041 p.
846 2986 942 3031 164.
986 2987 1037 3032 C.
1070 2988 1242 3029 Phileb.
1274 2999 1302 3042 p
1353 2988 1424 3032 43.
1462 2993 1510 3032 A.
1550 2990 1778 3032 Phaedon.
1810 3005 1849 3043 p.

143 3131 262 3184 ·'·')
315 3132 370 3174 V.
402 3131 587 3177 Theaet.
619 3146 662 3187 p.
697 3133 793 3178 152.
832 3137 878 3174 Α.
917 3157 960 3165 -
1000 3133 1099 3177 160.
1133 3133 1190 3178 D.

225 3218 274 3269 Ἠ
315 3218 482 3273 cntyl.
516 3233 557 3274 p.
590 3219 691 3265 386.
726 3221 776 3262 C.

197 3302 279 3357 ἢ)
321 3303 369 3348 V.
403 3304 544 3359 Gorg.
573 3321 613 3363 p.
645 3307 747 3353 474.
780 3307 828 3352 C.

171 3387 281 3440 †††)
322 3389 369 3433 V.
402 3390 540 3441 Gom.
577 3396 601 3437 Ι.
635 3411 670 3433 v.
737 3396 801 3435 De
837 3396 937 3448 nup,
974 3395 1069 3437 libr.
1105 3396 1157 3439 ΙΙ.
1192 3396 1254 3436 iu.
