2124 3744
302 179 362 226 16
868 173 1260 229 ARGUMEN
1271 174 1441 228 TUM

295 315 489 368 iisdem
544 314 705 368 etiam
745 318 903 386 quasi
943 317 1254 371 alimentum
1289 319 1533 387 praebet,
1576 324 1635 368 ut
1672 322 1999 386 generentur

296 394 460 456 atque
512 395 790 451 crescant3
829 389 904 441 ita
940 388 1203 442 Bonum
1243 388 1411 455 illud,
1452 387 1518 440 de
1557 407 1667 456 quo
1705 386 1997 456 loquimur,

296 458 457 511 rebus
495 459 709 511 cunctis
749 479 860 512 non
895 459 1001 514 hoc
1037 468 1247 513 tantum
1286 460 1531 530 largitur,
1572 467 1635 512 ut
1661 474 1998 528 cognoscan-

294 539 401 598 tur,
442 529 540 583 sed
579 530 743 583 etiam
782 530 934 600 illud,
973 540 1034 585 ut
1071 533 1182 585 sint
1211 546 1383 601 atque
1416 531 1706 585 essentiam
1733 530 1998 582 habeant:

294 601 471 672 ipsum
523 602 665 654 enim
705 603 912 671 omnia,
954 622 1093 673 quae
1133 611 1280 671 sunt,
1324 603 1377 656 vi
1423 622 1485 656 ac
1525 601 1862 673 praestantia
1881 611 1999 655 “sua

293 680 519 742 superat
554 691 731 743 neque
770 674 826 726 in
866 694 1052 728 eorum
1089 694 1315 727 numero
1368 672 1863 744 comprehenditur.
1935 673 1996 724 Ρ.

291 745 416 798 507.
466 744 542 796 As
574 776 645 784 —
681 747 803 799 509.
853 746 919 798 B.
1006 745 1118 800 Sed
1173 745 1257 800 his
1305 746 1567 818 expositis
1620 764 1783 815 porro
1837 743 1998 797 etiam

292 814 360 868 de
398 815 537 886 loco,
575 835 736 886 quem
773 817 1037 871 Bonum
1076 817 1135 870 in
1173 837 1352 871 rerum
1390 817 1705 889 cognitione
1733 815 1997 882 obtineat,

292 886 708 956 disquirendum
757 896 960 943 censet.
1046 887 1215 957 Quod
1255 888 1474 960 quidem
1514 887 1886 942 sollertissime
1924 887 2000 939 ita

289 966 375 1013 est
410 959 750 1029 institutum,
794 969 855 1013 ut
892 961 1055 1014 simul
1091 962 1242 1014 varia
1277 961 1537 1015 scientiae
1578 969 1634 1012 et
1669 958 1998 1031 cognitionis

288 1049 492 1102 genera
542 1030 977 1102 distinguantur,
1042 1051 1151 1103 quo
1207 1033 1422 1086 facilius
1477 1031 1854 1102 intelligantur
1913 1049 1996 1098 ea,

290 1121 430 1172 quae
476 1103 649 1157 Libro
705 1105 938 1174 septimo
977 1103 1044 1158 de
1083 1104 1376 1158 custodum
1413 1123 1478 1157 ac
1514 1104 1823 1175 principum
1864 1101 1996 1155 civi·

288 1174 417 1228 tatis
455 1174 799 1229 institutione
822 1175 1180 1230 disseruntur.
1258 1175 1524 1230 Videmus
1557 1183 1757 1242 autem,
1795 1173 1996 1242 inquit,

287 1244 364 1314 id,
395 1246 546 1315 quod
573 1247 791 1300 Bonum
823 1257 924 1317 est,
951 1248 1007 1301 in
1031 1267 1096 1302 eo
1123 1267 1323 1319 genere
1347 1266 1545 1315 rerum,
1575 1265 1716 1315 quae
1745 1252 1996 1298 aeternae

289 1325 420 1370 sunt
455 1336 519 1371 ac
558 1318 662 1372 sibi
711 1338 924 1390 semper
974 1327 1258 1388 constant,
1319 1337 1579 1389 regnare,
1616 1315 1993 1386 'quemadmo-

290 1387 419 1442 dum
455 1408 542 1443 res
579 1390 830 1444 sensibus
870 1390 1149 1444 subiectae
1187 1410 1255 1444 ex
1282 1389 1429 1445 Solis
1467 1389 1699 1459 imperio
1731 1387 1994 1459 pendent.

290 1458 476 1527 Quum
513 1480 644 1514 vero
684 1461 794 1515 duo
833 1462 944 1517 sint
980 1481 1162 1515 rerum
1199 1481 1430 1534 genera,
1470 1469 1763 1531 utrumque
1802 1478 1994 1512 rursus

284 1532 342 1584 in
395 1531 531 1586 duas
555 1540 739 1604 partes
778 1532 1088 1604 (aequales)
1128 1533 1522 1602 describamuS,
1559 1551 1789 1602 quarum
1826 1531 1996 1584 altera

285 1622 373 1657 res
411 1603 561 1675 ipsas
606 1604 824 1675 habeat,
867 1606 1036 1660 altera
1072 1625 1251 1658 rerum
1275 1605 1541 1677 imagines
1580 1604 1992 1675 complectatur.

286 1675 507 1729 Etenim
546 1695 685 1746 quae
724 1678 974 1732 sensibus
1012 1678 1259 1731 subiecta
1299 1690 1455 1745 sunt,
1497 1695 1561 1730 ea
1596 1676 1685 1729 vel
1720 1694 1808 1729 res
1842 1675 1993 1746 ipsae

285 1754 434 1816 sunt,
486 1749 656 1802 veluti
697 1749 980 1818 animalia,
1019 1750 1265 1821 plantae,
1307 1767 1475 1819 opera
1514 1755 1627 1800 arte
1677 1747 1852 1811 facta3
1907 1745 1993 1800 vel

284 1819 500 1872 illarum
538 1840 717 1874 rerum
771 1821 1067 1894 imagines,
1123 1839 1384 1891 quorsum
1423 1820 1700 1892 pertinent
1751 1818 1990 1886 umbrae,

283 1898 448 1961 atque
487 1891 727 1964 figurae,
783 1912 922 1962 quae
972 1893 1029 1947 in
1067 1911 1210 1964 aqua
1253 1899 1348 1946 aut
1382 1892 1440 1944 in
1479 1890 1717 1962 speculis
1758 1909 1992 1944 cernun-

285 1971 388 2016 tur.
479 1963 802 2034 Eodemque
849 1964 1012 2019 modo
1063 1983 1204 2034 quae
1259 1972 1439 2017 mente
1502 1961 1764 2034 cognosci
1827 1967 1991 2031 atque

282 2035 517 2106 intelligi
572 2043 780 2106 queunt
830 2046 978 2090 recte
1025 2035 1082 2089 in
1120 2035 1257 2090 duas
1336 2043 1480 2088 artes
1514 2032 1758 2087 dividere
1795 2033 1990 2097 liceat3

285 2126 514 2176 quarum
563 2108 734 2160 altera
788 2107 1213 2180 comprehendat
1259 2055 1412 2160 idbas
1459 2125 1624 2178 puras
1673 2125 1737 2159 ac
1784 2123 1885 2176 per
1933 2124 1991 2158 se

284 2185 582 2248 spectataS,
623 2198 850 2249 quarum
893 2187 1107 2234 contem
1148 2179 1353 2233 latione
1381 2177 1634 2245 efficitur,
1674 2184 1736 2230 ut
1774 2195 1807 2229 a
1845 2194 1990 2229 sum-

283 2250 472 2320 ptione
520 2250 1002 2323 progredientibus
1054 2201 1146 2304 adp
1171 2250 1501 2323 principium
1552 2247 1776 2319 aliquod
1825 2248 1991 2301 liceat

325 2322 568 2376 ervenire
607 2321 855 2392 adeoque
892 2322 964 2376 ad
1011 2321 1112 2387 τὴν
1149 2327 1250 2377 τοῦ
1289 2320 1498 2384 παντὸς
1534 2318 1710 2390 ἀρχήν
1750 2322 1827 2390 (p.
1867 2321 1995 2389 511..

283 2343 376 2463 ἓ)
419 2393 734 2463 escendere,
775 2394 828 2448 h.
871 2414 915 2448 e.
947 2394 1019 2448 ad
1041 2394 1219 2448 ideam
1252 2395 1416 2462 Boni,
1456 2411 1596 2463 quae
1635 2400 1720 2446 est
1749 2391 1987 2445 omnium

284 2483 522 2530 summa3
562 2466 734 2519 altera
769 2486 899 2521 vero
940 2465 1210 2520 admixtas
1246 2466 1447 2520 habeat
1481 2466 1683 2517 formas
1723 2463 1824 2517 sub
1864 2482 1988 2517 sen-

284 2556 376 2591 sus
416 2537 722 2608 subiectas,
779 2538 979 2608 quibus
1015 2546 1233 2592 utentes
1273 2538 1521 2610 cogimur
1559 2555 1626 2588 ex
1665 2534 1987 2606 sumptioni-

283 2609 387 2663 bus
440 2628 732 2679 quaerere,
793 2612 871 2663 ita
920 2609 1168 2680 quidem,
1230 2617 1292 2663 ut
1360 2629 1470 2663 non
1529 2606 1599 2661 ad
1660 2606 1987 2678 principium

285 2682 531 2752 (ἀρχὴν),
577 2680 676 2735 sed
712 2681 783 2735 ad
812 2682 975 2736 finem
1003 2681 1311 2752 (τελευτήν)
1337 2678 1760 2743 contendamus3
1800 2696 1987 2747 quem-

284 2751 577 2807 admodum
627 2762 938 2826 geometrae
986 2755 1166 2808 facere
1203 2753 1412 2819 solent,
1463 2752 1556 2822 qui
1596 2770 1628 2803 a
1665 2748 1985 2821 sumptioni—

284 2824 386 2878 bus
440 2825 851 2897 progredientes
905 2825 1239 2898 triangulum
1293 2825 1534 2894 aliasque
1583 2822 1788 2894 figuras
1842 2819 1983 2873 desi-

282 2904 488 2968 gnant,
540 2917 651 2951 non
699 2904 762 2951 ut
806 2898 980 2970 ipsam
1028 2898 1221 2951 harum
1270 2897 1566 2968 figurarum
1603 2900 1852 2946 naturam
1891 2910 1983 2944 ex-

283 2968 529 3037 quirant,
569 2968 694 3030 ised
756 2988 864 3038 quo
924 2970 1194 3040 pictarum
1257 2988 1360 3040 ope
1411 2967 1709 3038 figurarum
1771 2962 1827 3016 id
1889 2961 1982 3015 de-

282 3047 612 3109 monstrent,
703 3041 852 3111 quod
925 3042 1030 3095 sibi
1111 3037 1589 3094 demonstrandum
1684 3053 1982 3107 proposue-

282 3119 425 3165 runt.
529 3112 752 3166 Etenim
825 3132 991 3183 quum
1066 3120 1325 3182 quattuor
1403 3111 1513 3164 sint
1577 3126 1756 3160 rerum
1814 3124 1981 3178 gene-

282 3200 370 3250 ra,
434 3202 572 3251 quae
627 3185 927 3256 cognitioni
968 3184 1243 3238 subiectae
1278 3182 1413 3236 sint:
1451 3180 1536 3248 ,1)
1574 3198 1658 3232 res
1696 3178 1980 3249 adspecta-

284 3253 419 3306 biles
468 3255 646 3326 ipsae,
700 3257 889 3326 quales
942 3275 1134 3310 revera
1170 3260 1323 3319 sunt3
1375 3255 1428 3314 2)
1467 3270 1646 3303 rerum
1694 3249 1980 3321 adspecta-

284 3325 471 3378 bilium
532 3327 795 3399 imagines
844 3328 932 3381 vel
978 3327 1293 3389 simulacra3
1351 3326 1409 3393 3)
1451 3322 1604 3375 ideae
1642 3341 1763 3375 cum
1816 3320 1978 3374 rebus

285 3407 541 3468 tanquam
582 3409 869 3452 concretae
909 3407 1072 3469 atque
1111 3396 1348 3451 indidem
1388 3394 1687 3456 abductae3
1727 3394 1787 3461 4)
1823 3390 1976 3444 ideae
