2106 3594
1625 138 1814 193 CXIX

112 284 471 358 quiquidem,
509 284 606 338 ubi
629 282 702 337 de
736 281 995 352 praemiis
1032 281 1276 336 iustitiae
1306 282 1508 352 agitur,
1547 279 1811 363 plurimos
1920 316 1923 326 ‚

110 358 269 412 affert
326 356 586 422 Homeri,
632 352 897 420 Hesiodi,
959 352 1188 407 Pindari
1232 354 1422 422 locos5
1474 351 1678 422 qulbus
1727 369 1811 410 ea,

111 450 275 499 quam
313 429 434 500 ipse
457 424 727 494 defendit,
765 423 1040 478 sententia
1075 425 1443 479 confirmetur.
1521 424 1813 478 Praeterea

112 503 278 555 etiam
322 507 453 554 sunt
486 497 636 551 acuti
672 515 739 551 ac
776 495 1025 551 subtiles.
1100 495 1378 564 Quocirca
1413 496 1460 551 si
1499 493 1636 566 quid
1670 493 1812 549 male

112 572 438 696 neglmffd
473 576 572 623 aut
615 567 1061 694 plraetermissum
1074 567 1359 692 ὗὶάςῐυτ,
1411 566 1698 689 Socr‹ate113n
1746 584 1814 648 ea

110 644 559 787 ghideogscueisdg
582 646 1053 782 {Stiffiigpeffigwffi'
1079 640 1232 764 idldiii
1251 640 1812 780 rigereigtffri‘ilupiiini:

110 795 175 842 ut
221 785 379 840 Libri
431 784 522 839 Vl.
572 803 629 854 p.
679 784 802 836 506.
838 783 942 847 A.;
993 782 1041 836 si
1088 782 1224 852 quid
1272 781 1556 836 difficilius
1607 786 1692 834 e'st
1742 779 1813 832 ad

111 854 554 924 diiudicandum,
616 852 1142 927 argumentationem
1205 854 1339 909 data
1397 852 1812 924 opportunitate

109 924 1157 1055 Zfftfftiiobii⁹³v⁰⁰ff5¹i>oe¹if⁰isssst⁵
1171 935 1258 1053 13¹⁵
1282 925 1650 1051 isi‘513‘24ff'
1679 942 1734 1050 ir
1799 963 1813 978 ’

109 1075 233 1128 543.
276 1070 346 1126 O.
396 1090 518 1141 sqq.
567 1070 664 1127 IX.
699 1089 756 1140 p.
782 1071 916 1126 580.
954 1070 1026 1125 Α.
1062 1088 1215 1140 sqq.;
1267 1068 1507 1138 denique
1544 1067 1639 1122 ubi
1677 1066 1815 1138 ipsis

111 1143 321 1214 aliquid
368 1143 547 1198 minus
597 1142 895 1213 probatur,
945 1159 1050 1194 nec
1098 1160 1251 1196 suam
1301 1141 1547 1211 ipsorum
1593 1146 1814 1194 senten-

21 1211 23 1243 ³
112 1216 247 1271 tiam
280 1215 549 1283 reticent,
586 1212 850 1283 adeoque
876 1211 1093 1268 Socrati
1140 1213 1378 1285 ingenue
1417 1211 1811 1282 obloquuntur,

112 1288 269 1343 cuius
315 1286 395 1342 rei
442 1285 695 1357 exempla
739 1292 872 1339 sunt
919 1284 1042 1340 libr.
1093 1284 1169 1339 lll.
1217 1305 1272 1356 p.
1321 1286 1446 1338 408.
1494 1282 1569 1337 D.
1617 1282 1709 1338 1V.
1758 1300 1812 1352 p.

21 1381 23 1387 ¹
109 1362 234 1415 419.
289 1377 414 1430 sqq.
461 1357 537 1413 V.
582 1378 638 1430 p.
682 1359 806 1412 474.
853 1356 978 1411 475.
1032 1355 1124 1412 Vl.
1171 1377 1225 1428 p.
1275 1357 1401 1413 487.
1450 1355 1516 1410 Β.
1557 1354 1626 1410 al.
1700 1353 1815 1410 Sed

111 1430 261 1514 quod
294 1430 403 1486 hac
434 1429 494 1485 in
530 1447 729 1485 caussa
748 1446 1022 1485 summum
1069 1435 1186 1498 est,
1239 1435 1534 1500 postquam
1579 1432 1815 1480 exeunte

111 1502 252 1558 hbro
271 1515 276 1531 ⁴
297 1502 478 1573 primo
525 1499 719 1556 ordine
744 1499 1027 1571 deinceps
1064 1497 1374 1571 Cephalus,
1425 1496 1817 1555 Polemarchus

112 1581 172 1629 et
202 1572 648 1646 Thrasymachus
683 1572 1099 1639 conticuerunt,
1146 1572 1228 1626 illi
1264 1571 1333 1626 ab
1370 1571 1530 1625 initio
1569 1570 1693 1624 libri
1729 1588 1818 1625 se-

112 1643 282 1701 cundi
317 1654 504 1717 partes
540 1642 819 1701 diserendi
853 1644 936 1699 ita
970 1642 1313 1716 suscipiunt,
1361 1650 1425 1697 ut
1458 1641 1680 1697 easdem
1716 1659 1817 1712 per

20 1739 22 1762 ὴ
111 1726 290 1772 totum
357 1716 593 1772 Politiae
652 1733 792 1786 opus
857 1713 1207 1771 laudabiliter
1290 1721 1566 1770 tueantur.
1670 1713 1818 1769 Nam

20 1794 21 1818 ;
109 1787 384 1871 principio
450 1786 847 1859 Thrasymachi
915 1787 1243 1842 sententiam
1302 1785 1636 1852 defendunt,
1706 1803 1819 1843 non

111 1858 335 1943 quidem
371 1859 537 1927 serio,
577 1857 677 1914 sed
713 1877 781 1914 eo
818 1858 1083 1925 consili0‚
1132 1866 1198 1913 ut
1244 1856 1530 1913 Socratem
1552 1855 1639 1913 -ad
1681 1875 1816 1928 ape-

20 1934 21 1940 ’
111 1930 358 1987 ruendam
392 1940 631 1986 mentem
670 1949 825 1985 suam
861 1928 1158 2000 aliquando
1233 1935 1567 1984 ermoveant.
1644 1926 1816 1996 Quod

110 2003 323 2060 iaciunt
378 2001 472 2058 lou
514 2018 545 2057 e
616 2001 973 2061 disertissime
1023 2020 1090 2056 ac
1137 2021 1204 2056 su
1242 2001 1514 2058 tilissime.
1593 1999 1818 2056 Etenim

111 2072 331 2132 Glauco
379 2075 475 2158 qui
515 2093 600 2129 em
639 2073 1041 2147 Thrasy-machi
1087 2072 1159 2130 de
1195 2073 1497 2129 iniustitiae
1534 2078 1820 2142 praestan-2

19 2135 21 2198 ᾗ
110 2147 192 2203 tia
209 2155 542 2204 sententiam
564 2146 656 2201 via
683 2154 740 2208 et
762 2146 977 2201 ratione
999 2144 1303 2201 secuudum
1325 2144 1696 2217 sophistarum
1718 2143 1816 2198 do-

112 2218 344 2275 ctrinam
367 2218 821 2287 illustrahitavut
843 2226 899 2272 et
915 2218 1181 2274 iustitiam
1201 2224 1256 2271 et
1276 2217 1600 2272 iniustitiam
1615 2235 1716 2286 per
1734 2234 1816 2284 ses

112 2290 376 2346 detractis
399 2291 652 2348 omnibus
678 2289 1016 2345 utilitatibus
1039 2290 1300 2359 externis,
1321 2287 1676 2362 spectandam
1696 2306 1818 2342 esse

20 2404 21 2414 ,
112 2361 465 2435 intelligatur.
538 2356 647 2416 Cui
690 2380 819 2417 mox
867 2369 1147 2431 tamquam
1192 2361 1477 2433 suppetias
1522 2361 1628 2414 fert
1676 2358 1818 2414 Adi-

113 2442 366 2503 mantus,
415 2434 512 2505 qui
546 2453 644 2503 ea,
693 2451 837 2503 quae
873 2431 1092 2489 Glauco
1131 2453 1161 2488 e
1197 2432 1410 2488 ratione
1446 2431 1820 2515 sophistarum

19 2518 21 2529 ⁴
115 2503 467 2574 defenderat,
523 2505 688 2560 etiam
732 2505 1064 2560 testimoniis
1111 2505 1258 2560 vitae
1316 2522 1620 2560 communis
1653 2511 1818 2573 atque

114 2585 401 2662 poetarum
446 2576 739 2632 confirmat
781 2584 947 2647 atque
994 2577 1258 2637 iustitiam
1302 2576 1558 2649 praemiis
1594 2575 1818 2647 spoliat,

119 2649 442 2705 iniustitiam
492 2648 688 2704 iisdem
738 2656 901 2704 ornat
934 2647 1340 2705 facundissime.
1416 2646 1544 2716 Quo
1581 2646 1818 2718 denique

117 2721 386 2790 efficitur,
439 2729 500 2779 ut
534 2720 805 2778 iniustitia
840 2719 989 2776 omni
1034 2738 1104 2775 ex
1153 2727 1308 2792 parte
1356 2719 1426 2774 de
1471 2717 1685 2774 iustitia
1737 2716 1818 2772 vi·

118 2792 348 2848 ctoriam
394 2801 710 2864 reportasse
763 2790 1019 2848 videatur
1054 2792 1136 2862 *).-
1201 2792 1307 2847 His
1343 2790 1597 2846 omnibus
1635 2802 1817 2846 autem

118 2873 473 2938 posteaquam
507 2883 597 2921 res
634 2884 700 2922 eo
738 2861 978 2919 deducta
1014 2870 1119 2933 est,
1155 2870 1219 2919 ut
1254 2861 1517 2921 Socrates
1551 2861 1617 2916 iis
1653 2862 1818 2916 mori-

120 2944 356 3011 geretur
391 2935 658 2993 iustitiam
702 2944 759 2991 et
815 2934 1141 2991 iniustitiam
1195 2933 1393 3018 grandi
1429 2941 1541 2991 tam
1577 2932 1819 2996 civitatis

122 3026 286 3080 qnam
330 3007 572 3065 hominis
617 3008 835 3081 pictura
881 3006 1167 3091 proposita
1188 3004 1591 3062 *illustrandam
1642 3005 1818 3074 susci-

124 3076 260 3150 piot,
294 3078 575 3137 indefesso
622 3078 808 3136 studio
856 3097 975 3135 eius
1020 3078 1446 3152 disputationem
1482 3079 1818 3150 persequun-

210 3316 263 3369 ο)
301 3308 684 3379 *HS-muntium
722 3324 822 3366 libri
872 3322 1077 3372 secundi,
1118 3319 1319 3363 consulto
1356 3333 1384 3362 a
1424 3322 1552 3363 nobis
1594 3321 1817 3375 copiosius

296 3381 586 3433 mmm·
