2124 3744
327 216 426 266 124
945 214 1411 270 PLATONIS

322 357 525 428 αὐχένα
584 361 673 412 καὶ
730 361 973 428 βαδίζειν
1034 364 1123 415 καὶ
1183 360 1323 432 πρὸς
1382 358 1443 415 τὸ
1504 364 1623 435 φῶς
1679 362 2027 433 ἀναβλέπειν,

323 442 513 496 πάντα
572 445 627 497 δὲ
693 445 871 497 ταῦτα
942 448 1119 499 ποιῶν
1163 446 1328 513 ἀλγοῖ
1374 466 1427 499 τε
1472 450 1564 500 καὶ
1610 445 1700 500 διὰ
1749 445 1851 511 τὰς
1888 472 2028 518 μαρ-

321 523 578 598 μαρυγὰς
636 524 913 582 ἀδυνατοῖ
982 533 1251 598 καθορᾶν
1318 536 1524 592 ἐκεῖνα,
1597 523 1672 585 ὧν
1748 529 1872 586 τότε
1928 532 2030 596 τὰς

321 609 716 678 σκιάςωέιόρα,
776 616 830 665 τί
883 608 957 666 ἂν
1007 613 1109 668 οἴει
1154 611 1332 668 αὐτὸν
1387 619 1586 678 εἰπεῖν,
1649 615 1697 669 εἴ
1750 637 1831 678 τις
1874 616 2028 686 αὐτῷ

321 699 497 764 λέγοι,
554 692 642 749 ὅτι
689 694 815 750 τότε
859 699 960 766 μὲν
1006 697 1151 768 ἑώρα
1201 701 1507 770 φλυαρίας,
1571 701 1672 752 νῦν
1719 702 1772 753 δὲ
1815 701 2030 768 μᾶλλόν

320 801 374 834 τι
416 784 680 849 ἐγγυτέρω
727 782 827 834 τοῦ
870 776 1038 845 ὄντος
1078 784 1170 836 καὶ
1216 779 1356 853 πρὸς
1395 785 1611 852 μᾶλλον
1635 779 1774 838 ὄντα
1799 805 2030 856 τετραμ-

316 870 477 934 μένος
521 861 815 936 ὀρθότερα
857 867 1058 934 βλέπει,
1103 868 1195 919 καὶ
1241 863 1307 932 δὴ
1353 869 1445 920 καὶ
1489 872 1722 922 ἕκαστον
1761 870 1870 921 ’τῶν
1918 891 2023 922 πα-
2094 892 2097 895 ·

315 948 550 1019 ριόντων
613 945 825 1012 δεικνὺς
882 947 1037 1018 αὐτῷ
1093 948 1399 1020 ἀναγκάζοι
1452 954 1670 1020 ἐρωτῶν
1733 951 2029 1023 ἀποκρίνε-

317 1036 466 1087 σθαι
514 1029 543 1086 ὅ
598 1054 649 1086 τι
694 1037 873 1099 ἔστιν,
922 1033 1024 1089 οὐκ
1071 1034 1170 1089 οἴει
1217 1033 1396 1088 αὐτὸν
1437 1033 1672 1105 ἀπορεῖν
1718 1058 1773 1090 τε
1818 1033 1891 1091 ἂν
1935 1040 2027 1091 καὶ

318 1115 588 1184 ἡγεῖσθαι
648 1116 718 1170 τὰ
779 1114 906 1172 τότε
972 1115 1226 1188 ὁρώμενα
1287 1118 1646 1191 ἀληθέστερα
1706 1117 1736 1185 ἢ
1799 1118 1867 1174 τοὶ
1925 1124 2029 1175 νῦν

320 1199 675 1272 δεικνύμενα,-
763 1201 925 1257 Πολύ
972 1200 1048 1270 γ’,
1098 1208 1220 1275 ἔφη.
1322 1199 1462 1278 Cap.
1508 1199 1582 1257 ΙΙ.
1660 1202 1879 1258 Οὐκοῦν
1923 1201 2030 1259 κᾶν

321 1291 365 1340 εὶ
412 1283 553 1356 πρὸς
601 1283 742 1340 αὐτὸ
793 1283 854 1340 τὸ
904 1289 1023 1359 ([ῶς
1067 1285 1376 1355 ἀναγκάζοι
1423 1286 1603 1342 αὐτὸν
1646 1290 1883 1358 βλέπειν,
1930 1288 2031 1343 άλ-

319 1380 434 1438 γεῖν
480 1391 536 1423 τε
581 1365 655 1422 ὀὶν
702 1367 768 1422 τὰ
828 1367 1056 1441 ὄμματα
1115 1373 1208 1425 καὶ
1261 1370 1486 1445 φεύγειν
1532 1370 2029 1447 ἀποστρεφόμενον

330 1531 378 1574 Θ.
415 1532 518 1573 Par.
550 1531 661 1571 DK.
697 1531 792 1573 vat.
826 1545 862 1572 r.
899 1531 943 1572 εί
970 1533 1110 1584 deest,
1144 1534 1265 1586 quod
1296 1539 1398 1575 ante
1429 1530 1581 1576 αὐτοῖς
1610 1537 1729 1576 locat
1746 1537 1872 1577 Mon.
1903 1536 2028 1579 Loco

322 1592 440 1643 vulg.
474 1588 700 1641 ξυμβαίνει
732 1596 849 1631 recte
880 1590 984 1631 Par.
1017 1592 1122 1632 AD.
1155 1592 1290 1632 vind.
1325 1593 1426 1633 Vat.
1458 1608 1513 1634 m.
1547 1594 1671 1635 Flor.
1704 1607 1743 1635 a.
1776 1608 1810 1635 c.
1844 1609 1883 1648 γ.
1925 1595 2029 1636 Par.

319 1650 372 1689 Κ.
406 1654 448 1689 et
479 1648 604 1688 Mon.
637 1649 684 1688 in
715 1662 854 1701 marg.
888 1651 1134 1701 optativum
1166 1650 1389 1690 exhibent.

435 1706 492 1748 D.
553 1703 757 1755 μᾶλλόν
803 1721 845 1747 τι
878 1705 1188 1760 ἐγγυτέρω]
1223 1721 1258 1747 τι
1290 1721 1376 1751 om.
1418 1707 1518 1749 Par.
1559 1708 1664 1748 DK.
1696 1708 1820 1748 Mon.
1857 1710 1957 1749 Vat.
1990 1723 2026 1750 r.

318 1765 439 1806 Flor.
472 1764 517 1815 β.
561 1770 604 1803 et
631 1777 696 1817 pr.
729 1765 831 1805 Par.
870 1766 927 1810 A.
972 1766 1071 1807 Vat.
1118 1763 1166 1806 Θ.

319 1825 472 1864 eadem
504 1834 649 1862 manu.

437 1875 716 1933 ὀρθότερα
762 1878 981 1934 βλέπει]
1027 1880 1177 1932 Vulgo
1219 1880 1395 1935 βλέποι,
1429 1881 1548 1933 quod
1580 1894 1633 1921 ex
1669 1881 1792 1922 Mon.
1825 1882 1946 1923 Flor.
1981 1882 2024 1933 β.

317 1944 361 1979 et
395 1936 686 1979 cod.Cizens.
710 1937 934 1979 lamblich.
981 1939 1212 1979 Adhortat.
1253 1940 1310 1979 ad
1350 1939 1612 1991 Philosoph.
1656 1938 1695 1991 ξ.

318 1999 387 2037 ed.
427 1997 587 2036 Kiessl.
620 1997 900 2037 mutavimus.

431 2054 487 2094 E.
552 2050 578 2093 ἃ
617 2051 846 2093 δύναται
889 2052 1166 2106 καθορᾶν]
1208 2049 1413 2094 δυ’νανται
1458 2054 1555 2093 ΑΙᾰ.
1603 2053 1707 2093 Bas.
1742 2054 1782 2096 1.
1815 2054 1855 2097 2.
1888 2055 2023 2095 vind.

321 2110 413 2152 Vat.
445 2125 501 2151 m.
536 2111 659 2151 Flor.
692 2125 731 2152 a.
766 2125 802 2151 c.
837 2117 880 2152 et
910 2123 937 2151 a
967 2124 1034 2163 pr.
1070 2110 1182 2152 Ven.
1215 2111 1263 2154 Ξ.

433 2167 542 2220 Cap.
579 2170 628 2210 ΙΙ.
691 2169 778 2208 καὶ
817 2166 880 2221 μὴ
925 2164 1106 2223 ἀνείη]
1150 2169 1205 2208 V.
1247 2170 1424 2210 soloece
1465 2162 1578 2219 ἀνίῃ.
1646 2167 1782 2209 Recte
1826 2169 1925 2209 Par.
1974 2172 2022 2209 Α.

315 2239 382 2279 pr.
414 2221 546 2278 ἀνείη,
579 2229 700 2279 quod
734 2229 881 2267 Astius
914 2227 1234 2267 restituendum
1266 2228 1390 2267 vidit.
1450 2226 1696 2266 Confirmat
1724 2227 1836 2267 hanc
1867 2228 2020 2268 lectio—

317 2298 418 2325 nem
450 2286 580 2325 etiam
612 2285 846 2325 Iamblich.
882 2286 1066 2325 Adhort.
1097 2285 1155 2326 ad
1185 2285 1355 2326 Philos.
1386 2284 1425 2336 ξ.
1459 2283 1531 2328 15.
1562 2298 1604 2336 p.
1638 2283 1739 2327 228.
1773 2285 2022 2328 ed.Kiess1.

1238 1765 1330 1806 Sed
1376 1766 1422 1807 in
1466 1766 1565 1807 Par.
1608 1767 1666 1809 A.
1726 1767 1924 1807 additum
1971 1769 2025 1808 ab

1217 2427 1381 2466 militer
1414 2427 1460 2466 in
1491 2426 1768 2478 parenthesi:
1814 2418 1946 2464 οὗτος
1977 2420 2023 2463 δ’

1221 2479 1245 2523 ὁ
1274 2481 1434 2537 χρόνος
1466 2481 1522 2536 μὴ
1555 2481 1669 2523 πάνυ
1689 2478 1832 2536 ὀλίγοι·
1853 2483 1917 2535 εἴη
1950 2483 2025 2534 τῆς

1218 2542 1470 2594 συνηθείας,
1502 2542 1577 2582 ubi
1609 2543 1713 2582 item
1733 2541 1777 2581 εἰ
1790 2538 1879 2580 δέοι
1898 2553 2022 2593 prae-

1216 2601 1360 2647 cedit,
1403 2613 1453 2640 ac
1495 2601 1657 2640 deinde
1686 2600 1917 2640 subiicitur
1947 2591 2023 2650 ἆρ’

1218 2652 1272 2697 ου’
1305 2653 1456 2710 γέλωτ’
1488 2653 1541 2697 ἂν
1573 2654 1805 2710 παράσχοις
1845 2657 2022 2696 Etenim

1217 2717 1439 2767 optativus
1455 2716 1623 2756 indicat
1641 2729 1732 2755 rem
1755 2715 2023 2766 cogitatione

1214 2779 1393 2813 tantum·
1433 2774 1542 2826 fingi
1591 2779 1725 2826 atque
1780 2772 1926 2821 sumi,
1974 2777 2022 2809 ut

318 2426 516 2477 βαίνοι
548 2421 768 2478 αὐτοῖς]
802 2438 896 2478 per
927 2427 1010 2466 rei
1043 2439 1129 2466 na-

317 2490 504 2524 turam
551 2485 594 2524 si
638 2485 712 2524 iis
750 2485 885 2524 talis
918 2485 1129 2524 contin-

317 2547 439 2594 gat,
492 2543 520 2581 i.
554 2555 590 2582 e.
631 2543 668 2582 si
711 2554 865 2582 revera
913 2543 968 2582 iis
1025 2555 1128 2594 pos-

317 2601 374 2640 sit
409 2600 683 2652 contingere.
746 2599 862 2640 Nam
904 2601 967 2641 ita
1007 2605 1127 2640 recte

317 2659 359 2697 A
374 2670 394 2698 s
408 2659 489 2697 tiu
502 2671 521 2697 s
595 2654 726 2708 φύσει
795 2659 1129 2710 interpretatur,

317 2716 668 2756 consentientem
717 2716 887 2755 habens
935 2716 1129 2756 Fabri-

317 2775 455 2813 cium
489 2774 546 2814 ad
569 2773 691 2814 Sext.
713 2773 882 2826 Empir.
910 2774 1129 2826 Pyrrhon.

1740 1939 1807 1983 15.
1850 1953 1890 1992 p.
1924 1940 2026 1983 228.
2064 1956 2072 1963 ·

316 2831 542 2884 Hypotyp.
576 2832 622 2882 Ι,
657 2831 726 2874 12.
759 2845 800 2883 p.
830 2832 873 2875 9.
916 2831 1128 2872 Schlei·

317 2889 559 2929 ermach.
598 2890 810 2941 distingui
842 2890 1016 2929 maluit:
1059 2889 1130 2928 οἵα

319 2956 380 2986 τις
411 2942 467 2985 ἂν
499 2947 563 2998 εἴη
586 2945 732 2997 φύσει,
764 2946 806 2986 εἰ
833 2943 977 2986 τοιάδε
998 2946 1125 2999 ξυμβ.

317 3003 523 3044 Ceterum
557 3006 603 3044 in
635 3006 910 3057 praegressis
944 3006 1029 3044 τῶν
1061 3002 1127 3044 δε·

320 3062 436 3109 σμῶν
477 3063 531 3102 ad
575 3059 698 3102 λύσιν
738 3069 780 3102 et
820 3063 896 3115 τῆς
927 3057 1128 3115 ἀφροσύ-

319 3129 396 3170 νης
430 3120 486 3159 ad
519 3121 633 3159 ι”ασιν
663 3121 846 3163 referas.

375 3174 549 3215 πάντα
591 3176 647 3217 δὲ
689 3179 853 3218 ταῦτα
889 3199 933 3207 ·—
972 3175 1128 3217 σκιὰς

321 3229 492 3286 ἑώρα]
535 3235 659 3275 Haec
701 3236 807 3276 licet
846 3248 926 3288 per
957 3248 1003 3275 se
1035 3236 1129 3275 effi·

322 3290 444 3330 ciant
474 3293 737 3333 sententiam
773 3306 914 3346 neque
946 3306 973 3332 a
1004 3305 1129 3345 prae-

321 3348 493 3387 cedenti
527 3345 659 3390 ὁπότε
698 3352 943 3403 pendeant,
983 3356 1129 3391 tamen

320 3405 486 3445 frustra
516 3407 572 3445 sit
612 3409 683 3458 qui
728 3405 781 3447 ἄν
810 3409 1131 3448 inferciendum

319 3463 569 3505 arbitretur.
631 3465 740 3506 Mox
772 3479 814 3517 p.
843 3466 944 3509 517.
984 3467 1039 3505 A.
1073 3466 1128 3506 si-

1220 2833 1442 2872 sententia
1491 2832 1725 2872 verborum
1783 2830 1892 2868 haee
1939 2829 2019 2870 sitx

1215 2890 1350 2930 haec
1391 2891 1571 2930 omnia
1617 2899 1752 2928 vero
1796 2886 2019 2926 faciens

1216 2948 1426 2988 sentiat
1489 2946 1764 2991 dolorem.
1837 2957 2016 2996 neque

1215 3011 1445 3058 propter
1500 3003 1771 3054 fulgorem
1833 3003 2019 3053 possit

1217 3063 1550 3114 conspicere
1606 3060 1737 3109 illa,
1792 3071 2018 3110 quorum

1214 3126 1378 3161 antea
1409 3118 1638 3158 videbat
1668 3117 1908 3157 umbras.

1271 3234 1329 3274 D.
1389 3229 1528 3285 ἑώρα
1569 3231 1868 3284 φλυαρίας]
1902 3232 1944 3274 h.
1979 3246 2015 3274 e.

1214 3294 1368 3332 inanes
1430 3303 1577 3330 rerum
1625 3291 1806 3342 species.
1889 3289 2016 3330 Vocis

1214 3361 1340 3389 usum
1371 3349 1618 3388 notavimus
1651 3349 1707 3387 ad
1740 3347 1941 3399 SympOS.
1975 3361 2015 3399 p.

1213 3406 1314 3448 211.
1351 3406 1403 3445 E.
1436 3406 1552 3447 conf.
1586 3404 1723 3456 Gorg.
1755 3418 1797 3456 p.
1823 3404 1923 3447 519.
1960 3408 2013 3447 A,

1214 3464 1323 3504 Mox
1334 3460 1491 3512 μᾶλλόν
1509 3478 1541 3502 τι
1564 3464 1867 3516 comparativo
1889 3475 2012 3515 prae-

2118 3249 2124 3574 f
