2072 3730
216 123 319 174 46ss

830 118 1309 172 PLATONIS

220 270 446 329 κοῦντες
504 266 650 331 ἄξιοι
709 264 848 318 εἶναι
903 270 1207 336 ἐπιμελείας
1271 286 1321 318 τε
1383 268 1473 318 και
1532 266 1629 318 τοῦ
1684 263 1922 329 ἀσπαζε·

220 354 385 406 σθαι.
430 346 462 416 ἢ
512 348 612 418 οὐχ
653 346 796 403 οὕτω
843 358 1044 404 ποιεῖτε
1092 348 1231 420 πρὸς
1275 347 1407 412 τοὺς
1450 346 1684 411 καλούς,·
1739 345 1766 401 ὁ
1812 354 1925 416 μέν,

222 433 311 490 ὅτι
354 432 530 505 σιμός,
574 437 822 503 ἐπίχαρις
865 436 1097 500 κληθεὶς
1142 430 1574 498 ἐπαινεθήσεται
1619 429 1705 503 ὑφ’
1757 428 1929 500 ὑμῶν,

225 520 328 573 τοῦ
373 521 429 572 δὲ
474 515 537 571 τὸ
585 514 800 588 γρυπὸν
823 515 1113 586 βασιλικόν
1142 538 1285 591 φατε
1315 514 1475 587 εἶναι,
1525 514 1625 570 τὸν
1656 519 1712 568 δὲ
1739 513 1806 580 δὴ
1837 512 1926 568 διὰ

126 603 174 655 E
222 608 390 672 μέσου
416 599 631 656 τούτων
657 599 1037 670 ἐμμετρότατα
1065 606 1216 670 ἔχειν,
1257 603 1500 670 μέλανας
1533 603 1589 655 δὲ
1631 595 1930 668 ἀνδρικοὺς

227 690 378 749 ὶόεῒν,
424 683 651 784 λευκοὺς
695 688 750 738 δὲ
798 687 955 739 θεῶν
1001 688 1206 748 παῖδας
1250 684 1420 739 εἶναι
1465 682 1832 754 μελιχλώρους
1876 683 1931 736 δὲ

227 773 321 824 καὶ
365 790 615 839 τουνομα
654 768 754 824 οἴει
798 768 951 833 τινος
977 767 1152 824 ἀλλου
1188 773 1399 837 ποίημα
1428 768 1569 823 εἶναι
1614 765 1648 834 ἢ
1697 768 1932 837 ἐραστοῦ

226 853 698 926 ὑποκοριζομένου
764 875 819 908 τε
877 856 968 908 καὶ
1028 853 1260 924 εὐχερῶς
1302 857 1575 926 φέροντος
1615 849 1718 918 τὴν
1762 848 1933 921 ὠχρό-

231 959 399 1005 τητα,
458 935 558 992 έάν
609 941 695 992 ἐπὶ
741 935 861 1009 ὥρᾳ
905 928 968 1014 ᾗς

1024 941 1116 992 καὶ
1164 940 1243 992 ἐνὶ
1289 936 1435 1006 λόγῳ
1481 936 1665 999 πάσας
1711 934 1937 1007 προφά-

90 1040 194 1093 475
231 1043 341 1085 σεις
386 1024 805 1096 προφασίζεσθέ
851 1043 905 1076 τε
951 1025 1040 1075 καὶ
1086 1019 1270 1086 πάσας
1314 1018 1509 1095 φωνὰς
1550 1020 1758 1095 ἀφίετε,
1805 1017 1938 1084 dign

230 1110 439 1176 μηδένα
513 1105 860 1176 ἀποβάλλειν
926 1109 1038 1159 τῶν
1106 1105 1452 1174 ἀνθούντων
1522 1113 1580 1159 ἐν
1635 1102 1772 1174 ὥρα.
1879 1107 1942 1158 El

233 1190 423 1261 βούλει
436 1232 449 1255 ,
505 1194 612 1264 ἔφη
632 1232 643 1253 ,

713 1189 796 1244 ἐπ’
863 1193 997 1261 ἐμοῦ
1051 1194 1224 1259 λέγειν
1294 1193 1416 1259 περὶ
1478 1192 1588 1244 τῶν
1654 1190 1942 1259 ἐρωτικῶν,

235 1273 323 1330 ὅτι
380 1272 526 1330 οὕτω
582 1276 836 1338 ποιοῦσι,
896 1277 1154 1347 συγχωρῶ
1207 1276 1310 1330 τοῦ
1367 1271 1538 1343 λόγου
1586 1270 1775 1344 χάριν.
1877 1275 1943 1326 Τι’

353 1465 459 1516 Cap.
493 1463 647 1511 XIX,
680 1467 728 1510 D.
791 1466 1021 1517 κληθε“ς
1053 1465 1519 1519 ἐπαινεθήσεται]
1556 1466 1668 1508 Flor.
1690 1481 1727 1507 u.
1762 1480 1798 1509 c.
1831 1482 1872 1510 n.
1903 1483 1944 1520 y.

239 1523 348 1565 Ven.
387 1522 431 1563 Ξ.

477 1523 576 1564 Vat.
619 1537 672 1567 m.
717 1525 972 1564 &neuram
1035 1524 1167 1564 Male.
1230 1523 1326 1566 Non
1367 1531 1571 1577 ceperunt
1614 1524 1772 1566 librarii
1814 1525 1944 1566 futuri

239 1580 514 1632 eleganti-hm
576 1581 683 1622 Mox
724 1578 778 1634 δή
819 1587 919 1634 post
959 1578 1038 1620 τὸν
1079 1581 1125 1620 δέ
1166 1581 1293 1623 deest
1335 1583 1374 1624 iu
1411 1583 1575 1636 aliquot
1607 1583 1830 1623 codicibus
1861 1595 1945 1655 uon

238 1639 430 1690 optimae
461 1643 605 1679 notae.

352 1695 406 1739 Ε,
445 1693 795 1750 μελιχλωρου
807 1712 826 1739 c
859 1696 910 1735 δὲ
941 1711 988 1734 uc
974 1694 1047 1749 al]
1083 1695 1132 1738 V.
1162 1695 1505 1751 μελαγχλώροιΜς
1538 1697 1636 1739 Par.
1661 1701 1709 1740 Α.
1741 1695 1945 1751 pelegius—

240 1767 344 1805 ρους
375 1765 429 1794 ex
459 1761 606 1796 annot.
640 1753 759 1794 Mon.
790 1753 910 1794 Flor.
942 1755 983 1804 β.
1014 1753 1294 1808 μελίχλωρον.
1359 1755 1499 1798 Etiam
1531 1755 1628 1796 cod
1665 1756 1802 1799 Paris.
1833 1754 1947 1808 apud

239 1809 395 1851 Faehs.
433 1810 596 1864 Svllog.
643 1811 785 1851 lectt.
834 1824 873 1864 p.
915 1810 1015 1855 299.
1058 1810 1159 1856 378.
1202 1811 1516 1868 μελιχλωρους,
1564 1814 1680 1866 quod
1723 1814 1948 1855 coufirmat

243 1867 376 1909 schol.
409 1868 582 1912 Ruhnk.
615 1883 655 1922 p
690 1868 787 1912 168.

304 2036 392 2079 Su
421 2036 619 2090 σιμός,
654 2037 913 2087 ἐπίχαρις
943 2036 1054 2089 κλη-

248 2095 372 2142 θεὶς
403 2095 510 2149 ἔτι]
541 2096 692 2135 Locus
723 2107 748 2134 a
781 2094 927 2135 multis
960 2095 1054 2135 imi-

244 2153 405 2194 tatione
426 2165 678 2205 expressus,
712 2152 843 2192 veluti
875 2166 897 2192 a
933 2152 1052 2193 Plu-

247 2210 440 2252 tarcho
465 2211 527 2252 De
549 2208 764 2251 Audiend.
787 2209 912 2262 Poet.
935 2223 970 2253 c.
984 2210 1053 2253 13.

251 2270 315 2308 De
351 2267 521 2311 Adulat.
563 2272 606 2308 ct
641 2259 777 2309 Amic
817 2281 856 2319 p.
887 2267 957 2311 56.
991 2267 1057 2314 G„

251 2325 303 2366 ad
344 2338 472 2376 quem
524 2338 564 2365 v,
607 2323 878 2377 Wyttenb
926 2325 979 2369 T.
1024 2326 1056 2369 l.

252 2397 293 2437 p.
329 2383 427 2427 157.
457 2382 526 2424 ed
562 2382 680 2479 Lins.
719 2382 773 2422 ab
818 2382 1058 2424 Aristae-

252 2445 384 2481 neto
424 2439 655 2493 Epist.1‚
695 2439 762 2483 18.
807 2444 917 2481 extr.
966 2440 1060 2482 Me·

251 2503 448 2540 moratur
487 2497 615 2539 etiam
655 2510 678 2538 a
713 2495 1058 2539 Philostrat.

251 2555 388 2608 Imag.
432 2555 472 2602 l,
517 2555 558 2598 4.
602 2559 645 2596 et
686 2554 867 2596 Liban.
922 2555 1060 2607 Epist.

254 2612 424 2658 DCCV.
487 2612 642 2654 Plures
673 2613 893 2654 recensuit
923 2612 1058 2667 Wyt-

254 2671 392 2714 tenb.
425 2670 478 2711 ad
512 2669 730 2712 Plutarch.
763 2669 816 2711 T.
837 2670 873 2715 Ι.
897 2684 940 2724 p.
957 2670 1046 2716 388

255 2727 324 2769 ed.
366 2728 450 2772 Ox,
482 2741 535 2767 :-
567 2727 667 2771 301.
715 2727 830 2782 Lips.
899 2728 1063 2770 Similia

255 2784 546 2838 hypocorismi
589 2797 712 2827 usum
763 2790 943 2839 tangunt
983 2799 1062 2828 au·

256 2847 355 2884 ctor
395 2843 627 2884 Alcibiadis
668 2843 847 2885 secundi
888 2857 930 2898 p.
964 2844 1061 2888 141

257 2899 307 2943 O.
340 2904 384 2941 et
418 2900 683 2942 Horatius
723 2901 816 2944 Sat.
850 2901 880 2945 l.
914 2900 955 2944 3.
989 2902 1060 2946 38.

256 2970 347 3010 sqq.
387 2958 458 2998 ubi
500 2971 537 2998 v,
588 2958 722 3012 intpp.
775 2958 928 3000 ovid.
999 2961 1062 3002 De

257 3019 349 3054 arte
381 3016 554 3057 amand.
571 3015 634 3056 ΙΙ.
665 3028 703 3056 v.
725 3015 823 3060 657.
859 3016 1060 3061 Tibull.

314 3126 409 3169 τὸν
439 3127 589 3181 1536»)
627 3128 718 3171 διὰ
747 3132 914 3184 μέσου
943 3131 1064 3175 τού-

257 3185 436 3239 των]1].
460 3200 498 3230 ε.
521 3199 636 3239 eum,
660 3189 732 3240 qui
756 3200 835 3230 nec
854 3189 979 3242 plane
998 3206 1061 3231 m·

254 3240 340 3295 μός
361 3248 443 3294 est,
465 3256 608 3296 neque
629 3246 758 3286 etiam
777 3261 860 3300 γρι
864 3244 958 3293 πός.
999 3248 1064 3289 De

195 3305 218 3318 “
196 3298 483 3353 ἔπιγρύπῳ
524 3314 558 3341 s:
595 3306 742 3357 γρυπῷ
779 3305 948 3346 vultum
994 3317 1063 3347 re·

255 3358 398 3411 galem
435 3356 652 3400 referente
692 3372 729 3402 v
774 3360 1062 3416 Olympio—

1142 2034 1252 2080 dfir.
1286 2035 1325 2076 in
1363 2034 1572 2078 Alcibiad.
1606 2037 1636 2080 l.
1672 2052 1712 2092 p.
1750 2039 1849 2083 153.
1881 2038 1947 2082 ed.

1143 2094 1303 2138 Creuz.

1165 2150 1252 2196 vE.
1313 2151 1546 2200 λευκοὺς
1577 2152 1631 2194 δὲ
1664 2157 1804 2195 θεῶν
1836 2159 1948 2195 παῖ·

1142 2211 1242 2256 δας
1295 2209 1467 2262 εἶναι]
1525 2209 1730 2253 Charit.
1780 2213 1854 2264 ΙΙ,
1901 2213 1949 2255 l:

1144 2271 1262 2308 θεῶν
1295 2267 1443 2311 παῖδές
1483 2269 1586 2309 εἰσιν
1619 2269 1660 2310 οἱ
1690 2271 1840 2320 καλοί,
1882 2270 1952 2311 ubi

1146 2340 1182 2365 v.
1224 2324 1457 2367 Dorvill.
1529 2325 1626 2368 Pro*
1658 2325 1953 2381 μελιχλώρους

1144 2382 1262 2436 quod
1295 2384 1423 2436 vulgo
1458 2383 1847 2427 circumferebatur
1876 2400 1951 2437 με·

1146 2437 1443 2493 λαγχλώρους,
1491 2441 1532 2482 id
1579 2449 1699 2485 certe
1752 2455 1836 2485 non
1886 2448 1954 2484 est

1144 2496 1516 2553 ὑποκοριζομένου
1555 2499 1700 2551 τινός,
1738 2506 1786 2542 ut
1835 2505 1954 2542 recte

1145 2557 1433 2598 observarunt
1465 2557 1647 2612 Steph.
1664 2589 1676 2607 ,
1712 2558 1782 2600 La
1798 2557 1951 2600 mbin.

1145 2614 1199 2656 ad
1236 2613 1393 2657 Horat.
1426 2612 1569 2657 Serm.
1600 2617 1639 2668 Ι,
1667 2615 1712 2668 3,
1741 2615 1811 2660 38.
1846 2615 1953 2657 Wa—

1146 2671 1790 2785 kefield.ad1ucret.p‚lV
1823 2673 1952 2718 1153

1151 2726 1386 2771 Boeckh.
1437 2730 1478 2771 in
1531 2731 1635 2772 Min.
1765 2731 1850 2775 139
1888 2745 1952 2784 sq.

1149 2790 1266 2830 Ast.
1305 2785 1360 2827 nd
1400 2784 1438 2828 h
1477 2787 1506 2828 1.
1568 2788 1723 2842 ltaque
1764 2788 1951 2843 Steph

1146 2842 1408 2900 μελιχρόους
1471 2845 1696 2899 legendum
1751 2848 1952 2897 coniecit,

1148 2908 1197 2944 ut
1238 2907 1309 2943 est
1351 2901 1470 2954 apud
1515 2903 1796 2946 Plutarch.
1840 2906 1863 2946 l.
1897 2917 1952 2955 c.‚

1148 2960 1280 3013 idque
1334 2962 1672 3012 comprobarunt
1740 2964 1858 3007 Ast.
1912 2969 1956 3004 et

1153 3016 1378 3060 Boeckh.
1439 3017 1530 3059 Nos
1560 3031 1657 3061 cum
1694 3019 1954 3062 Bekkero

1153 3075 1188 3116 1.
1201 3089 1223 3116 a
1239 3088 1280 3116 m
1294 3074 1344 3115 bi
1358 3085 1419 3116 nu
1434 3087 1472 3116 m
1505 3077 1680 3130 sequuti
1705 3091 1867 3125 sumus,
1885 3077 1955 3129 qui

1148 3130 1436 3186 μελιχλώρους
1477 3134 1614 3186 (eine
1658 3135 1956 3186 Briinette)

1150 3189 1425 3232 scribendum
1491 3191 1608 3235 vidit.
1683 3193 1782 3234 Hoc
1845 3192 1954 3236 enim

1150 3259 1233 3289 non
1273 3248 1415 3289 solum
1458 3247 1714 3293 scholiastes
1757 3252 1813 3292 ad
1858 3251 1897 3300 h.
1930 3252 1954 3292 Ι.

1151 3305 1279 3358 legit,
1324 3304 1402 3346 sed
1437 3307 1565 3348 etiam
1604 3310 1853 3361 complures
1884 3318 1955 3348 co-

1150 3362 1269 3403 dices
1302 3363 1571 3408 confirmant.
1631 3365 1746 3408 Usus
1780 3370 1846 3408 est
1879 3363 1955 3406 hac
