2098 3658
290 165 392 217 222
896 158 1366 216 PLATONIS

287 311 620 381 ἀλίβαντας,
667 308 761 362 καὶ
806 301 952 362 ἄλλα
996 305 1101 364 ὅσα
1145 308 1353 364 τούτου
1399 309 1500 364 τοῦ
1546 306 1722 364 τύπου
1766 307 1978 380 ὀνομα-

287 393 489 463 ζόμενα
547 394 796 466 φρίττειν
852 388 919 458 δὴ
977 402 1123 449 ποιεῖ
1181 391 1255 458 ὡς
1309 391 1434 448 οἶόν
1479 413 1535 447 τε
1578 391 1798 457 πάντας
1843 391 1980 459 τούς

285 475 618 540 ἀκούοντας.
665 478 758 531 καὶ
804 474 933 539 ἰ’σως
973 467 1032 532 εὖ
1078 480 1181 548 ἔχει
1226 474 1368 549 πρὸς
1408 471 1548 531 ἄλλο
1593 495 1677 531 τι·
1724 475 1878 547 ἡμεῖς
1920 480 1977 532 δὲ

282 561 421 634 ὑπὲρ
469 563 577 614 τῶν
622 558 888 634 φυλάκων
933 562 1303 636 φοβούμεθα,
1340 560 1416 632 μὴ
1476 566 1533 615 ὲκ
1577 563 1673 628 τῆς
1716 561 1980 629 τοιαύτης

283 652 482 723 φρίκης
510 643 876 715 ,θερμότεροι
917 648 1009 700 καὶ
1047 645 1427 718 μαλακώτεροι
1482 648 1583 700 τοῦ
1630 649 1851 711 δέοντος
1894 652 1980 715 γέ-

284 752 492 785 νωνται
557 727 708 798 ἡμῖν.
828 730 943 783 Καὶ
1017 729 1214 800 ὀρθῶς
1274 729 1349 800 γ’,
1415 733 1552 804 ἔφη,
1612 730 1975 806 φοβούμεθα.

280 814 610 890 'Aesacon-{a
652 811 798 885 ἄρας
842 816 976 869 Ναί.
1067 812 1182 870 Τὸν
1222 817 1280 869 δὲ
1326 820 1580 870 ἐναντίον
1623 813 1804 870 τύπον
1846 814 1982 869 τού-

287 922 403 963 τοις
458 903 677 954 λεκτέον
740 918 796 952 τε
842 902 934 953 καὶ
979 903 1270 966 ποιητέον,
1309 902 1461 966 Δῆλα
1506 896 1593 967 δή.
1681 901 1798 954 Καὶ
1845 897 1979 964 τοὺς

191 988 246 1042 D
286 980 565 1055 ὀδυρμοὺς
630 977 745 1052 ἄρα
775 1036 782 1042 .
816 980 1177 1056 ἐξαιρήσομεν
1231 987 1325 1038 καὶ
1379 981 1510 1047 τοὺς
1566 982 1788 1049 οἴκτους
1847 981 1979 1048 τοὺς
2091 999 2098 1033 ’1

285 1070 396 1124 τῶν
438 1070 736 1137 ὲλλο)ι’μων
781 1065 1024 1136 ἀνδρῶν.
1105 1066 1364 1136 Ἀνάγκη,
1408 1073 1531 1143 ἔφη,
1575 1067 1723 1139 εἴπερ
1767 1072 1860 1123 καὶ
1908 1067 1974 1124 τὰ

283 1152 543 1225 πρότερα.
632 1148 850 1205 Σκόπει
893 1150 992 1218 δή,
1039 1143 1107 1219 ἦν
1150 1151 1202 1206 δ’
1252 1153 1389 1221 ἐγώ,
1434 1158 1480 1208 εὶ
1524 1150 1721 1223 ὀρθῶς
1763 1153 1979 1224 ἐξαιρή-

281 1258 450 1310 σομεν
505 1233 540 1304 ἢ
600 1234 686 1291 οὔ.
745 1239 931 1308 φαμὲν
975 1238 1031 1290 δὲ
1076 1233 1170 1303 δὴ,
1216 1234 1307 1292 ὅτι
1349 1234 1379 1292 ὁ
1426 1234 1662 1304 ἐπιεικὴς
1705 1235 1851 1309 ἀνὴρ
1897 1239 1975 1308 τῷ

279 1330 534 1387 ἐπιεικεῖ,
590 1311 761 1390 οὗπερ
821 1323 910 1374 καὶ
969 1318 1186 1390 ἑταῖρός
1242 1326 1387 1387 ἐστι,
1445 1317 1510 1376 τὸ
1568 1318 1849 1376 τεθνάναι
1907 1320 1974 1377 οὐ

281 1403 465 1463 δεινὸν
522 1402 802 1476 ἡγήσεται.
904 1407 1101 1475 Φαμὲν
1154 1403 1280 1476 γάρ.
1386 1404 1501 1461 Οὐκ
1553 1401 1669 1476 ἄρα
1727 1403 1862 1478 ὑπὲρ
1924 1404 1965 1476 γ’

278 1496 490 1547 ἐκείνου
549 1487 624 1552 ὡς
680 1485 867 1543 δεινόν
908 1510 962 1542 τι
1005 1489 1370 1554 πεπονθότος
1409 1488 1649 1560 ὀδύροιτ’
1698 1487 1790 1545 ἄν.
1887 1489 1975 1548 Οὐ

277 1578 441 1644 δῆτα.
520 1569 689 1630 Ἀλλὰ
744 1569 858 1643 μὴν
915 1575 1008 1628 καὶ
1053 1571 1181 1630 τόδε
1224 1577 1480 1644 λέγομεν,
1525 1571 1598 1638 ὡς
1641 1572 1672 1630 ὁ
1719 1577 1977 1642 τοιοῦτος

395 1737 445 1782 C.
502 1732 570 1778 ὥς
603 1733 729 1778 οἶόν
760 1750 812 1778 τε
851 1736 1056 1780 πάντας
1089 1738 1149 1793 τ.]
1200 1740 1304 1782 Par.
1338 1742 1370 1781 A
1405 1740 1455 1781 D.
1492 1739 1589 1785 Vat.
1629 1738 1676 1781 Θ.
1712 1740 1818 1782 Ven.
1852 1741 1892 1786 Ξ
1921 1739 1973 1785 Π.

278 1796 415 1837 vind.
427 1796 586 1837 Ambr.
605 1798 724 1848 A.ng
748 1796 852 1838 Vat.
883 1810 938 1837 m.
970 1810 1004 1837 r.
1035 1797 1158 1839 Flor.
1189 1811 1228 1840 a.
1258 1811 1302 1839 x,
1334 1813 1374 1839 α.
1409 1793 1469 1838 ὥς
1498 1798 1628 1839 οἴεται
1660 1813 1701 1839 π.
1733 1799 1975 1841 Hermann.

279 1856 335 1896 de
366 1855 481 1895 coni.
503 1850 586 1895 ὅσα
619 1853 703 1907 ἔτη,
727 1859 774 1895 ut
794 1867 966 1896 annuae
996 1856 1316 1908 rhapsodorum
1347 1858 1628 1898 recitationes
1663 1858 1973 1910 respiciantur.

278 1913 560 1965 Languidius
592 1919 710 1954 certe
742 1919 812 1954 est
842 1909 904 1954 ὥς
935 1909 1045 1955 οἶόν.
1077 1915 1343 1956 Winckelm.
1377 1912 1557 1955 οἰκέτας.

394 1981 527 2039 ὑπὲρ
560 1986 659 2026 τῶν
699 1985 842 2041 φυλ.]
876 1982 963 2027 ὖπό
1005 1987 1105 2028 Par.
1136 1988 1196 2029 A.
1230 1987 1358 2028 vind.
1399 1986 1448 2027 Φ.
1481 1987 1576 2028 Vat.
1613 1985 1662 2027 Θ.
1693 1999 1729 2030 r.
1759 1988 1814 2028 al.
1844 1988 1973 2028 male.

391 2056 727 2114 θερμότεροι
760 2059 842 2099 καὶ
876 2059 946 2113 μ.]
977 2057 1227 2112 Stephanus
1259 2060 1375 2101 coni.
1407 2055 1710 2113 α’θερμότεροι,
1743 2060 1863 2112 quod
1894 2073 1973 2102 vo-

278 2116 504 2173 nabulum,
534 2117 619 2157 etsi
647 2117 756 2157 alibi
788 2119 907 2170 apud
938 2116 1172 2159 Platonem
1203 2119 1390 2170 legitur,
1419 2124 1588 2164 tamen.
1619 2119 1829 2171 quoniam
1857 2131 1973 2159 nune

276 2187 365 2215 non
397 2175 532 2215 habet
560 2176 890 2216 excusationem
921 2175 978 2217 ab
1010 2176 1218 2230 opposito
1239 2173 1423 2230 θερμόν,
1443 2182 1491 2216 ut
1513 2178 1559 2217 in
1578 2177 1677 2218 loco
1698 2175 1971 2228 Phaedonis‚

2084 1536 2098 1967 Ξ

2084 1972 2098 2132 1³

278 2307 572 2385 ἀλίβαντας
602 2315 649 2358 δὲ
692 2315 859 2359 τόπους
888 2316 936 2359 ἐν
968 2314 1080 2373 ᾅδου

279 2369 307 2428 ἢ
339 2375 408 2415 καὶ
440 2371 606 2417 αὐτοὺς
635 2374 740 2417 τοὺς
772 2374 958 2430 νεκροὺς
975 2389 1078 2446 νοη-

279 2430 377 2472 τέον
418 2430 486 2475 διὰ
525 2431 603 2487 τὴν
640 2435 715 2487 τῆς
759 2432 939 2488 λιβάδος
981 2430 1078 2485 ἀμε-

277 2490 448 2542 ὒεξίαν.
543 2491 905 2546 Originationem
955 2494 1080 2533 illam

274 2551 398 2590 vocis
437 2550 579 2604 ε”νεροι
624 2552 781 2592 merito
826 2552 1082 2604 repudiavit

272 2607 383 2649 Pas
397 2611 635 2662 sowius,
677 2611 752 2663 qui
795 2611 934 2652 multo
975 2622 1079 2663 pro·

270 2666 463 2708 habilius
495 2680 593 2709 eam
623 2669 848 2710 derivavit
866 2669 923 2708 ab
946 2668 1079 2711 obso-

269 2725 360 2766 leto
405 2739 449 2766 v.
499 2723 595 2780 ἐνέρ
655 2727 906 2779 (inner)‚
962 2727 1079 2767 unde

273 2781 443 2835 ἔνερθε,
473 2781 718 2838 ἐνέρτερος,
746 2783 970 2838 ἐνέρτατος
999 2783 1079 2826 flu-

271 2846 445 2882 xerunt.
508 2842 771 2912 Quanquam
811 2844 943 2884 etiam
975 2843 1078 2884 Pla-

272 2903 421 2940 tonem
450 2901 514 2943 ita
545 2903 739 2943 sensisse
760 2902 965 2956 equidem
990 2914 1080 2945 non

273 2958 418 2998 eredo.
465 2954 780 3012 Ἁλίβαντες
827 2964 932 3001 sunt
982 2960 1078 3014 qui

272 3016 328 3055 vi
362 3016 528 3058 vitali
566 3023 786 3069 carent,
817 3017 1000 3071 ζωτικῆς
1018 3017 1075 3057 λι·

271 3069 415 3122 βάδος
470 3071 666 3129 ἄμοιροι,
707 3076 896 3129 ideoque
934 3088 1070 3117 mor-

270 3130 376 3178 tui,
415 3132 444 3172 i.
489 3147 531 3185 q.
576 3148 620 3173 οι
669 3134 828 3186 νεκροί.
863 3149 904 3175 v.
944 3133 1071 3174 Plu-

269 3161 441 3232 tareh.
455 3188 506 3237 Q.
517 3189 563 3231 S.
576 3191 708 3243 VIII,
718 3191 786 3236 10
801 3192 901 3236 ete.
918 3204 959 3244 p·
972 3191 1072 3236 702.

329 3246 414 3286 και
434 3243 608 3287 ἄλλα”
579 3263 603 3288 ο
619 3261 681 3289 σα
702 3246 902 3290 τούτου
926 3251 1022 3292 τοῦ
1038 3263 1072 3289 τ.

273 3298 463 3358 ὄνομ]
495 3305 751 3348 Ficinus:
800 3308 1075 3362 „aliaque

271 3362 521 3403 eiusdem
561 3366 791 3416 generis
829 3368 1073 3408 nomina.

273 3420 519 3462 'ferrent
539 3423 895 3465 vehementer
920 3426 1076 3477 quip-

1166 2331 1231 2372 pe
1270 2331 1457 2360 omnes
1513 2320 1830 2373 quie-unque
1883 2334 1970 2361 au-

1166 2377 1260 2418 diu
1270 2389 1300 2418 ιι
1310 2382 1341 2418 t.
1372 2376 1505 2429 Legit
1520 2378 1658 2430 igitur
1673 2373 1863 2429 ὀνόματα
1888 2391 1968 2431 pro

1169 2431 1475 2488 ὀνομαζόμενα.
1493 2435 1598 2476 Non
1618 2449 1730 2490 opus
1746 2444 1815 2478 est
1830 2443 1969 2478 muta-

1165 2495 1305 2534 tione.
1383 2491 1619 2535 Genitivus
1681 2491 1841 2536 τούτου
1891 2496 1969 2536 τοῦ

1165 2550 1307 2593 τύπου
1360 2553 1526 2604 pendet
1585 2552 1642 2593 ab
1705 2549 1789 2594 ὅσα
1843 2549 1967 2595 ἄλλαι

1165 2610 1445 2664 participium
1489 2605 1785 2662 ὀνομαζόμενα
1815 2617 1968 2655 ἵιιιιίιοιιι

1165 2670 1230 2709 sie
1260 2669 1509 2720 intelligas:
1544 2682 1700 2722 quum
1729 2682 1966 2722 pronun-

1166 2729 1405 2768 tiantur·
1479 2727 1554 2768 De
1599 2722 1660 2767 ὥς
1698 2724 1798 2770 οἶόν
1838 2742 1880 2768 τε
1924 2742 1966 2767 v.

1163 2785 1409 2827 Fritseh.
1448 2785 1507 2826 ad
1534 2785 1722 2829 .1.ucian
1755 2787 1861 2830 loar.
1894 2786 1966 2829 11.

1221 2894 1279 2942 εὖ
1310 2901 1418 2953 ἔχει
1454 2898 1596 2955 πρὸς
1625 2894 1751 2940 ἄλλο
1789 2899 1853 2954 τι]
1889 2900 1964 2940 Vi·

1161 2960 1324 3001 delicet
1363 2960 1420 3001 ad
1462 2959 1725 3001 suavitatem
1766 2963 1810 2999 et
1849 2958 1965 3001 dele-

1163 3019 1427 3066 ctationem3
1460 3031 1502 3058 v.
1541 3030 1585 3069 p.
1624 3016 1726 3060 387.
1764 3015 1803 3056 Β
1861 3015 1963 3060 390.

1161 3074 1839 3128 A.397......Dp398Aa1
1897 3075 1965 3116 De

1155 3134 1458 3186 proximorum
1486 3134 1723 3174 verborum
1763 3138 1963 3174 constru-

1159 3192 1305 3233 ctione
1338 3189 1962 3259 eonf.Theag.p.127.C.

1158 3246 1275 3289 πάνυ
1307 3249 1532 3301 φοβοῦμαι
1562 3245 1671 3302 ὑπὲρ
1703 3261 1876 3298 τουτου,
1907 3246 1965 3300 μή

1159 3321 1239 3348 τινι
1279 3304 1387 3362 ἄλλῳ
1428 3305 1593 3360 ἐντύχῃ
1642 3307 1868 3348 Phaedon.
1918 3320 1961 3359 p.

1156 3365 1232 3410 88
1262 3365 1312 3406 Β.
1345 3363 1483 3406 δεδιει
1477 3380 1530 3406 αι
1560 3361 1669 3418 ὑπὲρ
1702 3365 1778 3418 τῆς
1807 3364 1962 3417 ψυχῆς,

1156 3421 1212 3477 μὴ
1253 3421 1301 3463 ἐν
1339 3424 1387 3474 τῇ
1418 3425 1497 3464 νἰἷι
1531 3419 1836 3474 τοῦσώματος
1867 3421 1956 3462 δια-
