2124 3744
160 591 260 642 561

302 188 402 236 254
910 182 1386 236 PLATONIS*

301 351 387 384 σιν
447 330 925 399 ἐστεφανωμένας,
980 326 1405 397 ἐγκωμιάζοντες
1456 332 1548 383 καὶ
1611 326 2000 401 ὑποκοριζόμε-

302 435 421 477 νοι,
488 410 652 482 ὕβριν
713 413 814 479 μὲν
867 409 1258 467 εὐπαιδευσίαν
1330 415 1654 477 καλοῦντες,
1724 411 2000 483 ἀναρχίαν

302 501 357 552 δὲ
403 499 747 565 ἐλευθερίαν,
790 491 1036 549 ἀσωτίαν
1081 499 1140 550 δὲ
1175 499 1668 567 μεγαλοπρέπειαν,
1709 496 2000 551 ἀναίδειαν

301 585 357 636 δὲ
402 579 683 657 ἀνδρείαν.
740 570 838 647 ἀρ’
910 578 1008 649 οὐχ
1067 578 1215 637 οὕτω
1270 601 1420 648 πως,
1476 573 1546 647 ἦν
1594 581 1642 635 δ’
1697 581 1825 650 ἐγώ,
1881 586 2001 644 νέος

300 663 375 719 ὢν
419 664 753 734 μεταβάλλει
796 669 852 715 ἐκ
897 667 999 717 τοῦ
1046 671 1103 717 ἐν
1147 663 1472 730 ἀναγκαίοις
1512 670 1841 735 ἐπιθυμίαις
1882 687 2001 737 τρε-

299 754 546 823 φομὲνου
604 753 677 810 εἰς
734 743 834 813 τὴν
893 750 1002 800 τῶν
1059 745 1135 817 μὴ
1196 747 1516 814 ἀναγκαίων
1560 753 1654 804 καὶ
1697 749 2002 848 ἀνωφελων

298 833 519 897 ἡδονῶν
583 835 947 900 ἐλευθέρωσίν
1002 853 1059 884 τε
1113 835 1204 885 καὶ
1261 828 1479 904 ἄνεσιν5
1565 836 1680 887 Καὶ
1726 833 1880 904 μαλα
1925 831 2000 904 γ’,

300 912 331 983 ἦ
387 916 439 972 δ’
508 914 599 987 ὅς,
659 918 918 984 ἐναργῶς.
1004 918 1082 982 Ζῆ
1144 915 1239 982 δή,
1299 915 1481 985 οἶμαι,
1541 915 1678 987 μετά
1744 921 1927 972 ταῦτα
1971 915 2000 972 ὁ

300 1003 557 1064 τοιοῦτος
613 998 777 1054 οὐδὲν
831 1001 1049 1067 μᾶλλον
1110 1005 1183 1063 εις
1239 998 1578 1070 ἀναγκαίους
1634 1000 1668 1070 ἢ
1724 1000 1800 1102 μὴ
1861 1001 2003 1056 ἀνα-

303 1092 529 1187 γκαίους
572 1081 782 1151 ἡδονὰς
836 1082 1150 1138 ἀναλίσκων
1206 1088 1299 1138 καὶ
1347 1086 1612 1156 χρήματα
1656 1090 1747 1140 καὶ
1796 1086 2003 1148 πόνους

304 1175 396 1226 καὶ
445 1166 769 1240 διατριβάς·
816 1166 946 1222 ἀλλ’
998 1166 1098 1221 ὲάν
1145 1166 1374 1239 εὐτυχὴς
1416 1162 1448 1245 ἦ
1495 1174 1586 1224 καὶ
1630 1169 1706 1240 μὴ
1735 1178 1874 1241 περα
1919 1177 2002 1224 ὲκ-

304 1257 626 1329 βακχευθη,
688 1252 834 1305 ἀλλά
894 1273 945 1304 τι
1003 1256 1093 1306 καὶ
1151 1255 1516 1324 πρεσβύτερος
1569 1254 1859 1324 γενόμενος
1904 1257 2002 1309 τοῦ

221 1351 270 1402 Β
309 1341 520 1395 πολλοῦ
578 1335 843 1408 θορύβου
899 1322 1294 1406 παρελθόντος
1348 1343 1484 1408 μέρη
1538 1360 1595 1393 τε
1641 1339 2006 1405 καταδέξηται

308 1426 420 1477 τῶν
467 1418 810 1477 ἐκπεσόντων
850 1422 941 1473 καὶ
986 1432 1104 1485 τοῖς
1149 1424 1530 1484 ἐπειςελθοῦσι
1581 1420 1656 1491 μὴ
1696 1422 1831 1478 ὅλον
1879 1429 2004 1477 ἑαυ-
2064 1474 2069 1479 .
2114 1450 2116 1453 ·

309 1505 410 1562 τὸν
462 1508 637 1575 ἐνδῷ,
697 1510 771 1567 εἰς
831 1504 953 1558 ἴσον
1009 1504 1075 1570 δή
1134 1526 1186 1559 τι
1240 1505 1597 1571 καταστήσας
1655 1505 1754 1570 τας
1798 1505 2005 1574 ἡδονὰς

427 1668 477 1712 Ε.
550 1665 942 1709 εὐπαιδευσίαν
989 1670 1322 1722 καλοῦντες]
1373 1669 1446 1711 Sic
1495 1683 1590 1713 cum
1642 1671 1844 1714 Bekkero
1896 1683 2007 1712 nunc

310 1726 449 1775 edidi,
488 1731 720 1780 postquam
761 1726 846 1767 vidi
893 1739 983 1767 eam
1024 1739 1123 1767 esse
1163 1726 1264 1767 Par.
1296 1733 1354 1771 A.
1388 1728 1493 1769 Ven.
1526 1729 1571 1772 Ξ.
1609 1729 1732 1772 vind.
1768 1731 1874 1782 Ang.
1906 1729 2006 1771 vat.

311 1799 367 1829 m.
399 1788 676 1838 scripturam,
705 1795 831 1837 quam
868 1784 1012 1824 firmat
1042 1784 1171 1825 etiam
1204 1786 1333 1826 lectio
1367 1786 1572 1828 librorum
1610 1787 1708 1832 Vat.
1741 1785 1789 1828 Θ.
1821 1786 2004 1828 Ven.II.

308 1845 410 1884 Vat.
452 1854 485 1882 r.
527 1840 820 1882 ἀπαιδευσίαν
868 1841 1172 1883 exhibentium.
1242 1843 1390 1896 Vulgo
1431 1846 1669 1885 παίδευσιν.
1740 1843 1845 1885 Mox
1884 1845 2004 1888 editt.

312 1906 486 1955 praeter
515 1900 654 1941 Bekk.
686 1898 880 1954 ἀνδρίαν.
942 1899 1032 1940 Sed
1076 1900 1205 1941 etiam
1240 1903 1332 1941 Par.
1367 1903 1416 1945 A.
1452 1904 1670 1955 repetitae
1701 1901 1901 1944 lectionis
1933 1901 2006 1942 ha-

313 1962 387 2001 bet
417 1958 640 2011 ἀνδρείαν,
672 1961 722 1997 ut
754 1970 865 1998 nunc
898 1957 1053 2009 ubique
1094 1957 1134 1997 in
1168 1971 1220 1999 eo
1259 1959 1466 2012 scriptum
1499 1973 1596 2001 esse
1626 1964 1809 2003 constat.
1870 1960 2009 2013 Igitur

312 2030 405 2058 rem
438 2017 577 2057 semei
605 2015 819 2056 iterumve
849 2026 1090 2056 memorare
1122 2017 1226 2056 satis
1258 2017 1472 2058 duximus.

432 2075 485 2118 P.
516 2073 618 2117 561.
682 2070 733 2111 ἐκ
771 2075 873 2111 τοῦ
910 2072 963 2112 ἐν
1002 2070 1323 2125 ἀναγκαίοις
1362 2075 1438 2114 ἐπ.
1477 2087 1620 2127 τρεφ.
1651 2074 1728 2120 εἰς
1757 2071 1852 2125 τὴν
1882 2074 2005 2129 τῶν]

318 2131 474 2172 Addidi
518 2132 620 2172 olim
662 2130 706 2170 ἐν
745 2131 873 2182 vulgo
916 2130 1159 2182 negiectnm
1200 2143 1251 2171 ex
1291 2130 1409 2173 Flor.
1451 2145 1489 2175 a.
1529 2145 1564 2174 c.
1602 2134 1641 2183 β.
1687 2147 1727 2185 γ.
1769 2134 1862 2172 Par.
1906 2131 2006 2175 DK.

314 2190 426 2231 Ven.
463 2189 524 2229 II.
564 2187 685 2229 Mon.
726 2188 876 2240 Augei.
941 2190 1003 2228 Ac
1034 2187 1193 2230 bonum
1233 2187 1396 2231 factum
1436 2189 1553 2243 quod
1599 2201 1710 2230 nunc
1742 2190 1870 2230 etiam
1911 2189 2008 2233 cod.

318 2327 749 2382 magnitudinem
769 2327 1009 2370 alicuius
1040 2329 1119 2370 rei

316 2385 646 2429 biandiendi
693 2398 864 2434 causa
921 2386 1120 2427 minue-

319 2459 400 2495 re,
441 2442 710 2496 blandiri,
759 2442 1005 2494 adulari3
1066 2443 1117 2499 3)

319 2501 754 2555 magnitudinem
803 2501 888 2542 rei
939 2507 991 2542 et
1040 2515 1120 2544 ve-

317 2575 426 2602 ram
462 2560 581 2601 eius
619 2558 1001 2600 conditionem
1037 2559 1122 2602 de-

320 2616 621 2660 minuendo
681 2617 892 2667 celat-e,
941 2618 1124 2659 aliam-

319 2689 422 2729 que
454 2676 503 2716 ei
543 2673 842 2728 affingere,
882 2674 997 2716 unde
1039 2676 1124 2717 ori-

321 2742 391 2775 tur
431 2732 550 2773 notio
593 2731 883 2773 simulandi
930 2737 979 2774 et
1028 2732 1120 2773 fin-

322 2790 510 2845 gendi3
574 2788 625 2841 4)
686 2790 1123 2843 magnitudinem

326 2848 571 2890 alicuius
626 2848 704 2889 rei
763 2849 1124 2901 contemptio-

326 2907 412 2947 nis
459 2904 1014 2962 causaldeminuere2,
1051 2911 1126 2946 aut

327 2962 447 3016 quod
494 2975 694 3004 revera
740 2964 1007 3014 contemnis,
1053 2969 1127 3004 aut

329 3027 377 3062 ut
417 3020 669 3061 videaris
721 3029 1019 3072 contemnere,
1071 3034 1125 3062 ex

327 3091 413 3130 quo
484 3079 675 3118 nascitur
747 3079 1126 3132 superbiendi,

331 3134 722 3176 contemnendi
764 3141 809 3176 et
851 3135 1128 3178 irridendi

329 3192 598 3244 significatio.

331 3251 455 3304 piose
489 3253 778 3302 persequutus
811 3255 879 3291 est
898 3250 978 3291 Fr.
1003 3253 1051 3291 Α.
1075 3249 1129 3294 G.

332 3309 364 3348 S
379 3320 404 3359 p
419 3304 528 3347 ohn.
550 3306 842 3349 Commentat.
862 3305 917 3348 de
934 3313 1128 3350 extrema

329 3363 558 3418 Odysseae
590 3369 713 3418 parte
745 3379 785 3418 p.
818 3363 903 3408 109
934 3379 998 3418 sq.

387 3421 556 3465 P.561.
590 3424 640 3461 ἐκ
673 3426 771 3462 τοῦ
804 3423 851 3461 ἐν
883 3421 1128 3477 ἀναγκαί-

677 3192 810 3234 Verbi
852 3205 996 3234 usum
1058 3207 1130 3234 co-

1204 2330 1293 2376 οἰς
1334 2330 1408 2370 ἐπ.
1442 2331 1801 2385 τρεφομένου]
1834 2331 1884 2374 P.
1909 2331 2007 2375 558.

1206 2387 1267 2428 D:
1312 2391 1621 2443 τεθραμμένος
1651 2390 1693 2429 ἐν
1722 2394 1818 2430 τοῖς
1848 2390 2010 2430 ἐκείνου

1204 2444 1376 2496 ἤθεσιν.
1436 2445 1601 2488 Deinde
1645 2446 1760 2500 quod
1797 2447 2008 2488 Bekke-

1207 2516 1301 2544 rus
1342 2504 1399 2551 εἰς
1428 2509 1530 2545 ante
1567 2503 1649 2556 τὴν
1678 2509 1761 2544 τῶν
1789 2503 1847 2557 μὴ
1881 2503 2008 2557 ἄναγ-

1206 2561 1335 2600 καίων
1367 2562 1575 2612 extrusit,
1620 2562 1661 2602 id
1684 2563 1770 2603 vix
1798 2562 2010 2615 probave-

1208 2620 1267 2659 ris
1308 2620 1479 2660 conatis
1520 2619 1633 2661 hisce
1665 2620 1785 2660 iocis.
1830 2619 1878 2660 P.
1909 2619 2010 2663 555.

1208 2676 1268 2717 B:
1305 2675 1570 2730 μεταβοῖλλει
1610 2680 1685 2730 μὲν
1717 2676 1882 2731 τρόπον
1913 2693 1955 2717 τι
1958 2674 2007 2716 νά

1208 2731 1382 2774 τοιόνδε
1420 2734 1462 2777 ἐξ
1500 2733 1756 2789 ὅλιγαρχίας
1789 2735 1845 2781 εἰς
1875 2735 2011 2803 δημο-

1198 2791 1403 2845 κρατίαν.
1439 2791 1486 2832 P.
1520 2793 1621 2836 553.
1652 2794 1719 2832 A:
1760 2785 1843 2833 ὦδε
1881 2789 2010 2844 μα’λι-

1212 2861 1293 2889 στα
1323 2848 1380 2894 εἰς
1421 2848 1706 2904 ὀλιγαρχικὸν
1742 2850 1785 2890 ἐκ
1825 2853 1907 2888 τοῦ
1944 2865 2011 2888 τι-

1209 2911 1483 2961 ιιοκρατικοῦ
1531 2909 1688 2947 &nahmi
1736 2903 2010 2959 μεταβάλλει.

1212 2968 1256 3007 Ρ.
1289 2963 1388 3008 550.
1422 2965 1480 3005 C:
1522 2980 1577 3010 ως
1615 2965 1868 3017 μεταβαίνει
1897 2968 2012 3016 πρῶ-

1209 3037 1285 3062 τον
1333 3023 1375 3060 ἐκ
1422 3026 1500 3073 τῆς
1554 3022 1787 3074 τιμαρχίας
1830 3021 1884 3067 εἰς
1932 3020 2012 3072 τὴν

1213 3078 1521 3132 ὀλιγαρχίαν,
1536 3077 1704 3132 ῥητέον.
1737 3078 1789 3119 P.
1823 3077 1921 3123 565-
1956 3079 2012 3118 D:

1212 3137 1277 3182 τίς
1307 3142 1386 3177 ουν
1419 3133 1528 3189 ἀρχὴ
1557 3136 1799 3188 μεταβολῆς
1831 3137 1873 3175 ἐκ
1903 3151 2013 3191 προ-

1214 3191 1376 3234 στάτου
1405 3193 1477 3232 lm)
1506 3191 1740 3247 ‘tv'Qavvov3
1772 3194 1827 3233 al.
1890 3193 2013 3236 Quae

1213 3251 1442 3292 Platonem
1491 3252 1594 3291 satis
1633 3256 1884 3292 constanter
1933 3249 2012 3291 hac

1216 3307 1535 3349 constructione
1559 3307 1600 3347 in
1622 3308 1774 3349 eadem
1809 3321 1855 3350 re
1885 3320 2009 3349 usum

1214 3378 1311 3407 esse
1342 3364 1551 3408 evincunt.

1271 3419 1422 3463 οὐδὲν
1471 3421 1673 3474 μᾶλλον
1706 3422 1807 3468 ,εἷς
1855 3419 2007 3474 ἀναγ-
