2124 3744
299 200 402 251 3432
848 194 1428 250 ARGUMENTUM

298 344 376 393 ita
410 339 544 463 &iilis
574 340 760 461 I{tiam
797 337 1102 392 rationibus
1139 338 1363 409 probari
1401 343 1602 407 potest.
1675 337 1738 392 P.
1776 338 1897 390 608.
1935 336 2000 392 C.

442 510 648 564 Veram
699 517 882 563 autem
951 510 1115 563 animi
1164 521 1413 562 naturam
1452 509 1499 562 si
1538 527 1872 580 cognoscere
1909 528 2003 562 ve-

300 583 482 652 limuS,
512 580 816 647 admodum
849 581 1154 635 cavendum
1192 587 1294 648 est,
1333 599 1402 632 ne
1443 599 1566 633 eum
1602 580 1785 649 talem,
1827 580 2003 650 qualis

300 673 447 708 nunc
485 660 589 722 est,
628 652 736 706 hoc
778 660 862 706 est
898 658 1144 724 corporis
1183 651 1511 723 contagione
1546 651 1834 724 pollutum,
1875 671 2005 705 con-

300 726 656 798 templemur,
717 724 815 779 sed
865 725 1136 778 sincerum
1186 723 1368 795 potius
1421 740 1732 794 purumque
1779 724 2008 776 'sincera

302 805 466 868 atque
504 815 644 866 pura
678 803 860 849 mente
902 796 1211 849 intueamur
1246 811 1475 848 necesse
1514 802 1613 849 est.
1688 793 1855 862 Quod
1886 794 2006 865 qui-

302 869 426 923 dem
476 869 555 921 ita
603 868 730 936 fiet,
781 875 845 920 ut
880 869 1112 920 maxime
1149 874 1398 919 naturam
1437 866 1552 919 eius
1594 864 1664 918 ad
1705 867 2008 936 sapientiae

303 939 546 996 studium
591 939 889 1012 proclivem
939 937 1468 1007 animadvertamus,
1530 945 1585 991 et
1639 956 1749 1008 qua
1799 956 2003 1010 cogna-

300 1013 450 1066 tione
498 1027 622 1064 cum
671 1010 888 1080 divino,
935 1008 1226 1081 immortali
1276 1018 1341 1062 et·
1379 1009 1600 1062 aeterno
1640 1010 2004 1078 contineatur,

304 1101 642 1156 cognoscere
713 1080 1091 1136 studeamus*
1146 1081 1293 1151 Nam
1351 1079 1454 1134 hac
1517 1080 1734 1134 demum
1792 1081 2004 1134 ratione

302 1155 727 1228 perspiciemus,
794 1154 1203 1224 compositusne
1254 1153 1354 1222 sit,
1417 1171 1484 1205 an
1535 1153 1780 1206 sincerus
1843 1159 2007 1223 atque

302 1227 550 1299 simplex.
628 1225 742 1281 Sed
793 1226 971 1295 qualis
1014 1226 1098 1296 sit
1150 1223 1314 1278 animi
1362 1225 1419 1276 in
1470 1223 1572 1277 hac
1620 1224 1732 1277 vita
1771 1222 2006 1292 indoleS,

303 1317 551 1370 quasque
588 1297 788 1351 habeat
823 1296 1113 1350 facultates
1158 1309 1324 1367 atque
1361 1296 1834 1367 perturbationes,
1876 1296 2010 1348 satis

302 1379 387 1425 est
434 1369 782 1440 explicatum.
857 1365 1217 1422 Revertamur
1268 1368 1439 1439 igitur
1477 1364 1547 1419 ad
1583 1367 1884 1435 iustitiam,
1934 1367 2009 1419 ei-

304 1461 410 1512 que
436 1440 774 1507 vindicemus
802 1440 1042 1512 praemia
1068 1440 1179 1508 illa,
1209 1457 1348 1510 quae
1373 1446 1598 1510 propter
1624 1439 1740 1503 eius
1769 1437 2008 1492 studium

302 1513 614 1567 hominibus
654 1531 820 1582 quum
858 1512 915 1564 in
954 1511 1058 1564 hac
1094 1511 1224 1579 vita,
1263 1519 1378 1563 tum
1433 1519 1561 1581 post
1613 1520 1841 1563 mortem
1881 1529 2010 1563 con·-

306 1586 520 1658 tingere
559 1582 906 1637 arbitramur.
982 1583 1046 1637 P.
1087 1584 1208 1635 611.
1250 1581 1318 1638 Β.
1355 1611 1427 1620 --
1468 1582 1590 1636 61⁴2.
1632 1581 1697 1633 B.

451 1699 673 1752 Etenim
722 1696 1193 1751 consideravimus
1247 1697 1355 1748 iam
1418 1696 1594 1766 ipsam
1641 1695 1908 1748 iustitiam
1956 1695 2011 1747 in

308 1790 367 1825 se
418 1777 754 1841 spectatam,
821 1769 1083 1823 detractis
1145 1768 1395 1822 omnibus
1456 1767 1786 1820 utilitatibus
1850 1774 2014 1836 atque

307 1842 640 1907 commodis,
706 1841 1056 1923 vidimusque
1120 1846 1515 1910 eampropter
1561 1858 1620 1892 se
1653 1839 1845 1908 ipsam
1893 1857 2013 1892 esse

308 1913 628 1982 colendam,
691 1913 806 1967 sive
858 1932 981 1982 quis
1031 1911 1164 1965 deos
1225 1911 1583 1980 hominesque
1642 1910 1841 1978 lateat,
1899 1909 2013 1963 sive
2093 1944 2095 1946 v

307 2005 419 2040 non
468 1986 655 2038 lateat.
731 1984 846 2039 Sed
891 1984 1240 2037 vindicemus>
1290 2000 1437 2035 nunc
1493 1982 1544 2035 ei
1570 1982 1748 2034 *etiam
1784 1988 2015 2034 externa

307 2058 583 2128 praemia,
624 2076 767 2127 quae
803 2057 854 2109 ei
892 2069 1005 2108 tam
1042 2057 1110 2109 ab
1148 2055 1467 2108 hominibus·
1502 2072 1664 2124 quam
1703 2072 1736 2105 a
1774 2052 1878 2106 diis
1918 2052 2015 2106 tri-

310 2131 568 2183 buantur.
657 2129 733 2181 Et
785 2127 955 2180 deos
1018 2126 1238 2196 quidem
1293 2144 1410 2178 eam
1468 2125 1695 2178 >summis
1756 2124 2013 2194 praemiis

311 2201 534 2256 afficere
581 2200 705 2253 hac'
734 2200 1230 2270 argumentatione·
1255 2197 1538 2251 evincitur.
1614 2196 1836 2250 Iustitia
1873 2196 2015 2250 enim

308 2273 428 2325 fieri
473 2279 821 2344 nonnpotest
883 2278 947 2323 ut
995 2269 1158 2323 deum
1206 2269 1390 2322 lateat.
1482 2269 1680 2337 Itaque
1730 2268 1836 2321 viri
1885 2268 2015 2321 iusti

313 2343 420 2397 deo
460 2344 622 2397 etiam
664 2343 776 2396 cari
813 2349 994 2410 erunt,
1032 2342 1222 2394 iniusti
1260 2348 1442 2393 autem
1479 2340 1704 2393 inimici.
1777 2339 1867 2392 Ex
1906 2359 2015 2409 quo

311 2416 688 2485 consequitur,
731 2421 795 2467 ut
831 2414 963 2466 iusti
989 2421 1209 2482 quanta
1256 2412 1491 2464 maxima
1535 2411 1656 2465 fieri
1702 2419 1890 2480 potest
1938 2412 2015 2463 fe—

309 2488 516 2541 licitate
566 2505 631 2539 ac
680 2486 945 2540 beatitate
995 2486 1063 2538 ab
1105 2505 1170 2538 eo
1207 2491 1518 2536 mactentur
1557 2491 1611 2536 et
1649 2483 2014 2547 cumulentur,

311 2559 420 2613 nisi
456 2557 597 2612 forte
637 2565 866 2628 propter
905 2556 1103 2610 delicta
1143 2555 1414 2626 quaedam
1435 2574 1514 2617 *su
1558 2556 1732 2608 eriore
1771 2563 2016 2625 tempore

312 2631 602 2684 commissa
657 2628 924 2700 puniendi
964 2629 1076 2681 sint
1108 2635 1220 2680 aut
1256 2627 1503 2698 castigan
1546 2627 1579 2679 i.
1653 2627 1815 2680 Licet
1850 2626 2018 2698 igitur

312 2704 397 2756 vir
431 2703 609 2756 iustus
646 2709 1009 2772 paupertate,
1034 2700 1257 2767 morb0,.
1289 2699 1520 2768 aliisque
1558 2699 1715 2751 malis
1753 2705 2014 2759 vexetur3

312 2783 499 2828 tamen
547 2773 771 2828 credere
822 2773 904 2825 fas
954 2780 1040 2824 est
1096 2771 1231 2824 haec
1267 2771 1808 2839 omnia-,verae'eius
1844 2768 2015 2820 felici-

314 2846 419 2899 tati
454 2865 567 2898 non
620 2844 873 2912 officere,
928 2843 1026 2897 sed
1065 2862 1183 2896 eam
1219 2841 1436 2894 firmare
1485 2842 1667 2913 potius
1721 2848 1882 2908 atque
1920 2838 2016 2891 ad-

316 2936 548 2989 augere,
597 2917 711 2970 sive
758 2916 908 2968 illam
959 2915 1015 2968 in
1066 2914 1171 2967 hac
1219 2914 1330 2966 vita
1366 2914 1482 2966 sive
1519 2919 1910 2984 postmortem
1948 2911 2019 2963 sit

315 2996 772 3058 consequuturuS.
860 2986 973 3041 Sed
1010 3005 1121 3038 non
1156 2986 1334 3038 solum
1373 3004 1405 3037 a
1440 2983 1576 3052 diis,
1626 2991 1814 3036 verum
1855 2982 2017 3034 etiam

316 3062 383 3114 ab
422 3060 829 3113 hominibus
867 3058 1077 3111 iustitia
1113 3057 1358 3110 maximis
1395 3055 1648 3126 praemiis
1687 3052 2017 3106 condecora—

315 3140 522 3199 tur,sset
560 3149 699 3201 quae
739 3137 898 3183 antea
935 3128 1234 3182 iniustitiae
1271 3128 1496 3198 propria
1529 3144 1648 3179 esse
1674 3123 2015 3191 dicebantur,

318 3220 415 3270 ea,
470 3203 517 3256 si
563 3222 677 3255 rem
715 3209 967 3255 accurate
1006 3201 1295 3253 aestimare
1331 3199 1497 3263 velis,
1549 3197 1629 3248 illi
1667 3195 2019 3250 attribuenda

318 3281 460 3331 sunt.
559 3276 702 3326 Nam
767 3281 830 3325 ut
896 3272 1017 3341 quis
1086 3269 1422 3340 aliquamdiu
1481 3268 1805 3321 iniustitiam
1866 3287 2017 3320 suam

319 3344 516 3398 callide
571 3352 726 3416 tegat
777 3352 942 3414 atque
991 3343 1277 3408 occultet,
1312 3349 1526 3407 tamen,
1578 3339 1671 3392 illa
1722 3339 2015 3409 patefacta,

320 3415 397 3468 ad.
428 3423 724 3469 extremum
778 3416 833 3468 in
884 3415 1574 3480 hominumscontempmm
1622 3418 1671 3463 et
1713 3410 1895 3463 odium
1935 3411 2016 3461 in—
