2124 3744
223 431 268 482 B

320 192 414 241 158
918 187 1400 241 PLATONIS

311 335 378 389 ὃν
427 331 528 400 ἤδη
574 334 795 405 στερεὸν
845 334 1134 404 λαβόντες,
1180 338 1310 403 πρὶν
1356 331 1498 388 αὐτὸ
1545 335 1676 388 καθ’
1730 335 1871 391 αὐτὸ
1915 340 2012 390 λα-

319 421 465 488 βεῖν·
513 416 714 487 ὀρθῶς
756 422 812 472 δὲ
858 424 963 489 ἔχει
1008 421 1132 486 ἑξῆς
1188 415 1326 490 μετὰ
1384 421 1644 488 δευτέραν
1688 418 1862 486 αὔξην
1902 425 2016 491 τρί-

315 525 416 569 την
461 501 785 572 λαμβάνειν.
831 509 946 557 ἔστι
991 508 1046 558 δὲ
1090 526 1198 558 που
1244 505 1414 557 τοῦτο
1459 507 1579 574 περὶ
1628 502 1731 570 τὴν
1776 507 1885 558 τῶν
1920 505 2014 558 κυ-

309 591 426 656 βων
470 585 645 652 αὔξην
689 592 780 642 καὶ
828 588 890 641 τὸ
936 586 1168 657 βάθους
1211 595 1454 657 μετέχον.
1511 586 1666 642 ’Ἐστι
1711 590 1834 658 μέρ,
1881 594 2013 663 ἔφη·

310 670 455 725 ἀλλὰ
507 671 683 725 ταῦτα
731 693 805 739 ys,
852 664 891 725 ὦ
940 672 1263 742 Σωκρατες,
1318 673 1469 726 δοκεῖ
1514 672 1668 727 οὔπω
1712 672 2012 741 εὑρῆσθαι.

310 753 478 811 Anto}
527 757 655 825 ἳοὲρ,
703 748 772 822 ἦν
819 756 860 808 ‹5'
915 756 1034 824 ἐγώ,
1079 754 1148 810 τοὶ
1197 758 1379 811 αἴτια·
1427 753 1513 811 ὅτι
1559 778 1616 811 τε
1650 754 1876 828 οὐὸεμία
1914 757 2014 811 πό-

310 845 392 903 λις
435 846 663 909 ἐντίμως
707 838 853 894 αὐτα
885 848 1005 911 ἔχει,
1035 841 1301 905 ἀσθενῶς
1327 843 1566 907 ζητεῖται
1595 843 1809 911 χαλεπα
1857 839 2014 903 ὄντα,

310 926 611 980 ἐπιστάτου
661 946 716 979 τε
759 930 979 981 δέονται
1033 931 1086 981 οἱ
1132 928 1453 996 ζητοῦντες,
1503 923 1638 980 ἄνευ
1684 928 1751 980 οὑ
1796 926 1897 982 οὐκ
1941 923 2016 980 ἂν

311 1007 541 1081 εὕροιεν,
585 1007 651 1064 ὃν
697 1013 924 1082 πρῶτον
948 1014 1049 1080 μὲν
1093 1015 1361 1078 γενέσθαι
1385 1010 1647 1081 χαλεπόν,
1696 1018 1879 1066 ἔπειτα
1921 1013 2015 1064 καὶ

314 1104 643 1165 φενομένου,
703 1093 775 1158 ὡς
822 1098 924 1150 νῦν
983 1104 1116 1165 ἔχει,
1169 1094 1271 1151 οὐκ
1323 1092 1398 1149 ἂν
1442 1099 1740 1150 πείθοιντο
1795 1101 1847 1150 οἱ
1892 1117 2014 1164 περι

312 1183 492 1234 ταῦτα
538 1181 815 1246 ζητητικοι
858 1177 1470 1253 μεγαλοφρονούμενοι.
1517 1186 1561 1233 εὶ
1604 1183 1660 1233 δὲ
1708 1179 1867 1243 πόλις
1911 1177 2014 1245 ὅλη

309 1264 698 1330 ξυνεπιστατοῖ
740 1270 968 1335 ἐντίμως
1011 1262 1227 1333 ἄγουσα
1272 1261 1435 1326 αὐτά,
1483 1256 1639 1319 οὗτοί
1684 1285 1739 1318 τε
1783 1261 1856 1318 ἂν
1901 1269 2014 1318 πεί·

311 1352 521 1403 θὀιντο
567 1351 659 1401 καὶ
705 1349 938 1420 ξυνεχῶς
982 1371 1038 1404 τε
1082 1347 1156 1402 ἂν
1198 1352 1290 1404 καὶ
1319 1348 1555 1412 ἐντόνως
1589 1348 1899 1419 ζητούμενα
1931 1355 2014 1403 ὲκ·

309 1435 466 1507 φανῆ
524 1438 739 1500 γένοιτο
795 1431 906 1510 ὅπῃ
967 1438 1100 1504 ἔχει·
1155 1437 1270 1488 ἐπεὶ
1317 1436 1409 1487 καὶ
1455 1436 1557 1486 νῦν
1601 1431 1711 1488 ὑπὸ
1756 1437 1856 1503 μὲν
1903 1436 2014 1488 τῶν

313 1634 464 1671 tatum.
495 1627 602 1670 Mox
635 1633 739 1671 vett.
772 1627 877 1668 edit.
942 1625 1067 1670 Οὕιω
1106 1625 1148 1680 y’
1193 1628 1302 1679 ἔφη,
1343 1627 1458 1680 quod
1492 1627 1592 1669 item
1625 1641 1678 1669 ex
1713 1627 1820 1669 Par.
1856 1628 1998 1670 ADK

312 1688 418 1729 Vat.
454 1685 506 1728 Θ.
540 1687 652 1726 Ven.
685 1686 736 1726 ΙΙ.
769 1686 886 1726 Μοη.
922 1685 1038 1729 Flor.
1072 1689 1131 1738 β,
1164 1685 1259 1726 aliis
1291 1691 1517 1726 mutatum.

427 1744 480 1785 B.
511 1741 763 1789 ἀσθενῶς
796 1742 1074 1797 ζητεῖται]
1110 1742 1184 1784 Sic
1216 1743 1312 1783 Par.
1348 1743 1504 1784 A.Vat.
1541 1742 1594 1784 Θ.
1632 1743 1739 1786 Ven.
1766 1742 1868 1787 511.
1900 1745 2015 1795 Ang.

315 1802 412 1845 vat.
449 1815 482 1845 r.
523 1801 644 1842 Flor.
682 1814 719 1844 a.
752 1814 790 1842 c.
822 1814 865 1842 x.
897 1818 939 1842 α.
971 1818 1008 1854 y.
1076 1802 1228 1854 Vulgo
1263 1799 1462 1848 ἀσθενῶς
1505 1815 1552 1841 τε
1599 1799 1803 1853 ζητεῖται.
1869 1802 2014 1841 Astius

313 1861 475 1902 mavult
502 1874 548 1899 τε
582 1864 682 1900 ante
713 1859 906 1912 ζητεῖται
936 1860 1125 1909 retineri,
1161 1860 1240 1900 sed
1276 1865 1377 1912 post
1405 1856 1646 1899 ἐπιστάτου
1684 1858 1840 1900 mutari
1871 1859 1914 1899 in
1949 1862 2014 1912 γέ,

313 1923 361 1959 ut
391 1917 626 1959 scribatur:
634 1914 818 1974 χαλεπᾶ
854 1918 986 1957 οντα·
1020 1914 1257 1957 ἐπιστάτου
1286 1931 1333 1970 γε
1363 1917 1454 1957 κτλ.

428 1975 556 2015 ἄνει
588 1978 646 2013 οὑ
694 1974 790 2016 οὐκ
823 1974 912 2028 ἄν]
951 1968 1009 2015 οὖ
1041 1975 1142 2015 ἄιεν
1172 1975 1292 2019 Flor.
1323 1988 1362 2016 a.
1395 1986 1432 2017 c.
1463 1986 1504 2014 x
1540 1988 1582 2014 α.
1613 1989 1653 2027 7.
1689 1975 1794 2015 Ven.
1827 1988 1875 2016 ...
1834 1974 2014 2027 '‘.Ang

310 2039 358 2076 et
389 2045 502 2078 corr.
534 2032 637 2073 Vat.
676 2046 708 2074 r.

429 2091 480 2135 C.
511 2088 616 2141 ὅπῃ
657 2090 781 2144 ἔχει]
820 2090 910 2144 ἔχοι
940 2088 1058 2131 Μοιι.
1090 2088 1209 2132 Flor.
1241 2091 1281 2143 β.
1314 2104 1354 2142 γ.
1387 2087 1493 2130 Dein
1525 2089 1603 2143 μέν
1635 2101 1720 2130 om.
1756 2088 1855 2133 Par.
1883 2088 2014 2130 ΑΒΚ.

299 2242 448 2314 'psov
487 2261 521 2301 λ.
539 2260 554 2314 ]
600 2260 696 2314 lpse
725 2259 914 2313 expiicat
948 2275 989 2316 p
1019 2261 1121 2305 528.

317 2321 386 2362 D.
407 2317 484 2373 τὴν
502 2315 682 2389 βάθους
697 2315 834 2372 αὔξης
847 2317 1045 2370 μέθοδον
1065 2344 1122 2350 ——

318 2374 517 2431 ὑπερβὰς
560 2372 697 2430 αι’-τὴν
726 2373 826 2427 μετὰ
866 2379 1123 2448 γεωμετρίαν

320 2432 609 2490 ἀστρονομίαν
651 2436 818 2489 ἔλεγον,
852 2432 1003 2506 φορὰν
1045 2431 1121 2477 οὖ-

320 2508 401 2535 σαν
413 2492 608 2548 βάθους.
612 2517 669 2524 --
685 2494 796 2535 Dein
808 2488 918 2533 αὐτό
932 2489 1034 2534 καθ’
1044 2490 1121 2535 αὖ·

319 2551 366 2593 τό
385 2558 452 2595 est
471 2549 598 2594 οὔπω
616 2550 663 2592 ἐν
677 2553 905 2623 περιφορᾷ
916 2549 980 2594 ὅν.
1014 2553 1122 2595 Ete-

317 2616 476 2664 gerunt
507 2616 653 2652 autem
678 2607 726 2650 τὸ
760 2608 938 2664 στερεὸν
965 2607 1048 2664 ἤδη
1076 2608 1123 2651 ἑν

316 2669 557 2724 περιφορᾷ,
595 2668 694 2722 quia
726 2669 779 2710 ad
812 2670 1120 2710 astronomiam

312 2729 602 2778 transierunt,
644 2739 759 2778 quae
801 2729 1124 2780 contemplatur

315 2784 553 2827 solidorum
585 2797 834 2838 corporum,
871 2786 900 2828 i.
934 2798 972 2828 e.
1005 2785 1120 2826 side-

315 2856 424 2894 rum,
457 2842 715 2895 agitationes
748 2847 792 2884 et
823 2850 981 2884 motus.

376 2901 426 2942 Β.
489 2897 572 2941 ὅτι
622 2913 674 2940 τε
733 2895 971 2951 ου’δεμιά
1031 2897 1125 2940 πό·-

317 2959 472 3012 les—q
506 2958 733 3011 Duplicem
767 2971 941 3000 causam
983 2957 1126 3009 affert,

316 3030 395 3058 cur
427 3015 730 3060 stereometria
772 3018 912 3058 minus
956 3017 1127 3057 exculta

317 3075 397 3125 sit3
440 3073 650 3125 aiteram,
691 3074 808 3126 quod
852 3088 875 3116 a
916 3075 1029 3115 nulla
1070 3074 1126 3115 ci-

316 3132 448 3172 vitate
486 3132 527 3172 in
559 3130 721 3173 honore
766 3132 914 3174 habita
948 3137 1130 3185 propter

326 3187 623 3231 difficultatem
658 3201 778 3232 suam
817 3193 932 3231 iusto
964 3190 1130 3230 minore

324 3246 482 3287 virium
544 3249 827 3289 contentione
898 3251 1131 3296 tractetnr3

321 3304 531 3354 aiteram,
576 3303 695 3356 quod
735 3307 806 3359 qui
839 3305 880 3346 in
912 3306 1005 3348 eius
1038 3310 1134 3346 stu-

319 3358 391 3402 dio
434 3364 687 3412 versentur,
737 3368 914 3404 careant
973 3362 1132 3403 idoneo

319 3417 563 3460 studiorum
606 3417 718 3461 duce
761 3425 888 3473 atque
930 3420 1130 3461 modera-

319 3483 438 3527 tore,
481 3475 620 3529 qualis
664 3478 729 3519 vei
771 3489 870 3519 raro
913 3482 1130 3527 nascatur,

1207 2262 1304 2311 vel,
1336 2263 1370 2302 si
1402 2261 1573 2314 quando
1606 2261 1846 2313 exstiterit,
1889 2260 2015 2302 facile

1207 2332 1231 2360 a
1283 2319 1509 2361 fastidiosa
1554 2318 1788 2372 vulgarium
1834 2332 2014 2372 geome-

1206 2383 1368 2419 trarum
1407 2377 1531 2418 turba
1558 2382 1878 2422 contemnatur.
1900 2376 2012 2418 Sen-

1207 2436 1342 2477 tentia
1384 2433 1488 2476 haec
1540 2447 1669 2487 quum
1710 2440 1754 2477 et
1794 2440 1915 2477 recta
1957 2435 2014 2474 sit

1207 2499 1251 2535 et
1282 2493 1526 2547 perspicua,
1559 2505 1642 2534 non
1676 2498 1770 2534 erat
1802 2505 1880 2535 cur
1901 2496 2011 2533 Ast.

1207 2550 1263 2592 de
1317 2557 1521 2604 receptae
1572 2550 1768 2592 iectionis
1827 2550 2013 2592 veritate

1206 2608 1436 2650 dubitaret.
1485 2607 1806 2660 Loqnutionem
1841 2606 2017 2659 ἐντίμως

1207 2668 1315 2720 ἔχειν
1346 2667 1516 2707 notavit
1541 2666 1777 2708 Lobeck.
1800 2667 1853 2708 ad
1882 2667 2016 2717 Phry-

1207 2724 1319 2769 nich.
1352 2739 1394 2776 p.
1426 2724 1528 2768 419.
1582 2724 1662 2765 Est
1690 2722 1800 2766 enim
1834 2724 1858 2766 i.
1891 2737 1933 2775 q.
1965 2721 2013 2763 ἐν

1208 2783 1304 2836 τιμῇ
1339 2783 1447 2834 ἔχειν
1475 2795 1510 2822 s.
1544 2778 1674 2836 ἄγειν,
1709 2782 1824 2834 quod
1857 2781 2013 2834 legitur

1206 2841 1314 2883 infra
1345 2854 1387 2893 p.
1413 2840 1515 2885 538.
1539 2839 1589 2880 E.
1621 2840 1783 2881 Contra
1816 2851 1884 2892 ap.
1913 2841 2011 2880 Xe-

1212 2897 1370 2951 noph.
1402 2899 1547 2940 Anab.
1580 2898 1642 2947 n,
1685 2897 1734 2946 1,
1776 2896 1815 2940 7
1856 2903 1923 2937 est
1959 2898 2010 2938 in

1214 2956 1415 2998 honore
1437 2968 1572 2997 esee.
1605 2953 1706 2995 Mox
1729 2967 1807 3006 pro
1831 2955 2010 3007 μεγαλο-

1214 3010 1495 3068 φρονούμενοι
1565 3010 1818 3053 Cobetus
1892 3014 2010 3054 Varr.

1213 3073 1360 3113 Lectt.
1394 3086 1435 3125 p.
1467 3069 1564 3114 232.
1585 3081 1696 3110 corr.
1722 3066 2013 3124 μεγαλαυχού·

1214 3143 1350 3180 μενοι,
1376 3129 1474 3181 quia
1494 3127 1919 3180 μεγαλοφρονεῖσθαι
1938 3141 2014 3170 ne-

1213 3201 1286 3229 mo
1318 3197 1520 3238 umquam
1554 3184 1722 3229 dixerit,
1770 3185 1859 3227 Sed
1892 3186 2016 3228 dubi-

1216 3245 1422 3286 tationem
1455 3242 1647 3283 iniiciunt
1679 3248 1814 3297 atque
1846 3246 2016 3286 cautio-

1215 3308 1312 3344 nem
1334 3300 1516 3342 suadent
1537 3312 1649 3353 quae
1671 3299 1905 3355 disputavit
1921 3300 2018 3343 Lo-

1215 3359 1363 3401 beck.
1406 3357 1460 3399 ad
1493 3358 1618 3400 Aiac
1658 3371 1700 3411 p.
1732 3358 1832 3403 344.
1876 3358 1943 3401 ed.
1976 3359 2016 3403 2.

1275 3416 1327 3460 C.
1349 3411 1450 3456 ὑπὸ
1485 3413 1540 3455 δὲ
1570 3430 1678 3456 των
1691 3413 2020 3484 ζητούντων

1216 3497 1252 3503 -
1303 3467 1428 3514 καθ’
1471 3470 1497 3513 ὅ
1530 3488 1574 3513 τι
1606 3470 1868 3529 χρήσιμα]
1933 3475 2017 3515 1⁴5-
