2098 3658
327 180 423 230 178
943 172 1429 228 PLATONIS

326 326 425 378 τοῦ
470 320 781 389 ἀναγκαίου
827 320 981 375 ἕνεκα
1031 328 1175 376 ἐστιν
1222 328 1280 376 ἐν
1328 330 1448 384 ταῖς
1494 320 1750 386 πόλεσιν,
1798 320 1919 377 οἷον
1968 328 2026 377 οἵ

325 429 382 462 τε
425 407 703 475 θηρευταὶ
746 403 975 471 πάντες,
1034 411 1090 462 οἵ
1131 427 1187 461 τε
1233 409 1498 477 μιμηταί,
1558 408 1754 460 πολλοὶ
1807 409 1907 476 μὲν
1968 412 2021 462 οὶ

325 493 448 562 περὶ
491 488 561 543 τα
609 487 864 560 σχήματά
911 511 965 544 τε
1010 493 1101 545 καὶ
1141 490 1427 561 χρώματα,
1473 492 1669 544 πολλοὶ
1718 492 1774 544 δὲ
1821 494 2022 559 οἱπερὶ

293 572 614 646 ‚novat-miv,
676 578 903 639 ποιηταί
957 595 1013 628 τε
1059 578 1150 629 καὶ
1195 572 1409 628 τούτων
1463 571 1763 643 ὑπηρέται,
1821 572 2020 649 ῥαψῳ-

324 663 437 723 δοί,
481 656 797 727 ὑποκριταί,
838 663 1118 729 χορευταί,
1163 658 1481 728 ἐργολάβοι,
1526 660 1732 713 σκευῶν
1777 680 1831 712 τε
1878 680 2018 713 παν-

242 749 288 802 C
326 746 586 799 τοδαπῶν
646 746 998 813 δημιουργοί,
1058 747 1168 797 τῶν
1225 764 1279 796 τε
1335 742 1520 796 ἄλλων
1581 746 1674 796 καὶ
1740 745 1852 796 τῶν
1896 748 2017 812 περὶ

322 826 423 884 τὸν
466 838 779 895 γυναικεῖον
824 825 1050 897 κόσμον.
1108 829 1198 882 καὶ
1257 824 1322 892 δὴ
1362 830 1452 880 καὶ
1499 826 1775 881 διακόνων
1836 825 2019 882 πλειό-

323 935 434 967 νων
479 910 817 982 δεησόμεθα.
863 908 896 978 ἢ
945 910 1011 966 οὐ
1057 915 1204 966 δοκεῖ
1234 909 1446 976 δεήσειν
1475 914 1858 981 παιδαγωγῶν,
1905 933 2018 966 τιτ-

321 1001 478 1062 θῶν,
537 999 794 1071 τροφῶν,
853 999 1246 1067 κομμωτριῶν,
1303 1001 1580 1062 κουρέων,
1613 999 1705 1050 καὶ
1750 987 1822 1050 αὖ
1870 994 2020 1072 ὀψο-

322 1084 498 1137 ποιῶν
544 1103 600 1136 τε
645 1084 736 1135 καὶ
780 1086 1087 1151 μαγείρωνῑ,
1153 1086 1233 1134 ἔτι
1288 1082 1344 1134 δὲ
1397 1082 1489 1133 καὶ
1543 1082 1806 1149 συβωτῶν
1851 1102 2016 1150 προς-

324 1164 665 1235 δεησόμεθα.
728 1169 895 1220 τοῦτο
951 1163 1059 1234 γάρ
1121 1163 1254 1235 ἡμῖν
1309 1171 1367 1218 ὲν
1426 1165 1488 1240 τῇ
1548 1170 1792 1235 προτέρᾳ
1858 1163 2015 1219 πόλει

323 1250 424 1306 οὐκ
462 1253 621 1316 ἐνῆν·
684 1252 788 1304 ἔδει
833 1247 940 1321 γὰρ
984 1249 1174 1304 οὐδέν·
1231 1254 1289 1301 ὲν
1342 1251 1398 1302 δὲ
1454 1247 1628 1324 ταύτῃ
1675 1252 1768 1302 καὶ
1812 1247 2015 1304 τούτου

319 1334 656 1406 προςδεήσει.
729 1331 906 1400 δεήσει
974 1336 1030 1387 δὲ
1091 1335 1182 1387 καὶ
1244 1334 1353 1385 τῶν
1407 1329 1590 1385 ἄλλων
1643 1332 2016 1403 βοσκημάτων

320 1418 694 1491 παμπόλλων,
754 1417 802 1472 εἴ
855 1439 936 1482 τις
986 1414 1133 1471 αὐτοὶ
1180 1419 1376 1470 ἔδεται.
1423 1408 1455 1482 ἦ
1494 1414 1633 1487 γάρς
1728 1421 1861 1483 Πῶς
1904 1414 2014 1488 γὰρ

222 1513 277 1565 D
318 1500 416 1571 οὔ,
505 1501 724 1558 Οὐκοῦν
780 1505 872 1556 καὶ
932 1504 1138 1572 ἰατρῶν
1192 1508 1250 1555 ὲν
1298 1505 1507 1571 χρείαις
1560 1500 1811 1572 ἐσόμεθα
1871 1501 2014 1557 πολὺ

431 1664 538 1718 Cap.
571 1664 695 1709 XIV.
758 1665 808 1709 C.

314 1726 435 1764 δοκεῖ
463 1739 533 1763 σοι
561 1722 739 1774 δεήσειν.

430 1781 488 1821 D.
551 1779 576 1832 ἢ
618 1785 728 1826 πῶς
770 1778 1049 1836 λέγομενς]
1082 1780 1136 1820 V.
1170 1779 1368 1833 λέγωμεν.
1429 1779 1594 1822 Mutavi
1626 1794 1650 1822 e
1684 1780 1778 1824 Vat.
1815 1781 1868 1823 Θ.
1906 1781 2009 1826 Ven.

313 1838 376 1879 11.
407 1839 539 1880 Vind.
573 1841 623 1881 Ψ.
658 1839 760 1882 Par.
791 1839 897 1880 DK.
931 1838 1050 1880 Mon.
1084 1842 1191 1892 Ang.
1225 1838 1325 1879 Vat.
1359 1850 1414 1880 m.
1448 1851 1482 1878 r.
1518 1837 1631 1880 Flor.
1671 1853 1709 1880 a.
1742 1839 1782 1880 b.
1820 1853 1855 1882 c.
1889 1852 1930 1881 x.
1965 1842 2008 1892 β.

313 1913 353 1949 γ.
385 1902 429 1938 et
461 1897 560 1939 Par.
597 1900 643 1937 A.
677 1910 789 1939 corr.
822 1911 861 1940 v.
893 1896 1098 1949 explicat.

871 1665 897 1718 ἤ
937 1663 998 1707 οὐ
1037 1667 1187 1706 δοκεῖ
1226 1665 1466 1720 δεήσειν]
1510 1665 1660 1720 Stepll.
1693 1679 1789 1709 cum
1828 1667 1934 1711 Ven.
1963 1669 2011 1710 Ξ.

1203 2037 1352 2088 utitur,
1384 2043 1432 2079 ut
1463 2036 1675 2090 significet
1702 2036 1916 2079 eiusmodi
1949 2038 2006 2079 ci-

1202 2095 1378 2136 vitatem
1409 2095 1533 2148 quasi
1566 2094 1782 2148 turgidam
1814 2100 1858 2136 et
1888 2095 2006 2137 infla-

1202 2157 1289 2194 tam
1334 2166 1451 2201 esse,
1488 2152 1652 2206 quippe
1699 2165 1843 2194 rerum
1875 2153 2008 2195 inuti-

317 2050 454 2090 quae
485 2043 561 2078 ctr.
609 2038 766 2091 ltaque
796 2042 897 2078 ante
925 2034 955 2077 «ἵ
985 2037 1118 2078 omis-

318 2108 412 2137 sum
455 2100 523 2136 est
560 2093 743 2140 τούτων,
807 2095 998 2149 Lysias
1039 2107 1118 2149 pro

316 2154 439 2194 bonis
488 2152 763 2213 Aristopllan.
813 2167 854 2207 p.
902 2153 1001 2196 207.
1046 2151 1117 2193 ed.

315 2211 460 2254 Brem.
509 2208 566 2263 μῆ
622 2215 705 2253 οὖν
757 2208 1118 2266 καταγιγνώσκετε

311 2266 483 2310 ἀδικίαν
512 2272 593 2308 τοῦ
634 2270 692 2315 εἰς
722 2266 861 2311 αὑτὸν
891 2293 949 2300 -—-
980 2269 1118 2308 δαπα-

313 2330 495 2376 νῶντος,
535 2325 632 2366 ἄλλ’
676 2324 777 2366 δ’σοι
815 2325 886 2366 καὶ
932 2324 984 2367 τὰ
1032 2341 1116 2366 πα·

313 2388 430 2439 τρῷα
467 2406 521 2413 -—
554 2385 794 2436 εἰθισμένοι
833 2383 935 2425 εἰσὶν
964 2381 1114 2423 tivant-

313 2457 453 2492 σκειν.,
476 2442 500 2484 ἱ.
523 2455 561 2481 e.
587 2441 694 2482 ἀλλὰ
718 2439 901 2491 τούτων,
935 2439 1113 2482 ὅ’σοι-.

311 2498 567 2552 Sophocl.
606 2499 791 2541 Plliloct.
826 2512 862 2543 ν.
896 2499 1006 2542 139:
1043 2498 1116 2538 καὶ

309 2555 456 2612 γνώμᾳ
487 2559 566 2609 (sc.
595 2557 769 2610 ἐκείνου)
801 2556 905 2612 παρ’
939 2556 1028 2607 δ’τῳ
1058 2555 1109 2597 τό

308 2619 438 2656 θεῖον
474 2613 585 2662 Διὸς
622 2620 835 2669 σκῆπτρον
865 2613 1112 2665 sindonum,

307 2672 380 2713 ubi
425 2686 463 2715 v,
517 2673 720 2715 Buttm.
773 2673 870 2716 coll.
924 2671 1111 2714 Matth.

307 2731 386 2771 Gr.
431 2730 469 2782 ξ.
509 2729 611 2774 482.
678 2731 771 2773 Nec
821 2731 964 2772 Latini
1005 2729 1112 2771 lianc

306 2788 519 2830 rationem
574 2802 751 2843 prorsus
812 2793 1115 2842 aspernantur.

306 2846 403 2886 Pla
418 2851 483 2888 ut.
525 2847 746 2900 Amphitr.
788 2847 905 2890 Prol.
938 2859 977 2890 v,
1010 2846 1109 2889 106.

307 2904 680 2958 Quantasque
733 2910 952 2946 amator
1000 2905 1111 2945 siet

305 2964 386 3009 (sc.
427 2962 570 3015 eius),
619 2963 761 3016 quod
815 2961 1108 3015 complaci-

309 3024 414 3059 tum
478 3025 559 3060 est
623 3021 812 3062 semel.
890 3019 1106 3060 Cornel.

305 3075 434 3128 Nep.
470 3077 591 3117 Dion.
625 3091 661 3118 c.
697 3079 743 3122 9:
794 3076 1106 3119 Miseranda

304 3133 417 3172 vita
458 3134 681 3186 (eorum),
732 3137 803 3187 qui
844 3148 903 3175 se
942 3133 1105 3177 metui

303 3203 460 3242 quam
496 3195 669 3232 amari
711 3195 914 3234 volunt.
973 3193 1106 3233 Plura

305 3248 423 3288 dabit
493 3247 911 3292 Ruddimannus
982 3262 1105 3292 mens

302 3305 356 3349 T.
378 3306 438 3348 ΙΙ.
461 3319 500 3358 ρ.
518 3305 587 3348 20.
628 3310 880 3359 Quanquam
913 3303 939 3347 ἃ
959 3305 1101 3350 ‘etiam

303 3376 380 3417 per
411 3363 580 3416 synesin
615 3365 759 3406 licebit
789 3365 841 3405 ad
873 3366 1005 3419 ὄγκου
1033 3361 1104 3404 καὶ

301 3419 503 3473 πλήθους
563 3421 737 3464 referre.
798 3422 906 3463 Voc.
968 3421 1102 3475 ὄγκος

1203 2211 1304 2252 lium
1357 2211 1621 2264 minimeque
1664 2211 2008 2252 necessariarum

1203 2269 1329 2322 copia
1355 2269 1620 2311 affluentem.
1673 2267 1880 2310 Ceterum
1905 2275 2007 2323 post

1205 2341 1248 2367 τε
1297 2339 1375 2379 per
1410 2325 1706 2368 anacoluthon
1751 2326 1908 2368 deinde
1939 2327 2005 2368 in-

1201 2384 1340 2426 fertur
1370 2382 1468 2424 ἀλλ’
1516 2383 1600 2438 ἤδη
1632 2382 1770 2438 ὄγκου
1802 2389 1880 2426 ctr.
1926 2398 2008 2438 pro

1200 2441 1272 2482 καὶ
1301 2439 1436 2492 ὄγκου
1466 2442 1533 2496 ἐμ.

1289 2493 1406 2540 οἷον
1464 2498 1519 2539 οῖ’
1573 2513 1625 2539 τε
1696 2499 2004 2553 θηρευταί]

1203 2557 1393 2599 Astius
1444 2556 1525 2599 hoc
1572 2557 1828 2598 vocabulum
1872 2571 2003 2599 sensu

1198 2614 1499 2668 metaphorico
1543 2614 1838 2674 accipiendum
1883 2619 2007 2656 ratus

1198 2672 1501 2725 intelligendos
1540 2677 1692 2714 censet
1724 2685 1802 2712 eos
1833 2685 2003 2724 omnes,

1199 2730 1271 2782 qui
1309 2743 1392 2771 non
1434 2732 1571 2786 ipsum
1615 2731 1760 2771 verum
1813 2737 1857 2771 et
1905 2732 1999 2783 pul-

1197 2800 1314 2828 crum
1359 2793 1604 2838 sectentur,
1648 2786 1725 2827 sed
1759 2786 1906 2828 luorum
1941 2789 1999 2829 si-

1196 2847 1398 2888 mulacris
1429 2844 1682 2898 quibusdam
1718 2845 2002 2886 multitudinis
2076 2842 2079 2877 1³

1196 2903 1393 2943 sensibus
1413 2903 1684 2945 blandiantur
1697 2903 1877 2955 eiusque
1896 2916 1998 2955 gra·
2072 2947 2075 2961 ¹

1194 2961 1296 3001 tiam
1357 2973 1408 3001 ac
1469 2960 1639 3003 laudem
1715 2965 1999 3013 aucupentur.
2072 2964 2074 2967 ’

1194 3017 1334 3060 Quem
1379 3019 1498 3059 vocis
1547 3031 1674 3058 usum
1731 3019 1885 3059 vellem
1935 3019 1998 3059 vit
2070 3019 2071 3026 ’

1196 3075 1401 3127 egregius
1447 3076 1644 3118 similium
1698 3077 1996 3129 exemplorum

1195 3134 1519 3185 comparatione

1194 3189 1297 3231 Nam
1329 3203 1438 3243 quae
1470 3191 1639 3242 attulit,
1682 3204 1733 3232 ea
1773 3193 1899 3244 plane
1929 3190 1994 3232 di-
2052 3220 2053 3223 η

1165 3260 1317 3303 ,νει-εει
1348 3254 1469 3297 sunt,
1505 3262 1632 3301 quum
1667 3262 1840 3302 semper
1869 3247 1993 3289 addi·

1193 3310 1278 3345 tam
1329 3303 1514 3348 habeant
1565 3307 1658 3348 eius
1714 3307 1802 3357 rei,
1863 3318 1992 3358 quam

1190 3362 1286 3415 quis
1317 3368 1513 3415 venetur,
1545 3363 1748 3407 disertam
1777 3364 1992 3416 significa-

1190 3420 1364 3462 tionem.
1429 3423 1645 3466 Quocirca
1688 3435 1771 3475 ego
1817 3420 1991 3473 quidem
2051 3474 2053 3484 Α

1634 3133 1995 3175 demonstrasset.
2065 3129 2067 3140 ⁴
