2098 3658
290 190 394 242 ‘2⁵26

955 182 1428 239 PL-ATONIS

294 335 483 400 ἀξίους
525 329 694 400 λόγου
739 338 1149 403 κρατουμένους
1190 330 1299 387 ὑπὸ
1358 337 1590 397 γέλωτος
1625 329 1698 386 ἄν
1731 353 1807 395 τις
1835 333 1985 408 ποιῇ,

154 430 258 482 389
294 418 648 481 ἀποδεκτέον,
695 415 840 472 πολὺ
885 421 956 471 δὲ·
988 410 1173 483 ἧττον,
1204 415 1304 471 ἐὰν
1341 414 1535 481 θεούς.

647 501 866 557 Οὐκοῦν
912 498 1153 574 Ὁμήρου
1207 500 1335 556 οὐδὲ
1386 500 1457 556 τὰ
1504 503 1739 558 τοιαῦτα
1783 498 1987 555 ἁποδε·

292 495 324 569 ἦ
373 500 422 556 δ’
475 499 554 564 ὅς.

292 585 511 657 ξόμεθα
557 591 676 657 περὶ
729 590 910 650 θεῶν,

1592 413 1755 472 Πολὺ
1783 419 1985 484 μέντοι,

377 667 646 740 ἄσβεστος
706 670 752 725 δ’
805 668 888 740 ἄρ’
935 673 1141 740 ἐνῶρτο
1185 674 1350 737 γέλως
1392 667 1702 741 μακάρεσσι
1748 670 1987 739 θεοῖσιν,

376 753 450 818 ὡς
493 755 616 809 ἰ’δον
643 752 972 830 (ΙΗφαιστον
1014 751 1104 810 διὰ
1163 744 1392 826 δώματα
1433 750 1805 810 ποιπνύοντα.

291 837 392 894 οὐκ
452 837 786 896 ἀποδεκτέον
841 838 985 895 κατὰ
1042 840 1144 896 τὸν
1187 839 1286 895 σὸν
1331 838 1517 909 λόγον.

1605 842 1671 894 El
1730 838 1820 904 σύ,
1865 842 1988 913 ἔφη,

205 930 253 982 Β
290 921 479 995 βούλει
522 923 657 994 ἐμὸν
699 930 958 981 τιθέναι·
1003 922 1069 980 οὐ
1131 924 1238 996 γὰρ
1282 916 1384 980 ὀὗν
1428 921 1495 990 δὴ
1542 922 1894 979 ἀποδεκτέον.

414 1101 464 1142 Ρ.
498 1102 599 1146 389.
662 1103 738 1144 Εἰ
764 1101 849 1152 σύ,
881 1104 1002 1157 ἔφη,
1034 1101 1249 1156 βούλει]
1304 1103 1455 1156 steph.
1489 1100 1666 1155 βούλει,
1699 1102 1804 1154 ἔφη,
1836 1108 1990 1142 contra

297 1162 428 1201 fidem
459 1162 657 1202 codicum
690 1163 781 1204 fere
812 1164 1021 1203 omnium.
1083 1162 1256 1202 Deinde
1294 1169 1399 1214 post
1441 1158 1545 1210 ἐμόν
1586 1162 1719 1212 vulgo
1754 1158 1828 1200 τὸν
1860 1157 1991 1212 λόγον

298 1220 602 1272 interponunt,
634 1222 754 1271 quod
786 1234 918 1273 quum
948 1220 1052 1261 libri
1086 1221 1240 1273 optimi
1272 1226 1405 1272 atque
1435 1220 1613 1272 plurimi
1644 1220 1866 1268 omittant,
1901 1230 1990 1258 non

296 1377 437 1415 fertur
469 1373 534 1424 δὲ,
569 1377 674 1428 quia
705 1376 891 1417 alterum
932 1378 1097 1417 oratio-

296 1436 366 1475 nis
397 1436 639 1475 membrum
679 1437 846 1475 maiore
881 1436 1021 1487 pollet
1050 1435 1098 1474 vi

298 1500 342 1533 et
372 1494 606 1544 gravitate.
665 1492 806 1546 Legg
870 1524 879 1532 .
919 1506 966 1546 p.
995 1492 1098 1536 627.

299 1551 360 1593 E:
395 1546 499 1602 μήτε
530 1545 751 1591 ἀπολέσειε
780 1548 953 1604 μηδένα,
984 1549 1098 1591 διαλ-

298 1606 428 1660 λάξας
466 1607 513 1648 δὲ
553 1607 617 1649 εἰς
647 1604 723 1647 τὸν
752 1607 976 1649 ἐπίλοιπον
1002 1606 1100 1661 χρό-

298 1682 321 1706 1
326 1681 376 1707 ον
391 1690 446 1698 —
458 1663 755 1737 διαφυλάττειν
776 1665 855 1707 δύι
846 1682 966 1709 αιτο.
988 1667 1099 1708 lbid.

298 1739 342 1778 p.
359 1726 465 1771 639.
497 1725 552 1766 C.
585 1719 691 1778 μήθ’
727 1723 930 1780 ἑωρακώς
960 1726 1099 1778 εἴη-

300 1779 364 1824 ἀεὶ
408 1782 454 1824 δὲ
492 1781 682 1837 ἄναρχον
718 1797 756 1824 κ.
799 1799 832 1825 τ.
886 1785 919 1823 λ.

300 1844 460 1896 noph.
498 1843 646 1883 Anab.
693 1842 770 1893 Vl,
808 1849 855 1893 1,
891 1842 965 1886 17·
998 1837 1101 1882 ἀλλὰ

301 1897 354 1971 δὴ
384 1898 472 1942 ἐκεῖ
488 1898 564 1950 μὲν
596 1915 620 1940 ο
633 1896 659 1940 ὕ
671 1913 722 1940 τε
754 1901 879 1940 πλοῖα
898 1900 1014 1941 ἐστιν
1033 1895 1106 1940 οἶέ

299 1954 713 2009 ἀποπλευσούμεθα,
797 1958 978 2008 μένουσι
1047 1955 1102 1998 δὲ

301 2013 440 2058 αὐτοῦ
473 2010 579 2057 οὐδὲ
607 2016 705 2068 μιᾶς
737 2011 894 2069 ἡμέρας
933 2017 1020 2056 ἐστι
1052 2012 1102 2056 τὰ

304 2073 532 2129 ἐπιτήδεια.
590 2075 665 2115 Ad
707 2076 893 2116 eundem
922 2075 1102 2115 modum

302 2139 405 2187 post
434 2131 476 2173 τέ
494 2139 538 2173 et
556 2134 631 2172 καί
656 2134 702 2172 in
731 2133 871 2174 altero
902 2133 1098 2173 membro

301 2204 433 2244 saepe
472 2190 518 2231 δέ
555 2191 762 2237 infertur,
811 2192 864 2232 de
904 2205 991 2243 quo
1033 2191 1099 2231 lo-

301 2250 464 2303 quendi
502 2262 662 2302 genere
707 2263 749 2288 v.
799 2251 855 2290 ad
902 2263 944 2302 p.
995 2247 1096 2292 394.

302 2307 353 2349 C.
387 2306 485 2348 coll.
517 2307 808 2347 Hermann.
852 2310 909 2349 ad
945 2308 1094 2359 Viger.

299 2379 342 2419 p.
381 2365 485 2410 836.
526 2365 723 2406 Matth.
767 2364 844 2406 Gr.
900 2364 942 2419 ς’.
995 2366 1094 2409 609.

303 2424 548 2465 Cobetus
597 2424 716 2464 Varr.
760 2424 883 2465 Lect.
916 2439 958 2478 p.
990 2424 1096 2468 141.

303 2494 414 2524 corr.
455 2480 627 2523 Οὔτοι
658 2478 753 2533 ἄρα.

360 2541 411 2581 Ρ.
443 2540 546 2584 389.
619 2536 898 2640 ἄσβεστος
942 2534 984 2578 δ’
1023 2534 1098 2593 ἄρ’

304 2597 846 2667 ss2.1110m.11..599

359 2651 500 2697 Ἀλλά
546 2652 648 2709 μὴν
698 2657 782 2695 καὶ
832 2649 1103 2709 ἀλήθειάν

305 2719 463 2767 γε--]
498 2714 568 2755 De
586 2713 840 2755 constantia
867 2720 911 2754 et
931 2713 1103 2754 fortitu·

303 2773 407 2813 dine
437 2779 671 2826 postquam
703 2773 928 2828 exposuit,
959 2774 1106 2824 pergit

303 2831 524 2883 explicare
556 2832 610 2872 de
640 2832 842 2872 veritatis
871 2843 1039 2880 amore,
1058 2833 1104 2871 in

304 2902 391 2940 quo
428 2890 666 2942 prudentia
708 2895 845 2942 atque
885 2889 1103 2941 sapientia

303 2947 511 2987 cernitur.
569 2946 621 2988 lu
653 2960 740 2999 quo
763 2947 931 2990 verbis:
966 2945 1009 2987 εἰ
1021 2944 1102 3001 γὰρ

305 2998 456 3056 ὀρθῶς
502 3002 701 3057 ἐλέγομεν
754 3002 874 3058 ἄρτι,
923 3007 1104 3058 respicit

304 3062 361 3101 ad
389 3063 466 3102 illa
495 3063 618 3103 Libr.
653 3063 704 3104 ll.
737 3076 778 3115 p.
810 3062 910 3106 382-
946 3062 996 3104 C.
1029 3060 1102 3110 D„

305 3119 380 3158 ubi
410 3121 582 3160 dixerat
613 3121 667 3161 de
694 3121 912 3162 mendacii
937 3123 984 3162 in
1003 3133 1102 3162 nar-

284 3177 550 3222 *rationibus
595 3179 805 3230 utilitate,
846 3191 974 3232 quam
1013 3192 1103 3219 non

305 3235 482 3286 quidem
522 3236 606 3286 dii,
638 3238 714 3276 sed
754 3237 952 3278 homines
984 3242 1105 3277 certa

307 3292 496 3345 quadam
525 3305 671 3332 rerum
713 3295 968 3335 conditione
997 3295 1102 3335 inde

305 3350 531 3402 percipere
584 3352 772 3402 possint.
863 3353 923 3392 Et
973 3366 1101 3393 usum

306 3407 483 3461 quidem
506 3407 583 3454 τοῦ
603 3405 798 3458 ψεύδους
815 3410 861 3451 in
878 3411 1104 3462 republica

305 3471 452 3507 censet
501 3466 607 3507 solis
653 3467 842 3509 civitatis
884 3469 1100 3519 guberna-

998 1784 1109 1824 Xe·¹

1182 1376 1350 1417 toribus
1370 1375 1618 1427 republicae
1638 1376 1844 1417 utilitatis
1865 1389 1989 1417 caus-

1182 1446 1258 1474 sa·
1292 1434 1622 1478 eoncedendum
1671 1447 1794 1486 esse,
1834 1436 1991 1476 ceteris

1187 1493 1360 1536 civibus
1384 1534 1386 1536 ,
1433 1492 1636 1532 omnibus
1697 1494 1990 1546 eripiendum,

1183 1549 1554 1603 quemadmodum
1573 1551 1991 1592 medicamentorum

1185 1621 1290 1649 usus
1332 1607 1516 1648 medicis
1553 1613 1756 1659 tantum,
1783 1610 1890 1650 attis
1923 1622 1991 1650 sa-

1184 1667 1342 1708 lutaris
1361 1667 1531 1719 peritis,
1547 1679 1639 1706 non
1670 1668 1775 1708 item
1791 1664 1991 1717 ἰδιώταις,

1185 1727 1238 1767 h.»
1271 1738 1309 1766 e.
1354 1724 1501 1766 artis
1541 1726 1791 1767 medicae
1830 1726 1991 1779 impe-

1187 1785 1318 1826 ritis
1363 1784 1520 1836 (wad
1549 1782 1699 1836 Symp.
1730 1797 1774 1836 p.
1811 1783 1908 1828 178.
1938 1784 1992 1826 Β.

1192 1845 1424 1895 l'rotagor.
1454 1854 1498 1894 Ρ.
1528 1839 1631 1884 322.
1653 1842 1702 1882 C.
1737 1849 1781 1882 et
1809 1841 1910 1885 345.
1933 1845 1990 1884 A.

1187 1902 1370 1942 Theaet.
1422 1913 1466 1953 p.
1515 1898 1614 1942 178.
1660 1899 1736 1950 C.)
1796 1902 1991 1953 permitti

1186 1961 1341 2001 soleat.
1389 1957 1683 2007 Quamobrem
1709 1959 1840 2010 siqui
1874 1959 1991 2000 cives

1186 2018 1415 2060 mendacio
1471 2021 1677 2067 utantur,
1719 2028 1794 2057 eos
1843 2024 1993 2058 censet

1169 2089 1275 2131 *non
1313 2075 1446 2116 modo
1479 2076 1810 2127 magistratuum
1853 2075 1991 2128 digni·

1186 2140 1318 2174 tatem
1350 2134 1542 2186 violare,
1574 2134 1651 2173 sed
1691 2133 1820 2175 etiam
1850 2134 1991 2187 publi-

1185 2206 1280 2233 cam
1325 2192 1500 2231 laedere
1550 2192 1758 2241 salutem,
1799 2193 1990 2244 ideoque

1181 2262 1327 2303 poena
1368 2250 1528 2301 dignos
1570 2262 1664 2290 esse
1716 2251 1992 2300 gravissima.

1184 2308 1253 2349 De
1292 2308 1511 2348 mendacii
1549 2308 1596 2347 in
1634 2308 1858 2363 republica
1909 2321 1990 2350 usu
2064 2302 2089 2355 13,

1186 2366 1303 2407 conf.
1343 2367 1473 2407 etiam
1523 2365 1641 2407 infra
1688 2381 1730 2420 p.
1783 2363 1884 2409 414.
1941 2366 1990 2407 Β.

1183 2424 1309 2466 Libr.
1358 2423 1402 2464 V.
1442 2435 1486 2476 p.
1526 2423 1628 2467 459.
1681 2425 1745 2466 C.
1781 2423 1884 2468 460.
1931 2426 1990 2466 A.
2062 2447 2064 2450 >

1187 2483 1236 2524 C.
1267 2481 1367 2525 461.
1402 2481 1452 2522 C.
1485 2481 1697 2533 Caussae,
1735 2494 1812 2523 cur
1845 2482 1988 2534 Plato,
2058 2499 2061 2504 ¹

1186 2543 1313 2583 fictae
1371 2541 1563 2581 civitatis
1627 2541 1846 2592 conditor,
1893 2542 1990 2582 -isto

1186 2600 1319 2641 modo
1359 2600 1588 2649 statuerit,
1619 2601 1768 2640 variae
1807 2605 1910 2640 sunt
1939 2612 1991 2640 ac

1188 2655 1464 2710 multiplices.
1524 2651 1639 2697 Nam
1669 2659 1858 2711 primum
1880 2655 1990 2710 ¹qui-

1188 2717 1287 2756 dem
1299 2716 1378 2755 τοῦ
1398 2713 1594 2767 ψεύδους
1612 2717 1838 2756 notionem
1858 2715 1991 2758 latius
2066 2739 2075 2758 ,ι

1188 2779 1339 2827 patere
1379 2775 1543 2826 voluit,
1583 2771 1806 2830 siquidem
1858 2775 1990 2816 etiam

1187 2831 1344 2872 mentis
1377 2827 1650 2872 inscientiam
1680 2836 1706 2872 a
1726 2837 1843 2872 recto
1861 2834 1988 2874 aber-

1186 2895 1354 2930 rantem
1370 2879 1601 2930 mendacii
1651 2888 1880 2945 (ψεύδους)
1912 2904 1989 2930 no-

1187 2949 1304 2988 mine
1341 2948 1587 2999 insignivit.
1640 2963 1683 2988 v.
1723 2950 1779 2989 ad
1818 2962 1858 3001 p.
1889 2948 1991 2992 382.

1189 3005 1238 3061 C.
1305 3005 1465 3057 Itaque
1511 3004 1721 3048 hactenus
1771 3007 1989 3048 mendacii
2056 3032 2065 3043 ι

1186 3064 1312 3104 notio
1353 3075 1590 3115 sanequam
1631 3065 1863 3116 diligenter
1895 3065 1987 3106 ani-

1188 3121 1502 3161 madvertenda
1533 3126 1612 3174 est,
1631 3136 1687 3163 ne
1717 3122 1987 3175 philosopho
2061 3152 2065 3180 ,¹

1186 3184 1350 3226 temere
1420 3178 1603 3219 callidae
1663 3181 1987 3221 fraudulentiae

1187 3227 1464 3302 disciplinam
1495 3237 1750 3279 tribuamus.
1812 3238 1986 3279 Deinde
2059 3232 2063 3242 “

1189 3295 1438 3335 meminisse
1506 3296 1713 3338 debemus
1783 3295 1986 3337 salutis
2047 3300 2060 3342 ξ

1187 3347 1490 3405 publicae
1511 3366 1669 3396 caussa
1716 3354 1803 3395 ista
1840 3355 1988 3395 omnia
2056 3354 2061 3385 J

1187 3410 1392 3478 concedi,
1423 3415 1478 3450 ut
1521 3412 1640 3464 apud
1686 3422 1766 3454 nos
1814 3425 1987 3465 quoque

1188 3466 1350 3509 similia
1417 3466 1631 3543 similem
1670 3471 1726 3511 ob
1788 3482 1986 3511 caussam
