2098 3658
183 895 250 945 42
266 895 280 942 l

331 152 432 202 3:20
947 153 986 202 P
1003 152 1051 202 L
1069 152 1117 204 A
1135 152 1179 204 'F
1196 156 1247 206 O
1269 154 1315 206 N
1340 155 1416 210 Is

330 300 702 373 ἀμφιέσαντες
745 305 836 356 καὶ
887 300 1092 373 χρυσὸν
1139 308 1460 375 περιθέντες
1504 305 1644 376 πρὸς
1689 304 1895 373 ἡδονὴν
1940 315 2024 377 sp-

331 382 606 457 γάζεσθαι
653 386 888 443 κελεύειν
934 385 1036 453 τὴν
1086 393 1319 458 phana}
1362 388 1495 454 τοὺς
1536 398 1803 461 κεραμέας
1852 414 2024 446 κατα-

333 473 616 535 κλίναντες
680 469 818 543 πρὸς
871 468 933 525 τὸ
980 475 1089 546 πῦρ
1145 474 1507 538 διαπίνοντάς
1551 496 1609 529 τε
1652 479 1746 530 καὶ
1789 474 2024 547 εὐωχου-

328 564 557 625 μένους,
592 555 701 613 »τὸν
768 553 967 628 τροχὸν
1007 563 1478 629 «παραθεμένους,
1522 558 1658 614 ὅσον
1700 557 1774 615 ἂν
1820 565 2024 614 ἐπιθυ-

327 645 469 711 μῶσι
504 641 870 712 κεραμεύειν,
927 645 1020 697 καὶ
1085 642 1216 706 τους
1270 643 1476 707 ἄλλους
1519 642 1740 707 πάντας
1783 643 2022 714 τοιούτῳ

330 726 518 798 τρόπῳ
560 731 869 797 μακαρίους
912 736 1109 798 ποιεῖν,
1157 734 1249 782 ἵνα
1295 725 1362 794 δὴ
1410 726 1512 794 ὅλη
1558 725 1592 795 ἡ
1638 727 1798 792 πόλις
1841 728 2024 783 εὐδαι-

330 814 493 890 μονῇ.
549 810 674 865 ἀλλ’
737 808 885 882 ἡμᾶς
935 808 1011 879 μὴ
1073 808 1218 866 οὕτω
1295 820 1583 880 νουθέτει·
1644 811 1747 877 ὡς,
1801 809 1875 867 ἄν
1936 833 2023 868 σοι

326 894 700 966 πειθῶμεθα,
746 893 872 951 οὔτε
927 892 960 951 ὁ
1017 893 1256 967 γεωργὸς
1305 895 1543 968 γεωργὸς
1591 901 1774 961 ἔσται,
1819 896 1945 953 οὕτε
1991 895 2021 952 ὁ

327 978 593 1052 κεραμεὺς
647 980 963 1055 κεραμεύς.
1017 976 1144 1036 οὕτε
1202 978 1373 1046 ἄλλος
1430 980 1610 1047 οὐδεὶς
1669 980 1832 1037 οὐδὲν
1887 986 2023 1053 ἔχων

445 1147 500 1189 Ε.
563 1147 987 1187 κατακλίναντες
1026 1143 1319 1197 ἑπιδέξιαῐ
1366 1146 1413 1189 V.
1455 1145 1522 1187 ἐπι
1564 1144 1695 1198 δεξιά.
1754 1149 1874 1188 Illud
1904 1154 2026 1188 tenet

328 1203 440 1247 liber
471 1198 899 1259 praestantissimus,
921 1204 1025 1245 Par.
1046 1206 1102 1246 A.
1125 1204 1254 1256 Vulg.
1276 1201 1466 1246 Casaub.
1499 1206 1556 1246 ad
1575 1207 1740 1246 Athen.
1772 1205 1807 1246 Ι.
1842 1220 1886 1259 Ρ.
1919 1205 2023 1249 168.

329 1266 398 1306 ed·
430 1263 683 1313 Schweigh.
716 1264 1033 1315 corrigendum
1068 1262 1195 1302 vidit.
1226 1262 1283 1303 cf.
1317 1270 1470 1303 annot.

444 1318 579 1363 ὅσον
610 1316 671 1360 ἂν
701 1320 1044 1372 ἐπιθυμῶσι]
1091 1320 1228 1360 Solus
1260 1319 1415 1373 Steph.
1445 1317 1774 1374 ἐπιθυμήσωσι,
1803 1322 2023 1362 nescimus

263 1431 267 1435 ἵ
327 1383 459 1423 unde.

452 1437 503 1478 P.
536 1436 638 1480 421.
670 1451 671 1454 ¹
700 1432 859 1475 πόλιν
893 1429 1222 1487 ἀπολλύασι]
1258 1434 1413 1488 Steph.
1437 1430 1718 1486 ἀπολλύουσι,
1740 1437 1857 1488 quod
1885 1442 1950 1477 est
1979 1438 2022 1477 in

325 1499 450 1538 libris
479 1492 756 1549 paucissimis
787 1496 932 1546 iisque
965 1494 1273 1535 deterioribus.
1306 1494 1421 1534 conf.
1442 1493 1756 1535 Buttmann.
1782 1493 1860 1534 Gr.
1883 1497 2022 1547 ..Ampl

327 1558 380 1597 'L
423 1557 453 1599 l
493 1557 539 1596 P.
574 1555 603 1595 l.
636 1567 678 1605 Ρ.
711 1553 819 1596 524.

450 1613 535 1654 καὶ
570 1606 634 1653 αὖ
669 1614 769 1653 τοῦ
798 1626 855 1652 ευ
889 1609 1088 1662 οἰκεῖν]
1132 1607 1208 1649 Sic
1242 1608 1344 1650 Par.
1379 1613 1434 1649 A.
1470 1610 1564 1651 Vat.
1598 1624 1652 1652 m
1686 1610 1807 1650 F.lor
1838 1623 1878 1652 a.
1912 1626 1948 1651 c.
1983 1626 2021 1664 γ.

327 1680 370 1715 et
401 1675 447 1715 in
478 1685 618 1724 marg.
650 1671 771 1712 Flor.
799 1684 844 1710 x.
882 1667 1046 1721 Vulgossz
1091 1662 1403 1708 ἀπολλύουσιν·
1436 1664 1490 1707 ἂν
1523 1669 1600 1708 τοῦ
1631 1661 1682 1709 εὖ
1715 1667 1862 1708 σι’κειι.
1925 1671 2020 1710 Alii

326 1735 430 1774 libri
463 1733 630 1773 habent
664 1732 731 1771 vel
762 1729 830 1770 καὶ
863 1722 953 1768 ἀντὶ
990 1726 1069 1766 τοῦ
1099 1720 1150 1766 εὖ
1181 1725 1327 1771 οἰκειι,
1359 1726 1428 1766 vel
1459 1728 1528 1767 καὶ
1559 1724 1640 1780 γὰρ
1673 1721 1819 1774 αυτοί,
1853 1729 1923 1768 vel
1954 1730 2023 1767 καὶ

326 1789 379 1832 ἂν
412 1793 480 1832 καὶ
518 1783 596 1832 αὖε
636 1803 749 1842 quae
788 1788 980 1828 varietas
1018 1790 1220 1836 receptae
1261 1785 1511 1836 scripturae
1549 1787 1780 1825 veritatem
1819 1791 2021 1831 testatur

330 1853 487 1892 Verum
521 1849 687 1890 dudum
718 1848 892 1887 viderat
927 1847 1028 1885 Ast.
1090 1843 1200 1898 Mox
1233 1844 1369 1896 vulgo
1404 1845 1567 1894 ἑχωσιν,
1590 1843 1709 1896 quod
1739 1856 1794 1884 ex
1826 1846 2021 1897 complu-

326 1911 449 1952 ribus
479 1910 751 1961 optimorum
780 1906 994 1945 librorum
1027 1902 1326 1942 emendatum.

1220 2048 1516 2084 constructum
1521 2043 1609 2095 ‚ide
1639 2055 1726 2095 quo
1756 2059 1796 2085 v.
1821 2044 2020 2086 Matth.

329 2044 1136 2111 tomisyempyousumt2.]Frustra

1220 2100 1301 2139 Gr·
1333 2100 1371 2153 ξ
1413 2099 1515 2144 418.
1555 2114 1596 2152 g.
1638 2126 1694 2133 —-
1725 2098 2021 2156 Ἐργάζεσθαι,

330 2112 403 2150 As
416 2110 549 2149 tius
559 2104 664 2146 olim
685 2106 795 2146 haec
814 2104 950 2144 verba
969 2101 1131 2144 sollici-

330 2169 444 2208 tavit
463 2165 697 2207 scribendo
709 2158 991 2216 ἠπιστάμεθα
1025 2158 1132 2199 Sen

331 2232 434 2266 sus·
469 2229 558 2265 est:
632 2223 935 2262 Possumus
996 2219 1132 2258 enim

333 2284 499 2324 etiam
543 2280 830 2331 agricolas
873 2275 1132 2329 magnifi-

333 2343 413 2381 cis
439 2339 698 2380 ‘vestibus
719 2341 956 2378 ornatos
976 2334 1133 2374 auro-

335 2398 440 2452 que
490 2398 733 2442 “cinctos
815 2393 1135 2446 voluptatis

334 2455 506 2499 causa
557 2455 751 2495 colere
797 2458 1005 2493 terram
1055 2452 1134 2490 iu-

333 2517 485 2562 bere,
527 2518 579 2553 et
609 2511 848 2565 figulos,
881 2511 1002 2550 dum
1031 2509 1136 2548 dis-

333 2574 660 2614 cumbentes
712 2568 1036 2617 ‘commode'
1085 2572 1137 2605 et

333 2632 627 2683 eleganter
659 2628 724 2669 ad
751 2629 846 2680 ign
861 2625 1135 2676 em-(focum)

329 2690 529 2730 bibant
591 2688 651 2727 'et
725 2686 1134 2733 conviventur,

329 2749 465 2788 rota
518 2745 812 2799 apposita,
873 2746 1136 2795 quantum

332 2806 514 2846 velint
529 2803 821 2857 ,figlinam
848 2805 1134 2842 exercere.

331 2863 629 2906 scholiastes·
650 2860 862 2912 ξυστίε
859 2857 957 2898 ἐστι
984 2853 1138 2897 λεπτὸν

333 2919 526 2973 υφασμα,
536 2912 838 2974 περιβόλαιον,
861 2912 1026 2970 ἢχιτών
1058 2927 1136 2955 πο-

336 2977 485 3034 δῆρης
502 2981 765 3033 γυναικεῖος
780 2986 818 3016 κ.
855 2989 887 3014 τ.
918 2975 952 3014 λ.
1003 2974 1138 3014 Plura

336 3039 391 3077 de
429 3038 516 3077 hoc
534 3035 794 3078 vestimenti
824 3045 984 3086 genere
1015 3031 1136 3072 dixe-

326 3100 438 3135 runt
456 3097 597 3148 intpp.
616 3095 672 3135 ad
691 3092 980 3144 Aristoph.
989 3089 1136 3130 Nubb.

336 3166 375 3192 v.
409 3153 478 3196 70.
518 3153 690 3205 Equitt.
721 3150 822 3195 967.
855 3145 1136 3190 He'mster-

335 3211 450 3254 hus.
483 3210 540 3250 ad
568 3211 752 3251 Lucian.
780 3208 958 3260 Nigrin.
989 3219 1033 3258 p.
1060 3205 1135 3249 50.

333 3268 532 3320 Toup.
590 3268 647 3308 ad
709 3267 897 3319 Longin.
948 3277 990 3319 p.
1035 3264 1134 3308 228-

331 3324 618 3367 Ruhnken.
662 3325 718 3365 ad
749 3324 866 3364 Tim.
911 3321 1059 3363 Gloss.
1090 3337 1136 3376 p.

333 3381 434 3427 1⁶88.
509 3382 704 3423 Verbum
750 3376 1035 3433 ἆμφιεννύναι
1081 3381 1134 3421 de

332 3454 454 3483 more
514 3454 610 3482 cum
672 3440 835 3491 duplici
879 3439 1167 3489 accusativo,

1221 2164 1268 2197 ut
1289 2158 1387 2199 Lat.
1409 2172 1546 2211 opus
1579 2159 1786 2212 facere,
1818 2157 1904 2202 κατ’
1925 2161 2020 2214 ἐξο-

1218 2213 1297 2268 χήν
1314 2217 1474 2258 dicitur
1490 2219 1553 2258 de
1572 2219 1797 2260 laboribus
1829 2222 2020 2261 rusticis.

1219 2274 1368 2322 Quare
1407 2273 1666 2329 ἐργάζεσθαι
1718 2274 1794 2330 τὴν
1833 2279 1916 2331 γῆν
1956 2286 2023 2319 est

1219 2344 1407 2384 agrum
1473 2335 1676 2375 colere.
1741 2334 1884 2376 ·Xen
1901 2338 2018 2389 oph.

1221 2390 1383 2444 Cyrop.
1421 2391 1518 2442 ΙΙΙ,
1559 2391 1609 2440 2,
1641 2392 1690 2435 8:
1729 2390 1885 2443 ἐξεῖναι
1923 2390 2023 2444 ὑμῖν

1222 2448 1303 2502 γῆς
1333 2447 1593 2503 ἐργάζεσθαι
1626 2447 1796 2504 ὁπόσην
1828 2449 1882 2492 ἂν
1910 2450 2021 2507 βού-

1222 2506 1372 2558 λησθε.
1435 2509 1544 2549 ibid.
1563 2508 1642 2555 IV,
1663 2508 1707 2559 4,
1728 2509 1769 2551 3.
1801 2511 1858 2562 V,
1876 2510 1920 2564 4,
1954 2512 2021 2554 12.

1222 2567 1277 2605 al.
1336 2566 1514 2609 Deinde
1552 2564 1763 2620 ἐπιδέξια,
1803 2569 1830 2607 i.
1865 2582 1901 2612 e.
1933 2567 2020 2610 ἐπι-

1212 2622 1396 2675 δέξι’ωθ,
1427 2637 1524 2666 cum
1565 2627 1886 2667 κατακλίναντες
1916 2640 2020 2669 con-

1219 2683 1495 2727 nectendum.
1567 2682 1787 2732 Quocirca
1853 2688 2021 2727 mutavi

1218 2741 1343 2793 'quod
1372 2741 1508 2793 vulgo
1537 2742 1766 2794 legebatur
1791 2740 1860 2782 ἐπὶ
1891 2740 2020 2795 δεξιά.

1220 2797 1376 2851 Neque
1395 2811 1397 2813 ·
1424 2811 1554 2840 nunc·
1578 2805 1727 2852 potest
1768 2813 1863 2841 esse
1903 2815 1931 2841 v
1943 2812 1966 2842 e
1977 2815 2019 2842 ι·-

1222 2869 1242 2897 s
1255 2869 1314 2896 us
1367 2858 1496 2897 dext
1509 2870 1674 2908 eram,
1731 2858 1811 2899 sed'
1864 2861 2018 2911 potius

1221 2916 1444 2967 significat
1459 2917 1600 2964 scite
1630 2921 1683 2956 et
1702 2916 2019 2970 eleganter,

1220 2981 1270 3012 ut
1299 2985 1402 3013 -vere
1432 2974 1687 3014 observavit
1702 2972 1738 3013 C
1752 2986 1779 3014 a
1790 2986 1809 3013 s
1820 2987 1884 3015 au
1897 2976 1923 3015 b
1938 2989 1964 3016 ο
1974 2989 2018 3016 ιι.

1221 3031 1278 3070 ad
1320 3031 1484 3071 Athen.
1521 3031 1790 3072 Animadvv.
1825 3031 1877 3072 T.
1907 3033 1944 3073 Ι.
1974 3047 2017 3087 Ρ.

1220 3086 1319 3132 168.
1349 3089 1417 3138 ed.
1450 3087 1699 3142 Schweigh.
1731 3088 1862 3130 Conf.
1902 3090 1936 3130 V
1947 3093 2016 3133 al-

1222 3160 1244 3187 c
1255 3147 1284 3186 k
1297 3158 1320 3186 e
1330 3159 1373 3186 n.
1418 3147 1475 3187 ad
1505 3147 1669 3200 Eurip.
1709 3147 1940 3201 Hippolyt.
1972 3163 2013 3190 v.

1221 3203 1350 3249 1360.
1393 3203 1431 3245 Β
1449 3206 1567 3257 ergl
1581 3218 1649 3246 er.
1689 3206 1747 3246 ad
1786 3207 2016 3260 Aristoph.

1221 3265 1338 3305 Avv.
1391 3277 1431 3302 v.
1480 3262 1609 3307 1567.
1659 3263 1697 3303 E
1710 3277 1739 3303 u
1750 3269 1798 3305 st
1809 3265 1912 3304 ath.
1959 3265 2015 3306 ad

1219 3321 1346 3363 Iliad.
1399 3319 1452 3372 μ’.
1516 3336 1560 3375 Ρ.
1613 3321 1712 3365 902.
1773 3322 1841 3362 ed.
1886 3322 2014 3363 Rom.

1218 3379 1630 3432 Itaquemiramurs
1644 3380 1705 3420 ch
1717 3393 1746 3420 n
1758 3381 1805 3421 ei
1816 3380 2015 3430 derum,

2095 3263 2098 3310 l

2092 3312 2098 3406 f

2091 3411 2098 3434 (A

1220 3438 1306 3489 qui*
1326 3437 1499 3479 deserta
1523 3439 1710 3479 Parisini
1739 3439 1892 3490 optimi
1936 3450 2012 3478 au-
2090 3439 2098 3488 ς

2090 3603 2098 3658 1
