2124 3744
266 194 369 243 41⁴2
887 191 1361 247 PLATONIS

265 342 506 407 ἐπίχειρα
549 337 753 408 αρετῆς
798 341 889 392 καὶ
930 343 1258 409 προκείμενα
1302 331 1467 394 ἆθλα
1516 341 1581 395 οὐ
1630 340 1968 408 διεληλύθα-

263 442 378 489 μεν.
462 420 777 491 Ἀμήχανον
819 444 897 489 τι,
943 428 1078 494 ἔφη,
1125 428 1291 493 λὲγεις
1334 429 1606 495 μέγεθος,
1654 433 1699 480 εὶ
1743 430 1854 480 τῶν
1897 434 1967 481 εὶ-

265 510 512 574 ρημένων
561 509 718 573 μείζω
776 510 922 560 ἐστὶν
979 508 1142 562 ἄλλα.
1238 508 1311 562 Τι’
1355 507 1403 563 δ’
1467 506 1567 575 ἄν,
1615 503 1683 577 ἦν
1729 510 1776 565 δ’
1843 510 1966 580 ἐγώ,

265 593 324 644 ἔν
367 612 424 657 γε
469 590 635 660 ὀλίγῳ
674 589 860 661 χρόνῳ
903 596 1042 659 μέγα
1082 599 1331 659 γένοιτω,
1388 596 1500 657 πᾶς
1542 594 1651 667 γὰρ
1700 587 1866 658 οὗτός
1910 617 1969 662 γε

265 672 294 729 ὁ
343 680 399 728 ὲκ
443 673 643 738 παιδὸς
684 680 838 745 μέχρι
883 672 1193 745 πρεσβύτου
1218 676 1423 747 χρόνος
1447 677 1586 748 πρὸς
1634 678 1732 735 τὸν
1779 678 1967 734 πάντα

266 757 451 826 ὀλίγος
509 780 615 813 που
677 780 758 822 τις
808 756 882 813 ἂν
940 760 1039 826 εἴη.
1135 760 1308 814 Οὐδὲν
1353 764 1454 830 μὲν
1499 755 1630 827 οὖν,
1686 771 1810 837 ἔφη.
1903 768 1970 819 Τι’

270 835 401 905 οὖν,·
457 842 556 897 οἴει
621 841 910 912 ἀθανάτῳ
970 843 1257 915 πράγματι
1314 843 1451 900 ὑπὲρ
1522 849 1797 903 τοσούτου
1855 851 1968 904 δεῖν

162 934 213 984 l)
260 924 467 997 χρόνου
523 931 946 989 ἐσπουδακέναι,
1015 927 1147 983 αλλ’
1216 929 1316 1000 οὐχ
1370 928 1508 1003 ὑπὲρ
1566 935 1667 987 τοῦ
1726 930 1966 997 παντός·

271 1010 438 1081 Οἶμαι
475 1015 534 1079 ἔγ
521 1010 632 1081 wy'
645 1053 657 1077 ‚
705 1017 826 1087 ἔφη.
877 1010 1023 1068 ἄλλα
1070 1018 1124 1067 τί
1168 1018 1337 1070 τοῦτο
1380 1020 1577 1086 λέγειςς
1643 1017 1757 1073 Οὐκ
1780 1013 1967 1095 ᾔσθη-

266 1113 389 1159 σαι,
446 1087 516 1162 ἦν
577 1095 628 1150 δ’
689 1097 820 1166 ἐγώ,
877 1094 963 1151 ὅτι
1019 1094 1322 1164 οὶθανατος
1377 1098 1534 1172 ἡμῶν
1598 1100 1633 1168 ἡ
1675 1102 1828 1179 ψυχὴ
1874 1107 1966 1158 καὶ

265 1179 530 1237 οὐδέποτε
593 1179 943 1250 απόλλυταις
1047 1184 1159 1237 Και
1229 1181 1290 1248 ὃς
1362 1189 1643 1263 ἐμβλέψας
1704 1209 1797 1256 μοι
1873 1209 1967 1241 και

380 1346 488 1399 Cap.
525 1345 597 1389 ΙΧ.
660 1344 709 1386 C.
773 1343 913 1398 πρὸς
944 1342 1034 1386 τόν
1066 1344 1261 1401 πάντα]
1298 1346 1385 1398 τόν,
1416 1356 1516 1392 ante
1552 1352 1800 1394 Bekkerum
1834 1354 1965 1395 omis-

267 1416 384 1454 sum,
427 1410 653 1445 servarunt
695 1403 824 1457 Mon.
860 1409 903 1444 et
941 1403 1058 1444 Flor.
1102 1405 1147 1456 β.
1212 1407 1476 1452 Abiecerunt
1517 1421 1669 1451 rursus
1708 1409 1964 1452 Schneider.

264 1460 393 1501 Turr.
438 1461 672 1502 Hermann.
747 1460 837 1502 Sed
881 1461 1092 1514 temporis
1127 1463 1412 1517 universitas,
1454 1461 1478 1507 ὁ
1510 1467 1594 1507 πᾶς
1634 1465 1814 1521 χρόνος,
1853 1469 1967 1511 vitae

266 1520 479 1561 humanae
510 1519 724 1560 aetatibus
757 1519 957 1572 opposita
990 1522 1187 1572 postulat
1205 1524 1454 1566 articulum.
1516 1525 1648 1579 igitur
1679 1526 1847 1577 rationi,
1882 1538 1967 1567 non

265 1577 463 1618 codicum
505 1590 709 1627 numero,
748 1577 1143 1630 obtemperandum
1190 1580 1284 1621 fuit.
1328 1594 1364 1621 v.
1405 1584 1608 1634 explicat.
1680 1585 1967 1625 Grammatici

266 1648 386 1694 mero
428 1635 608 1677 arbitrio
649 1634 715 1677 hic
745 1640 1031 1677 extruserunt
1062 1633 1303 1690 t0'1,quia
1345 1641 1548 1682 continuo
1586 1642 1746 1685 iterum
1785 1641 1966 1684 infertur

268 1788 361 1816 στα
411 1774 666 1829 ἐπίχειρα
704 1776 789 1828 —-]
831 1777 1072 1829 Utrumque

268 1847 426 1876 nomen
480 1835 674 1876 iunctum
726 1840 795 1875 est
849 1835 978 1876 etiam
1030 1834 1073 1874 in

268 1894 494 1945 praeclaro
542 1893 790 1944 fragmento
844 1893 939 1933 sive
987 1892 1071 1933 So-

268 1949 434 2003 phoclis
453 1951 549 1992 sive
568 1951 782 2004 Euripidis
809 1965 876 2003 ap.
903 1950 960 1990 C!
978 1963 1070 1991 em.

268 2010 340 2049 ΑΙ.
369 2007 532 2049 Strom.
556 2009 627 2050 iv,
628 2023 690 2063 p
708 2008 809 2052 496.
837 2010 893 2049 Β.
930 2004 1072 2048 ὁθού-

268 2061 361 2106 νεκ’
410 2061 541 2137 α’ρετὴ
595 2067 678 2107 τῶν
726 2064 773 2107 ἐν
816 2062 1074 2118 ανθρώποις

267 2122 378 2177 μόνη
411 2120 503 2165 Ουκ
534 2123 581 2164 ἐκ
610 2125 814 2176 θυραίων
857 2120 1074 2176 τάπίχειρα

268 2179 494 2234 λαμβάνει,
527 2177 649 2236 Αὐτὴ
689 2177 733 2223 δ’
765 2180 924 2235 ἑαυτὴν
953 2179 1074 2228 ἆθλα,

267 2241 350 2281 τῶν
397 2239 548 2280 πόνων
594 2241 688 2292 ἔχει.
740 2264 795 2272 -
876 2241 1070 2281 Verbum

266 2298 529 2351 προκεῖσθαι
566 2301 632 2339 vei
677 2297 724 2338 ἐν
755 2298 869 2352 μέσῳ
902 2298 1076 2338 κεῖσθαι

265 2360 487 2410 proprium
521 2357 575 2398 de
607 2359 836 2410 proposito
872 2359 1072 2397 certami-

266 2417 330 2456 nis
364 2416 581 2468 praemi03
616 2428 652 2455 ν.
686 2415 870 2455 Bromi
904 2415 957 2456 ad
986 2415 1073 2454 De-

268 2472 482 2515 mosthen.
538 2473 682 2514 Orati.
729 2474 893 2514 Select.
942 2472 990 2512 P.
1035 2472 1072 2512 Ι.

267 2546 310 2582 p.
345 2531 444 2575 116.
486 2553 529 2559 -
597 2527 654 2570 ἐν
688 2525 856 2585 ὀλίγῳ
888 2527 1072 2583 χρόνῳ,

269 2589 308 2630 ii.
353 2603 389 2630 e.
443 2595 529 2629 tam
583 2590 739 2641 exigno
794 2589 922 2628 huius
963 2590 1074 2628 vitae

266 2650 423 2698 spatio.
488 2648 550 2688 De
584 2646 804 2687 sententia
841 2659 1072 2697 compares

267 2706 362 2747 libr.
391 2705 458 2755 Vl,
484 2705 561 2748 10:
593 2703 654 2744 εἰς
675 2701 855 2757 σμικρόν
877 2699 935 2774 γ’,
969 2704 1071 2756 ἔφη,

265 2760 428 2831 χρόνον
462 2764 647 2815 εἴρηκας
709 2761 794 2809 Εἰς
834 2757 967 2802 ουδὲν
997 2760 1073 2811 μὲν

275 2814 380 2869 οὖν,
431 2821 562 2874 ἐᾞφην
613 2817 674 2860 ὥς
713 2835 762 2874 γε
802 2816 940 2888 πρὸς
980 2817 1074 2859 τὸν

269 2876 490 2920 ἅπαντα.
547 2879 756 2926 ibidem:
813 2877 908 2918 τότε
961 2875 1071 2917 πολὺ

271 2935 502 2990 δήπουθεν
550 2952 576 2990 η
617 2934 772 2989 μικρὸν
814 2932 944 2977 οὐδὲν
983 2934 1072 2976 δια·

272 2995 421 3066 φέρειν
461 2993 587 3036 δοκεῖ
618 2991 756 3046 πρὸς
788 2992 883 3035 τὸν
912 2991 1073 3062 ἅπαν-

272 3067 329 3093 τα
368 3049 598 3106 ἀφορῶσιν
636 3052 784 3094 αἰῶνα.
834 3053 903 3093 καὶ
934 3051 1016 3105 γὰρ
1050 3047 1073 3092 o‘

272 3109 541 3162 μακρότατος
570 3112 672 3164 βιοε
709 3106 856 3164 ὀλίγος
885 3109 972 3151 ἐστι
1005 3110 1073 3149 καὶ

273 3174 492 3221 στιγμαῖος
531 3167 642 3222 πρὸς
684 3166 759 3210 τὸν
797 3166 977 3222 ἄπειρον
1008 3166 1071 3206 αι’-

272 3227 376 3266 aiva.
426 3228 640 3268 Phaedon.
675 3241 716 3279 p.
750 3228 848 3271 107
882 3229 941 3268 C:
983 3223 1072 3265 ἐπι-

271 3285 436 3335 μελειάς
476 3281 529 3337 δὴ
567 3283 696 3325 δεῖται
733 3281 782 3338 (ἦ
831 3283 963 3338 ψυχή)
996 3280 1075 3334 οὐχ

273 3338 381 3392 ὑπὲρ
414 3342 493 3382 τοῦ
529 3356 634 3394 χροι
638 3357 691 3382 ου
734 3341 892 3384 τούτου
923 3339 1074 3392 μόνοι,

271 3399 318 3440 ἐν
351 3394 386 3454 ᾦ
417 3401 626 3450 καλοῦμεν
657 3398 703 3440 τὸ
729 3403 820 3455 ζῆν,
851 3397 937 3442 ἀλλ’
967 3396 1074 3452 ὑπὲρ

275 3458 369 3503 τοῦ
403 3455 611 3500 παντός.
650 3459 763 3501 unde
789 3462 916 3502 simui
937 3471 1072 3511 appa-

1159 1783 1228 1819 ret
1270 1778 1578 1835 h.1.utique
1629 1782 1720 1825 τὸν
1769 1784 1811 1825 in
1852 1783 1966 1837 πρὸς

1160 1834 1237 1877 τὸν
1274 1834 1411 1879 πάντα
1452 1841 1628 1893 requiri.
1671 1841 1784 1883 cons.
1833 1843 1962 1883 etiam

1159 1895 1273 1936 Tim
1306 1909 1349 1949 p.
1377 1896 1448 1940 38.
1482 1899 1532 1939 C.
1595 1898 1875 1941 Plutarch.
1909 1900 1964 1939 ad

1163 1955 1363 2006 Apolion.
1417 1969 1457 2006 p.
1507 1955 1607 1999 111.
1655 1958 1704 1999 C.
1768 1957 1961 1999 Senec.

1163 2012 1346 2063 Epistor.
1384 2014 1452 2057 77.
1515 2013 1679 2056 Nulla
1720 2016 1831 2055 vita
1877 2020 1964 2055 est

1159 2081 1261 2109 non
1295 2070 1494 2111 brevis.
1545 2071 1672 2114 Nam
1712 2075 1754 2114 si
1785 2072 1846 2113 nd
1879 2084 1962 2113 na-

1160 2133 1345 2168 turam
1387 2141 1573 2170 rerum
1620 2130 1961 2184 respexeris,

1162 2185 1324 2225 etiam
1376 2186 1636 2229 Nestoris
1694 2195 1746 2230 et
1789 2188 1960 2229 Stati-

1167 2244 1270 2284 iiae
1313 2243 1494 2285 brevis
1545 2254 1649 2294 est,
1697 2259 1837 2299 quae
1890 2246 1963 2286 in·

1162 2301 1325 2341 scribi
1352 2311 1698 2346 monumento
1731 2316 1828 2345 suo
1857 2305 1963 2345 ius-

1161 2359 1234 2398 sit
1265 2362 1422 2402 annuis
1453 2375 1507 2402 se
1539 2363 1839 2416 nonaginta
1871 2374 1960 2402 no-

1161 2429 1272 2456 vem
1308 2420 1531 2460 vixisse.
1563 2420 1683 2462 idem
1719 2420 1856 2472 Epist.
1889 2419 1960 2463 99.

1161 2475 1388 2529 Omnes,
1427 2482 1691 2530 quantum
1733 2479 1798 2518 ad
1841 2477 1959 2518 bre-

1162 2534 1392 2577 vitatem
1425 2535 1575 2586 aevi,
1616 2537 1657 2577 si
1701 2537 1961 2577 universo

1160 2604 1477 2646 compares,
1521 2600 1574 2635 et
1612 2607 1772 2634 senes
1806 2597 1857 2635 et
1889 2594 1960 2634 iu-
2029 2623 2031 2626 .

1162 2661 1329 2691 venes
1401 2652 1448 2692 in
1519 2665 1697 2704 aequo
1758 2663 1959 2692 sumus,

1160 2706 1335 2749 Minus
1409 2711 1542 2751 enim
1614 2709 1675 2750 ad
1738 2722 1835 2750 nos
1895 2721 1959 2750 ex

1158 2766 1298 2805 omni
1345 2772 1533 2809 aetate
1579 2767 1751 2814 venit,
1802 2778 1959 2820 qnam

1156 2823 1299 2875 quod
1341 2826 1621 2866 minimum
1674 2837 1796 2867 esse
1840 2824 1960 2874 quis

1159 2882 1392 2932 dixerit,
1450 2884 1707 2936 quoniam
1750 2881 1960 2933 quidem

1159 2939 1430 2981 minimum
1468 2942 1653 2994 aliqua
1695 2952 1822 2993 pars
1857 2944 1960 2991 est,

1160 2996 1279 3047 hoc,
1328 2998 1472 3049 qnod
1531 2999 1788 3048 vivimus,
1838 3007 1959 3048 pro-

1158 3055 1359 3096 ximum
1427 3055 1602 3108 nihiio
1664 3059 1764 3095 est.
1845 3055 1957 3095 Ibid.

1164 3113 1422 3166 Propone
1453 3111 1714 3167 profundi
1750 3117 1959 3165 ternpo-

1159 3171 1233 3211 ris
1281 3172 1598 3211 vastitatem
1651 3175 1701 3210 et
1753 3171 1959 3210 nniver-

1160 3241 1267 3269 sum
1309 3230 1710 3280 complectet-(33
1755 3227 1959 3268 deinde

1161 3285 1280 3336 hoc,
1329 3285 1466 3338 quod
1519 3290 1761 3326 aetatem
1803 3298 1959 3325 voca—

1160 3355 1273 3383 mus
1321 3342 1628 3394 humanam,
1695 3355 1957 3395 compara

1159 3400 1451 3451 immanem
1525 3400 1739 3442 videbis
1807 3412 1956 3452 quam

1161 3458 1413 3510 exiguum
1477 3458 1546 3499 sit
1607 3457 1751 3510 quod
1812 3466 1956 3511 opta—
