2124 3744
279 182 339 229 1⁶2
834 172 1226 228 ARGUMEN
1232 172 1401 227 TUM

269 314 610 368 orationibus
650 313 912 368 oblectari
951 317 1197 386 cupiunt.
1269 315 1475 368 Verum
1498 313 1790 365 enimvero
1829 311 1963 365 haec

270 387 376 439 etsi
414 383 779 457 praevidimus
819 389 1115 440 sententiae
1154 394 1374 440 nostrae
1411 383 1701 456 plurimum
1738 383 1961 445 obesse3

269 467 454 511 tamen
490 457 733 510 veritatis
772 476 953 511 amore
1006 459 1220 512 incitati
1258 457 1375 510 ausi
1414 473 1598 509 sumus
1634 454 1801 508 libere
1839 474 1962 525 pro-

269 529 523 582 nuntiare
563 528 811 581 civitates
850 548 960 582 non
998 531 1148 602 prius
1187 530 1373 583 beatas
1418 528 1553 593 tore,
1593 545 1756 594 quam
1787 525 1832 579 si
1869 533 1965 578 aut

270 620 303 652 a
339 598 681 671 philosophis
731 610 1052 671 regerentur
1089 607 1184 653 aut
1218 617 1376 671 reges
1413 597 1725 669 philosophi
1762 598 1964 651 evasis-

267 678 405 725 sent.
443 702 515 711 —-
589 673 779 740 Atque
816 671 934 724 fieri
972 672 1078 726 hoc
1113 689 1302 725 revera
1349 688 1511 741 posse
1548 669 1706 739 plane
1743 686 1964 739 persua-

269 762 389 795 sum
439 742 718 796 habemus,
805 742 927 797 Nec
975 743 1200 796 dubium
1251 750 1361 810 est,
1427 740 1559 810 quin
1607 740 1728 810 ipsa
1777 740 1965 811 populi

269 813 594 881 multitudo,
635 813 731 866 ubi
768 814 1157 884 praeiudicatis
1194 813 1540 884 opinionibus
1579 811 1769 864 deletis
1806 831 1964 864 verae

271 884 654 956 philosophiae
703 884 1023 956 dignitatem
1072 904 1138 939 ae
1186 885 1578 957 praestantiam
1626 883 1966 954 cognoverit,

270 957 595 1010 sententiam
644 965 883 1010 nostram
945 958 1018 1012 sit
1063 957 1497 1029 comprobatura.
1536 986 1609 994 —
1692 954 1964 1007 Nimirum

271 1028 508 1081 invidiae
558 1028 704 1081 illius
754 1036 918 1099 atque
969 1028 1109 1098 odii,
1165 1047 1274 1099 quo
1325 1047 1470 1081 nunc
1518 1033 1749 1082 vexatur
1788 1025 1964 1096 philo-

269 1100 493 1172 sophia,
545 1119 655 1153 non
707 1100 797 1152 alii
845 1108 974 1154 sunt
1011 1107 1294 1168 auctoreS,
1347 1119 1509 1169 quam
1562 1097 1807 1151 homines
1853 1096 1963 1164 isti,

270 1173 383 1241 qui,
424 1191 589 1241 quum
627 1171 841 1242 profani
881 1173 988 1226 sint
1026 1179 1081 1225 et
1119 1191 1151 1224 a
1188 1171 1488 1241 sapientiae
1514 1169 1682 1223 sacris
1722 1167 1963 1234 arcendi,

268 1250 452 1295 tamen
504 1243 772 1295 violenter
824 1244 878 1295 in
936 1245 1054 1297 eius
1089 1242 1254 1315 adyta
1286 1243 1627 1312 irruperunt,
1654 1247 1836 1318 ⁰atque
1875 1257 1965 1291 su-

268 1314 535 1367 blimioris
585 1314 884 1384 sapientiae
921 1315 1140 1368 minime
1191 1332 1453 1384 capaces,
1505 1311 1754 1383 neglecta
1791 1317 1965 1363 aeter-

269 1400 372 1438 nae
421 1385 665 1438 veritatis
714 1385 1168 1457 investigatione,
1223 1384 1356 1438 nihil
1404 1383 1512 1437 nisi
1559 1383 1618 1435 in
1659 1382 1964 1435 rationibus

270 1456 519 1510 humanis
566 1455 978 1511 considerandis
1027 1457 1280 1524 haerent,
1343 1454 1589 1524 adeoque
1638 1454 1696 1507 in
1737 1453 1966 1507 aliorum

269 1547 530 1599 personas
578 1527 879 1582 maledictis
928 1528 1276 1582 invehuntur.
1361 1527 1657 1580 Enimvero
1695 1526 1809 1578 veri
1847 1524 1966 1594 qui·
2035 1564 2039 1568 Α

269 1599 392 1653 dem
441 1599 785 1671 philosophi,
841 1601 936 1669 qui
988 1610 1223 1653 mentem
1271 1606 1435 1668 atque
1481 1597 1868 1669 cogitationem
1907 1596 1962 1649 in

268 1678 490 1724 aeterna
537 1671 766 1724 veritate
817 1672 977 1743 plane
1028 1671 1262 1724 defixam
1301 1670 1522 1738 habent,
1561 1678 1772 1722 tantum
1811 1667 1967 1722 abest

269 1749 331 1795 ut
367 1743 546 1796 animo
584 1743 642 1795 in
667 1743 945 1796 hominum
975 1743 1212 1815 negotiis
1239 1749 1538 1810 versentur,
1577 1747 1770 1812 pectus
1808 1758 1966 1792 suum

268 1815 563 1868 acerbitate
611 1822 774 1883 atque
826 1814 955 1869 odio
1002 1823 1208 1868 temere
1244 1814 1548 1885 replenteS,
1600 1819 1664 1865 ut
1701 1810 1771 1864 ad
1809 1810 1963 1877 illud,

269 1885 417 1956 quod
464 1886 569 1940 sibi
620 1893 885 1958 perpetuo
935 1893 1152 1940 constat
1200 1905 1300 1939 nec
1351 1900 1592 1955 unquam
1629 1901 1816 1938 secum
1853 1881 1963 1936 dis-

267 1966 486 2029 crepat,
526 1976 776 2012 converffl
812 1958 882 2011 ad
919 1957 1245 2012 concordiae
1282 1956 1426 2010 illius
1464 1963 1631 2025 atque
1667 1961 1964 2008 concentus
2038 1986 2046 1995 -

266 2030 428 2100 plane
481 2029 651 2082 divini
696 2030 1086 2098 imitationem,
1124 2036 1387 2099 quantum
1425 2026 1642 2097 quidem
1679 2025 1964 2095 fieri·pos-

268 2102 359 2169 sit,
398 2119 518 2155 sese
557 2119 884 2171 componere
921 2101 1198 2156 studeant.
1286 2099 1479 2167 Qualis
1519 2097 1739 2168 quidem
1791 2098 1872 2149 vir
1919 2097 1966 2150 si

265 2173 407 2227 forte
441 2172 768 2226 necessitate
804 2173 987 2242 aliqua
1023 2171 1293 2244 adigatur,
1334 2178 1396 2224 ut
1434 2170 1740 2241 quampiam
1778 2168 1966 2221 civita-

267 2253 377 2297 tem
435 2243 507 2296 ad
568 2251 841 2297 aeternam
896 2243 1043 2297 illam
1107 2244 1303 2306 οὐσίας
1362 2242 1596 2314 speciem
1660 2241 1966 2294 conformet

269 2323 431 2385 atque
480 2314 723 2383 ordinet,
782 2316 829 2369 is
877 2324 1026 2369 certe
1089 2315 1328 2387 optimus
1365 2314 1495 2373 verit
1554 2322 1661 2365 tem
1705 2311 1963 2379 erantiae,

267 2387 539 2455 iustitiae,
580 2385 815 2456 denique
854 2388 1142 2442 universae
1179 2386 1397 2439 virtutis
1436 2384 1610 2439 civilis
1687 2403 1760 2436 ux
1797 2391 1964 2452 atque

268 2459 553 2528 1nagister3
604 2477 781 2528 neque
830 2459 988 2513 nobis
1037 2459 1275 2531 populus
1311 2458 1417 2510 iam
1456 2455 1798 2510 succensebit
1836 2473 1964 2508 con-

272 2530 622 2584 tendentibus
679 2550 790 2584 non
858 2531 1010 2601 prius
1070 2531 1347 2584 civitatem
1407 2529 1543 2582 bene
1614 2526 1966 2580 constitutam

269 2602 415 2670 fore,
467 2621 628 2671 quam
678 2602 796 2656 eius
840 2602 1014 2655 forma
1062 2621 1127 2656 ac
1159 2602 1370 2672 species
1413 2599 1483 2653 ad
1520 2598 1842 2669 exemplaris
1883 2596 1965 2649 di-

270 2673 383 2726 vini
431 2674 786 2727 imitationem
837 2692 869 2726 a
922 2674 1054 2727 viris
1093 2673 1430 2745 sapientibus
1469 2670 1742 2741 descripta
1780 2668 1963 2722 fuerit.

273 2746 457 2816 Atque
495 2745 600 2798 hoc
641 2743 861 2815 quidem
909 2747 987 2798 ita
1037 2746 1329 2799 instituent
1364 2741 1706 2816 philosophi,
1755 2741 1812 2794 in
1861 2739 1965 2793 hac

270 2836 326 2869 re
375 2836 408 2870 a
450 2817 855 2890 legislatoribus
907 2817 1109 2872 nostris
1157 2817 1349 2869 mirum
1399 2825 1660 2883 quantum
1706 2810 1964 2865 receden-

270 2897 384 2956 tes,
434 2896 496 2941 ut
543 2896 671 2942 ante
708 2887 888 2942 omnia
921 2889 1055 2941 vitia
1092 2889 1149 2941 in
1187 2888 1415 2942 civitate
1446 2887 1749 2938 inveterata
1783 2881 1964 2935 fundi-

270 2967 358 3013 tus
414 2960 638 3026 tollant3
707 2958 902 3012 deinde
957 2980 1154 3014 novam
1215 2957 1546 3030 reipublicae
1608 2955 1836 3008 formam
1894 2953 1964 3006 ad

269 3032 572 3103 exemplum
609 3039 859 3085 aeternae
894 3031 1167 3100 iustitiae,
1207 3027 1618 3103 pulcritudiniS,
1657 3033 1965 3098 temperan-

269 3101 396 3170 tiae,
436 3102 671 3173 denique
707 3103 922 3157 virtutis
960 3104 1039 3156 ita
1076 3102 1417 3167 describant,
1456 3105 1544 3167 ut,
1584 3097 1771 3152 habita
1808 3097 1965 3151 simul

268 3173 442 3243 ipsius
495 3175 638 3228 vitae
678 3175 942 3227 humanae
982 3175 1219 3241 ratione,
1271 3179 1478 3229 tantam
1515 3169 1755 3223 civitatis
1793 3169 1964 3222 homi-

270 3263 506 3314 numque
556 3247 611 3298 in
663 3265 727 3299 ea
786 3246 1081 3300 viventium
1143 3244 1386 3299 efficiant
1451 3242 1839 3313 praestantiam
1899 3259 1963 3292 ac

270 3316 689 3387 perfectionem,
743 3324 999 3387 quantam
1050 3325 1105 3371 et
1142 3335 1230 3370 res
1269 3314 1535 3367 humanae
1575 3313 1753 3366 ferant
1790 3320 1844 3365 et
1882 3311 1961 3363 di-

271 3387 380 3440 vini
406 3388 728 3456 exemplaris
753 3388 1049 3443 similitudo
1079 3389 1277 3460 exigat.
1341 3387 1400 3439 P.
1429 3387 1551 3438 498.
1581 3383 1642 3438 C.
1667 3417 1730 3423 —
1751 3385 1867 3436 501.
1896 3383 1959 3434 1⁴2.
