2124 3744
245 694 296 744 D

258 1362 302 1414 Ε

351 202 448 254 162
1008 198 1049 250 P
1065 198 1114 250 L
1131 199 1177 250 A
1194 197 1239 250 T
1259 197 1309 249 O
1333 198 1376 248 N
1398 196 1479 250 IS

347 346 664 411 ἐπέπληξας.
712 342 852 397 ἀλλὰ
904 347 1018 407 πῶς
1044 345 1305 412 δήὲλεγες
1341 348 1452 396 δεῖν
1476 341 1858 412 ἀστρονομίαν
1900 361 2042 410 μαν·

347 427 557 484 &dvctv
585 429 738 497 παρα
776 426 811 481 ἃ
842 431 944 481 νῦν
969 427 1387 494 μανθάνουσιν,
1411 433 1455 481 εὶ
1480 431 1725 497 μέλλοιεν
1759 426 2041 500 ὠφελίμως

348 511 487 585 πρὸς
515 510 552 567 ἃ
571 516 794 582 λέγομεν
817 511 1193 582 μαθήσεσθαι
1213 537 1227 576 ;
1249 504 1478 574 ²952,le
1507 510 1545 566 δ’
1579 512 1698 576 ἐγώ.
1729 513 1909 564 ταῦτα
1942 513 2041 578 μὲν

346 594 418 651 τὰ
444 605 503 652 ἐν
534 600 608 666 τῷ
639 596 864 667 οὐρανῷ
882 601 1536 666 ποικίλ,ιιατα,ὲπει’περέν
1561 593 1749 664 ὁρατῷ
1766 597 2041 648 πεποίκιλ-

348 703 458 746 ται,
488 681 753 736 κάλλιστα
778 684 880 750 μὲν
906 679 1171 749 ἡγεῖσθαι
1202 683 1294 734 καὶ
1317 679 1687 750 ἀκριβέστατα
1716 681 1825 732 τῶν
1860 676 2043 732 τοιού-

349 787 458 820 των
502 769 666 837 ἔχειν,
712 768 823 818 τῶν
867 765 1267 829 δὲ’άληθινῶν
1311 763 1452 818 πολὺ
1499 767 1704 826 ἐνδεῖν,
1751 761 1819 825 ἃς
1861 760 1924 817 τὸ
1974 757 2043 816 ὃν

347 850 519 921 τάχος
561 853 652 903 καὶ
697 848 730 914 ὴ
778 841 918 904 οὖσα
962 847 1241 919 βραδυτὴς
1287 854 1345 901 ὲν
1391 851 1465 916 τῷ
1495 848 1760 915 ἀληθινῷ
1805 845 2041 915 ἀριθμῷ

346 937 438 988 καὶ
482 936 631 987 πᾶσι·
662 943 780 997 τοῖς
823 933 1065 999 ἀληθέσι
1102 931 1337 1003 σχήμασι
1383 933 1566 1008 φοράς
1603 953 1658 987 τε
1704 930 1845 1001 πρὸς
1875 928 2042 996 ἄλλη-

348 1022 417 1073 λα
462 1026 688 1092 φέρεται
736 1023 826 1071 καὶ
869 1017 939 1070 τα
986 1017 1187 1072 ἐνόντα
1235 1024 1399 1090 φέρει.
1446 1015 1482 1071 ἃ
1531 1018 1597 1084 δὴ
1641 1015 1909 1085 λόγῳμὲν
1953 1018 2043 1068 καὶ

350 1107 574 1172 διανοίᾳ
615 1101 814 1168 ληπτά,
859 1099 991 1173 ὄψει
1034 1100 1076 1156 δ’
1111 1098 1195 1158 οὕ.
1244 1098 1278 1168 ἢ
1315 1099 1382 1154 σὺ
1417 1101 1549 1167 οἵεις
1600 1100 1883 1168 Οὐδαμῶς,
1920 1106 2040 1172 ἔφη.

354 1186 592 1249 Οὐκοῦν,
635 1185 808 1249 εἶπον,
856 1189 919 1263 τῇ
963 1190 1086 1256 περὶ
1131 1185 1232 1241 τὸν
1281 1185 1527 1256 οὐρανὸν
1571 1189 1818 1255 ποικιλίᾳ
1863 1206 2043 1255 παρα-

349 1275 596 1341 δείγμασι
639 1279 908 1341 χρηστέον
954 1274 1049 1335 τῆς
1106 1271 1246 1341 πρὸς
1298 1278 1476 1325 ἐκεῖνα
1526 1269 1826 1341 μαθήσεως
1870 1274 2043 1330 ἕνεκα,

354 1355 560 1425 ὁμοίως
601 1353 778 1424 ὥςπερ
823 1353 896 1408 ἂν
940 1356 987 1409 εἴ
1036 1376 1115 1417 τις
1158 1353 1372 1424 ἐντύχοι
1412 1351 1522 1409 ὑπὸ
1567 1353 1847 1408 Δαιδάλου
1890 1351 1924 1419 ἦ
1966 1374 2043 1406 τι-

347 1462 445 1504 νος
502 1437 680 1496 ἄλλον
737 1443 1075 1509 δημιουργοῦ
1133 1436 1164 1504 ἢ
1218 1445 1469 1512 γραφέως
1523 1438 1899 1513 διαφερόντως
1958 1460 2043 1504 γε·

462 1606 567 1660 Cap.
602 1604 676 1649 ΧΙ.
711 1606 760 1650 Ι).
828 1605 1125 1656 Οὐδαμῶς,
1169 1607 1277 1658 ἔφη.
1295 1604 1307 1659 l
1362 1606 1415 1646 V.
1452 1603 1666 1658 Οὖδαμῶς
1694 1620 1755 1659 γε,
1789 1604 1897 1658 Eam„
1927 1604 2042 1657 qnod

346 1664 534 1708 Bekker.
567 1677 619 1703 cx
651 1666 744 1706 Par.
779 1664 917 1708 ADK.
952 1665 1050 1707 Vat.
1088 1664 1139 1704 Θ.
1177 1664 1279 1706 Ven.
1316 1662 1365 1705 ll.
1392 1664 1513 1709 vind.
1538 1663 1636 1705 Vat.
1675 1677 1730 1705 m.
1746 1676 1777 1707 r.
1805 1663 1926 1705 Mon.
1951 1676 2043 1705 mu-

346 1724 466 1764 tavit.
502 1722 605 1775 Mox
638 1724 757 1763 solus
790 1719 940 1776 ΞΙΘΡῚΙ.
978 1722 1310 1776 παραδείγματι.

462 1780 511 1822 Ε.
569 1781 792 1833 γελοῖον
829 1779 944 1851 μὴν
976 1779 1330 1832 ἐπισκοπεῖν]
1395 1779 1446 1819 V.
1484 1781 1584 1833 με’,ν
1637 1778 1783 1820 invitia
1820 1776 2044 1819 codicibus

346 1811 438 1881 l'erc
477 1839 691 1879 omnibus
753 1839 842 1880 Pro
883 1833 1023 1889 αυίοί,
1064 1837 1179 1890 quod
1222 1850 1246 1878 e
1281 1837 1376 1878 Vat.
1415 1837 1466 1880 Θ.
1502 1850 1534 1881 r.
1573 1837 1686 1879 Ven
1712 1836 1772 1878 11.
1806 1839 1897 1877 Par.
1933 1835 2039 1875 DK.

403 1952 509 2006 Cap.
544 1951 619 1995 XI.
684 1952 733 1994 C.
781 1949 911 2000 α’λλά,
947 1953 1058 1993 πῶς
1088 1950 1150 2006 δὴ

346 2011 527 2064 ἔλεγες
565 2010 679 2050 δεῖν
722 2011 804 2066 ,-]
872 2012 978 2054 Sed
1023 2023 1148 2064 quo-

345 2069 500 2111 modo
534 2068 751 2110 tandem
785 2069 1044 2122 intelligi
1073 2069 1150 2109 vis

343 2126 488 2180 quod
521 2126 748 2167 dicebas
794 2133 1057 2181 oportere
1103 2139 1148 2167 a-

345 2185 709 2226 stronomiam
775 2184 919 2226 disci
989 2197 1152 2227 secus

343 2247 510 2295 atque
562 2253 695 2282 nunc
750 2255 871 2284 eam
922 2243 1151 2284 discunt

344 2306 427 2342 etc.
460 2298 616 2342 phaed.
633 2314 688 2369 ρ.
720 2299 792 2344 46
827 2302 875 2340 Ι).
927 2301 1019 2341 πῶς
1050 2301 1149 2341 τοῦ·

344 2372 392 2398 to
422 2355 574 2409 λέγεις,
610 2372 644 2397 ω
680 2356 757 2404 Σ.,
801 2355 847 2398 τὸ
877 2357 934 2410 μὴ
965 2356 1150 2409 θεμιτὸν

343 2410 456 2457 εἶναι
482 2413 639 2456 ἑαυτόν
666 2413 920 2468 βιάζεσθαη
952 2417 1015 2457 De
1036 2417 1148 2471 Rep.

343 2475 381 2517 Ι.
415 2487 455 2527 ρ.
491 2473 590 2518 347.
626 2477 688 2515 A=
722 2475 814 2515 πῶς
839 2475 968 2515 τοῦτο
992 2475 1151 2528 λέγειε,·

345 2532 461 2575 Men.
499 2545 539 2586 p.
575 2532 644 2577 73.
677 2535 725 2576 Α.
758 2535 812 2574 al.

402 2647 453 2689 D.
486 2661 590 2687 των
621 2646 678 2687 δὲ
708 2642 1148 2701 ἅληθινωνπολύ

344 2704 544 2754 ἐνδεῖν,
576 2701 706 2746 ‹iis——
737 2704 919 2774 φέρειΙ
957 2708 1147 2748 Antius

344 2764 570 2816 legendum
591 2763 799 2808 coniecit·
837 2755 898 2804 ὦν
917 2761 967 2804 τὸ
995 2760 1048 2804 ὃν
1076 2762 1145 2805 τά·

344 2831 420 2873 χοε
448 2845 505 2852 —
537 2818 778 2875 βραδυτής,
819 2823 886 2862 καὶ
916 2821 963 2862 ἐν
994 2824 1053 2877 τῷ
1084 2817 1145 2863 ἄλ.

343 2900 401 2909 --
433 2880 568 2933 φέρει,
599 2885 645 2919 ut
676 2882 752 2920 καί
775 2880 847 2930 sit,
879 2881 906 2920 i.
940 2893 982 2933 q.
1007 2881 1076 2922 καὶ
1105 2877 1147 2945 ἆ,

344 2938 709 2988 quemadmodum
752 2936 864 2978 haud
900 2951 998 2979 raro
1031 2924 1148 2980 solet

341 2995 522 3036 relativo
545 3006 804 3049 praegresso
817 2997 934 3049 poni.
980 2998 1146 3049 Acpla—

344 3053 434 3093 cuit
468 3052 572 3094 haec
602 3054 714 3094 ratio
738 3053 871 3094 etiam
895 3053 1145 3095 Heusdio

342 3109 442 3150 Init.
474 3110 584 3152 Phil.
617 3112 724 3152 Plat.
750 3111 841 3154 Vol.
858 3111 920 3154 ΙΙ.
943 3111 1059 3155 Part.
1080 3112 1141 3155 ΙΙ.

343 3181 384 3219 p.
416 3166 485 3209 65
534 3167 622 3209 Sed
655 3169 752 3209 libri
784 3181 935 3210 omnes
969 3169 1024 3210 de
1056 3172 1145 3210 vul-

341 3229 447 3277 gata
499 3226 689 3265 lectione
741 3227 919 3268 mirifice
960 3239 1146 3268 consen-

343 3281 477 3331 tiunt,
506 3289 808 3335 praeterquam
839 3283 953 3336 quod
965 3297 1065 3352 pro
1094 3280 1148 3324 ἅς

340 3338 461 3380 Flor.
504 3351 545 3380 x.
591 3336 619 3379 ἅ
661 3347 705 3381 et
747 3342 905 3394 Ange!
957 3338 984 3381 ὅ
1024 3341 1145 3383 cxlii-

342 3396 460 3438 bent.
502 3395 593 3438 Nec
624 3410 725 3438 vero
758 3399 990 3451 quidquam
1023 3401 1144 3440 soni·

341 3452 572 3497 citandum.
636 3454 741 3496 Nam
783 3459 998 3498 sententia
1037 3457 1148 3499 haee

1236 1949 1764 1994 est=existimandum
1790 1963 2041 2007 elsse‚va-

1237 2011 1477 2052 rietates
1541 2009 1670 2050 illas
1737 2009 1786 2049 in
1858 2009 2042 2054 coelo.

1238 2080 1396 2121 quum
1443 2067 1492 2107 in
1525 2065 1650 2108 lo'co
1691 2067 1902 2108 visibili
1936 2065 2044 2107 sint

1236 2124 1594 2174 informatae,
1678 2123 2043 2179 pulcerrimas

1237 2183 1457 2237 quidem
1492 2183 2043 2224 etaccuratissimae

1240 2254 1364 2283 esse
1408 2241 1552 2282 inter
1595 2252 1676 2292 ea,
1728 2253 1864 2293 quae
1921 2246 2043 2281 eunt

1240 2300 1408 2341 istius
1446 2299 1694 2352 generi„
1739 2297 1832 2338 sed
1877 2299 2042 2352 longe

1239 2357 1455 2399 distare
1495 2369 1519 2397 a
1562 2357 1709 2400 veris
1749 2355 2042 2397 varietati-

1239 2417 1338 2456 bus
1406 2420 1463 2456 et
1533 2413 2044 2458 vicissitudinibus

1236 2474 1374 2528 (quae
1423 2484 1506 2513 non
1549 2473 1590 2514 in
1638 2472 1742 2526 ipsis
1789 2471 2042 2525 corporibus

1236 2531 1506 2579 coelestibus
1519 2531 1805 2573 observantur
1821 2528 1897 2570 sed
1920 2529 2044 2572 unice

1237 2596 1383 2633 mente
1423 2589 1860 2642 comprehenduntur,
1901 2592 2042 2628 astro-

1235 2649 1377 2690 nomia
1417 2659 1502 2687 uno
1532 2648 1684 2689 mentis
1713 2646 1938 2686 intellectu
1976 2645 2041 2685 in-

1234 2705 1475 2760 formata),
1509 2703 1813 2747 secundum
1847 2701 2039 2743 motio-

1235 2777 1327 2806 nes
1363 2763 1545 2818 (habita
1577 2763 1815 2804 motionum
1853 2760 2041 2812 ratione)

1232 2822 1440 2876 quibus
1482 2833 1609 2862 vera
1649 2816 1914 2860 celeritas
1955 2830 2040 2858 ve-

1232 2892 1400 2932 raque
1429 2878 1672 2920 tarditas
1704 2875 1896 2929 (species
1931 2875 2041 2915 utri-

1231 2949 1369 2990 usque
1391 2943 1532 2978 mente
1554 2939 1764 2986 concepta
1787 2938 1830 2974 et
1844 2945 2040 2985 acorpo-

1229 3008 1322 3037 rum
1342 2994 1619 3035 concretione
1646 2991 1800 3044 libera)
1830 2995 1884 3031 et
1913 3003 2040 3032 vero

1229 3052 1658 3094 innumeroetin
1682 3048 1856 3090 omnis
1880 3061 2039 3100 gene-

1228 3111 1305 3151 ris
1335 3109 1482 3150 veris
1515 3107 1722 3162 figuris
1756 3111 1859 3147 tam
1890 3106 1955 3147 ad
1984 3119 2040 3147 se

1230 3167 1462 3209 invicem
1496 3165 1748 3207 feruntur
1769 3177 1832 3217 qu
1851 3178 1928 3205 am
1951 3177 2035 3210 ea.

1230 3237 1369 3275 qnae
1437 3224 1895 3276 complectuntur
1961 3219 2039 3274 (τὰ

1231 3279 1408 3330 ἐνόντα,
1448 3281 1474 3324 i.
1509 3294 1545 3322 e.
1583 3290 1766 3334 corpora
1801 3279 2034 3321 secundum

1228 3340 1480 3381 intellectus
1501 3338 1789 3389 intuitionem,
1818 3350 1947 3390 quam
1972 3337 2037 3377 di-

1229 3409 1328 3438 cere
1356 3396 1528 3448 licebit‘
1572 3397 1621 3436 iis
1674 3397 1918 3447 subiecta),
1964 3394 2037 3435 fe·
2122 3427 2124 3432 ⁴

1229 3458 1368 3496 run'l.
1404 3454 1552 3498 Quae
1572 3453 1785 3507 quidem
1822 3453 2038 3495 ratione
2118 3487 2124 3502 ,,
