2124 3744
283 177 381 226 '198
848 167 1424 223 ARGUMENTUM

283 314 477 385 possit,
518 326 701 364 tamen
741 310 997 380 quoniam
1035 309 1205 378 nihil,
1246 309 1396 378 quod
1431 311 1674 381 genitum
1713 313 1815 380 sit,
1865 331 1981 363 mu-

283 385 508 438 tationis
560 401 623 436 ac
671 380 1068 435 vicissitudinis
1119 400 1315 450 expers
1359 380 1649 451 habeatur,
1708 384 1758 436 ei
1806 383 1983 435 neuti-

285 475 449 525 quam
497 461 764 525 perpetua
818 461 874 505 et
911 453 1262 506 immutabilis
1300 452 1417 505 fore
1457 452 1688 507 videtur.
1763 453 1984 506 Etenim

285 527 439 580 fatali
491 524 725 595 quadam
772 525 893 595 lege
932 531 1253 576 eventurum
1304 524 1630 592 arbitratur,
1684 533 1745 578 ut
1792 531 1986 577 exacto

287 606 439 651 certo
481 596 717 667 quodam
768 615 1033 648 annorum
1070 614 1295 647 numero
1331 595 1570 649 civitatis
1611 597 1890 666 principes
1930 596 1988 647 in

284 669 572 722 iuvenibus
613 675 668 720 et
704 668 899 738 puellis
939 666 1009 718 ad
1049 666 1293 719 sobolem
1318 667 1708 737 procreandam
1747 667 1988 738 deligen-

287 740 371 794 dis
422 747 680 811 peccent,
735 738 881 791 unde
932 738 1254 790 deteriorem
1313 739 1631 807 parentibus
1671 739 1990 810 progeniem

288 831 407 865 esse
444 810 796 883 prodituram.
873 810 960 862 Ita
997 809 1282 879 paullatim
1319 809 1522 862 factum
1558 808 1652 878 iri,
1704 819 1766 863 ut
1802 809 1990 881 negle-

288 886 388 937 ctis
437 883 681 954 pristinis
732 882 1064 951 reipublicae
1130 880 1394 934 institutis
1443 882 1665 953 ingenia
1715 901 1778 934 ac
1814 898 1991 933 mores

290 956 490 1008 civium
539 953 907 1025 depraventur
961 961 1125 1022 atque
1163 952 1391 1004 avaritia
1429 961 1482 1005 et
1521 954 1663 1005 mala
1699 953 1990 1005 ambitione

291 1034 725 1095 corrumpantur.
816 1025 1011 1094 Itaque
1061 1024 1457 1076 aristocratiam
1506 1025 1741 1093 primum
1795 1023 1992 1075 mutari

291 1104 480 1151 censet
529 1098 585 1149 in
634 1096 1138 1163 timocratiam,
1191 1095 1368 1164 qualis
1421 1095 1493 1148 sit
1540 1096 1596 1148 in
1648 1094 1993 1148 Cretensium

292 1179 346 1221 et
402 1168 958 1221 Lacedaemoniorum
996 1165 1313 1236 republica
1364 1166 1548 1220 Huius
1599 1166 1797 1219 deinde
1835 1183 1995 1218 caus-

295 1261 427 1308 sam,
471 1241 733 1309 originem
774 1246 829 1291 et
877 1247 1126 1292 naturam
1163 1238 1437 1307 copiosius
1479 1237 1739 1291 describit
1775 1258 1828 1308 p.
1870 1239 1993 1289 545.

293 1312 357 1364 Β.
398 1343 465 1350 -
505 1313 624 1363 548.
666 1311 737 1363 Ι).
788 1309 942 1376 ·Q,ua
990 1309 1359 1379 descriptione
1398 1309 1640 1362 exhibita
1680 1308 1728 1362 ei
1766 1308 1994 1361 similem

294 1401 414 1434 esse
465 1382 627 1435 docet
678 1382 949 1434 hominem
1001 1381 1473 1447 ambitiosum,
1526 1381 1681 1434 cuius
1719 1379 1993 1447 educatio,

293 1454 571 1524 ingenium
622 1467 676 1505 et
724 1472 901 1505 mores
952 1472 1004 1522 p.
1044 1453 1167 1506 548.
1206 1452 1276 1503 D.
1315 1484 1383 1491 -—
1435 1453 1554 1504 550.
1596 1451 1662 1503 B.
1703 1451 1996 1521 elegantis-

295 1526 428 1578 sime
493 1525 876 1596 depinguntur.
980 1524 1084 1576 His
1160 1522 1442 1594 explicatis
1514 1523 1997 1576 timocratiam

296 1596 536 1650 ostendit
576 1597 841 1668 gliscente
880 1596 1106 1648 avaritia
1147 1602 1311 1663 atque
1350 1594 1661 1647 divitiarum
1698 1593 1998 1664 cupiditate

296 1669 496 1722 sensim
546 1667 876 1739 degenerare
928 1667 985 1719 in
1039 1665 1524 1737 oligarchiam.
1601 1664 1877 1733 Quocirca
1898 1665 2000 1718 hu-

295 1741 380 1793 ius
423 1739 682 1810 deinceps
722 1739 961 1792 rationes
1012 1745 1265 1790 accurate
1305 1745 1682 1807 exponuntur,
1744 1736 1997 1789 docetur-

299 1831 403 1880 que
451 1812 506 1865 in
555 1812 652 1864 tali
702 1810 925 1863 civitate
985 1829 1208 1862 munera
1253 1810 1474 1879 publica
1529 1817 1584 1861 et
1647 1808 1999 1877 magistratus

297 1903 395 1952 pro
449 1902 646 1936 census
691 1901 964 1952 opumque
1017 1879 1391 1951 magnitudine
1446 1879 1718 1944 distribui,
1761 1879 1997 1932 exclusis

298 1956 365 2007 iis
416 1955 698 2017 omnibus,
766 1955 859 2022 qui
908 1954 964 2004 in
1018 1972 1074 2005 re
1125 1953 1373 2004 tenuiore
1423 1951 1707 2004 constituti
1754 1951 1889 2002 sint:
1945 1970 1999 2019 p.

299 2027 420 2080 550.
460 2025 523 2080 C.
563 2058 631 2064 —
673 2025 791 2078 553.
831 2027 901 2078 A.
990 2024 1063 2076 Et
1100 2023 1226 2075 huic
1265 2022 1482 2091 quidem
1522 2022 1759 2075 civitatis
1797 2023 2002 2074 formae

302 2097 498 2150 deinde
539 2102 820 2167 comparat
857 2095 1092 2148 hominis
1129 2095 1318 2147 avari
1357 2094 1651 2165 ingenium,
1693 2093 1841 2161 quod
1881 2093 2002 2161 qui-

301 2170 402 2222 bus
463 2167 965 2239 opportunitatibus
1027 2167 1290 2219 formetur
1352 2173 1405 2218 et
1464 2166 1520 2218 in
1580 2165 1776 2234 quibus
1838 2166 2002 2217 rebus

301 2240 534 2292 maxime
574 2247 846 2305 cernatur,
888 2239 1166 2308 eleganter
1204 2238 1551 2307 persequitur
1587 2258 1640 2308 p.
1680 2239 1798 2289 553.
1826 2238 1894 2291 A.
1932 2267 2001 2274 —-

302 2314 423 2365 555.
464 2313 534 2364 A.
611 2311 698 2362 Ex
736 2308 1054 2380 oligarchia,
1096 2311 1154 2361 in
1193 2328 1300 2378 qua
1337 2317 1448 2362 n'on
1486 2308 1704 2374 virtuti,
1746 2307 1845 2360 sed
1884 2307 2001 2377 opi-

302 2385 406 2436 bus
458 2382 528 2434 ad
567 2382 808 2437 -honores
859 2381 950 2434 via
989 2381 1061 2433 sit
1097 2381 1404 2451 patefacta,
1446 2380 1574 2432 oriri
1611 2378 1853 2433 ostendit
1889 2378 2003 2431 de-

305 2453 728 2508 mocratiam.
825 2452 1044 2504 Etenim
1092 2452 1338 2523 plurimis
1391 2452 1602 2505 civibus
1654 2470 1752 2521 per
1800 2469 2003 2522 pauco-

303 2547 422 2579 rum
470 2525 753 2578 avaritiam
802 2523 872 2576 ad
920 2524 1162 2594 inopiam
1210 2523 1445 2583 redactis
1494 2522 1609 2575 fieri
1659 2542 1769 2575 non
1819 2540 2002 2593 posse,

307 2599 438 2667 quin
477 2597 792 2650 exoriantur
829 2596 923 2664 qui
955 2596 1132 2662 furtis,
1168 2595 1487 2662 latrociniiS,
1528 2594 1846 2663 sacrilegiiS,
1884 2593 2004 2645 aliis

307 2668 603 2723 sceleribus
658 2685 875 2738 operam
916 2674 1142 2719 navent:
1179 2665 1291 2719 'hos
1326 2665 1548 2719 tandem
1586 2667 1835 2719 fortunae
1874 2683 2004 2717 suae

306 2748 587 2812 pertaesos
626 2738 970 2792 multitudine
1010 2737 1081 2790 ad
1117 2737 1441 2791 seditionem
1480 2738 1775 2790 sollicitata
1833 2734 2004 2788 domi-

306 2831 408 2865 nos
457 2811 671 2880 imperii
706 2810 792 2863 vel
831 2828 1027 2862 necare
1061 2809 1149 2862 vel
1185 2810 1240 2861 in
1281 2810 1526 2862 exsilium
1579 2808 1802 2873 eiicere,
1842 2813 2005 2875 atque

309 2883 697 2952 rempublicam
742 2882 884 2934 inter
932 2900 989 2934 se
1034 2881 1110 2932 ita
1149 2881 1367 2950 partiri,
1419 2889 1480 2933 ut
1527 2878 1727 2932 nemini
1776 2897 1884 2929 non
1935 2876 2005 2928 ad

309 2955 727 3025 magistratuum
752 2952 1071 3023 dignitatem
1106 2953 1387 3023 pervenire
1425 2952 1600 3004 liceat.
1675 2948 2005 3002 Huiusmodi

313 3026 521 3077 civitati
541 3024 677 3076 illud
703 3025 933 3076 maxime
961 3024 1244 3094 proprium
1274 3042 1394 3077 esse
1413 3023 1506 3088 ait,
1529 3030 1591 3074 ut
1618 3039 1823 3075 summa
1843 3021 2006 3073 liber-

311 3105 394 3149 tas
434 3097 500 3149 ab
538 3096 788 3149 omnibus
815 3103 1118 3166 expetatur,
1174 3113 1421 3166 quaeque
1457 3113 1488 3144 a
1524 3091 1840 3164 petulantia,
1879 3112 2006 3162 pro-

310 3167 583 3233 tervitate,
635 3168 899 3219 scelerum
931 3167 1164 3233 denique
1187 3167 1529 3236 impunitate,
1569 3165 1786 3216 minime
1811 3163 2007 3216 abhor—

313 3245 442 3290 reat.
485 3237 700 3304 Quibus
727 3239 1012 3308 explicatis
1040 3257 1095 3306 p.
1124 3242 1241 3292 555.
1275 3238 1341 3289 Β.
1381 3268 1426 3274 -
1452 3238 1571 3289 558.
1618 3234 1703 3301 C.,
1730 3235 2007 3288 democra-

313 3309 420 3360 tiae
443 3330 665 3379 prorsus
694 3310 1022 3381 respondere
1065 3310 1399 3363 demonstrat
1415 3307 1647 3361 hominis
1671 3307 1927 3374 intemp
1945 3324 2007 3356 e-

316 3381 536 3435 rantis
575 3383 871 3451 ingenium,
912 3383 1003 3450 qui
1042 3382 1290 3451 deposito
1334 3380 1632 3433 honestatis
1673 3397 1852 3431 amore
1891 3376 2008 3444 qui-
