2106 3594
307 159 684 214 LXXXVIII

305 302 430 356 dum
483 302 551 355 ad
592 303 795 354 exitum
845 299 1129 371 perducto
1157 321 1267 355 rem
1318 303 1657 373 periculosae
1695 303 1842 357 aleae
1883 305 1994 376 ple-

303 393 428 427 nam
486 380 842 443 suscepturus
897 381 951 424 et
1002 388 1100 443 p'er
1136 373 1291 447 ignes
1329 375 1497 427 cineri
1546 374 1738 432 doloso
1793 394 1856 428 su
1901 395 1998 448 po-v

302 445 438 498 sitos
486 445 798 497 incessurus
835 443 1002 497 fuisse
1044 443 1214 497 videri
1253 444 1498 511 debeat}
1535 453 1717 499 tamen
1754 465 1829 499 ne*
1900 466 1997 500 aec

301 514 519 585 quidem
568 515 708 568 ratio
757 514 868 567 ullo
919 514 1083 568 modo
1133 517 1431 586 probabilis
1481 517 1840 585 iudicabitur,
1902 519 1997 571 ubi

297 586 582 640 nobiseum
631 585 923 655 diligenter
975 588 1435 657 reputaverimUS‚
1491 606 1756 659 quaenam
1807 587 1999 643 neces·

297 655 480 710 situdo
529 665 970 730 argumentorum
1018 658 1160 710 inter
1211 658 1620 729 Rempublicam
1659 661 2000 714 Platonis-et

298 728 686 799 Xenophontis
718 727 867 800 Cyro
911 728 1121 782 aediam
1160 729 1480 783 intercedat.
1536 731 1805 785 -Tantum
1842 733 2000 787 abest

297 800 460 868 enim,
501 808 562 853 ut
598 749 945 871 Cyropaedia
979 800 1187 869 aliquid
1226 802 1522 870 contineat,
1563 802 1712 871 quod
1751 804 1997 858 Platonis

296 870 537 925 decretis
579 871 858 925 inimicum
905 871 977 925 sit
1022 879 1117 925 aut
1156 872 1582 942 adversarium.,¹
1611 881 1684 926 >ut
1733 874 1996 943 quodam·
2066 926 2075 934 ,

293 940 457 996 modo
493 943 780 997 confirmet
817 943 1142 996 sententiam
1182 944 1603 1014 Platonisfqua
1642 946 1879 1015 optimae
1921 947 1996 1000 ci-

296 1015 480 1068 vitatis
525 1023 729 1069 statum·
779 1015 1033 1068 facillime
1093 1034 1125 1067 a
1168 1035 1302 1087 rege
1365 1015 1550 1084 aliquo
1616 1034 1792 1086 eoque
1860 1017 1998 1072 bene

293 1094 505 1141 morato
543 1085 614 1139 ad
661 1085 914 1140 effectum
965 1085 1286 1156 perductum
1324 1086 1389 1139 iri
1427 1087 1638 1140 statuit.
1709 1087 1832 1141 Nec
1867 1106 1998 1143 vero

294 1158 350 1210 in
389 1158 640 1230 singulis
675 1157 799 1211 libr-i
853 1157 1251 1229 Xenophontei
1286 1158 1423 1212 locis
1458 1157 1755 1228 quidquam
1792 1161 2001 1231 reperi-

293 1236 402 1297 tur,
443 1228 878 1299 quodssadaeopus
920 1229 1269 1283 Platonicum
1304 1231 1586 1283 refer-atur.
1663 1231 1809 1285 Nam
1848 1231 1997 1301 qnod

290 1300 412 1354 loco
465 1299 846 1374 Cyropaediae
899 1301 1051 1354 Libr.
1105 1301 1207 1355 VI..
1271 1304 1325 1369 1,
1385 1305 1472 1355 41.
1521 1301 1676 1373 tangi
1735 1309 2003 1373 putarunt

236 1396 247 1403 ·
289 1372 539 1427 Platonis
602 1372 930 1426 sententiam
990 1371 1059 1424 de
1128 1371 1342 1426 duabus
1413 1372 1582 1426 animi
1639 1373 1997 1433 facultatibus

287 1444 426 1498 libro
478 1452 677 1513 quarto
717 1444 875 1514 Reip.
925 1463 976 1514 p.
1013 1445 1150 1498 436.
1194 1442 1356 1513 A.'p.
1381 1446 1521 1502 Ι439.
1556 1444 1628 1498 O.
1671 1442 1992 1516 expositam,

290 1534 399 1570 non
433 1515 692 1569 vid-erunt
739 1515 1044 1568 doctrinam
1096 1515 1344 1568 Platonis
1396 1516 1474 1569 ibi
1512 1514 1784 1586 proditam
1819 1517 1993 1571 multo

287 1605 422 1642 essevv
455 1596 512 1641 et
544 1587 902 1647 subtiliorem
958 1595 1012 1639 et
1066 1585 1413 1657 ampliorem,
1452 1599 1614 1656 quam
1650 1587 1997 1660 Xenophon-

286 1667 442 1712 team?
477 1659 966 1728 rationem‚··quae
1022 1657 1203 1730 potius
1243 1677 1416 1728 prope
1454 1657 1672 1717 accedit
1709 1656 1780 1711 ad
1816 1661 1993 1730 popu—

287 1729 457 1784 larem
488 1731 849 1802 opinionem,
905 1744 1078 1799 quam*
1114 1729 1235 1801 ipse
1263 1729 1444 1802 Plato·
1498 1748 1734 1800 quoque
1769 1739 1992 1785 secutus

287 1809 371 1856 est
420 1801 657 1856 Phaedr.
708 1823 762 1873 p.
804 1803 924 1855 ⁶237.
974 1800 1047 1853 D.
1085 1800 1160 1860 E„
1203 1808 1258 1853 et
1310 1800 1487 1873 Legg.
1516 1801 1614 1854 X
1655 1821 1711 1873 p.
1750 1802 1990 1856 offis-D.

284 1873 352 1928 E.
401 1873 562 1927 Haec>
602 1879 786 1928 autem
825 1892 992 1942 quum
1023 1872 1103 1924 ita
1139 1871 1544 1926 sese-habeant
1569 1871 1837 1942 liq'uidum
1874 1872 1992 1941 fore

285 1942 604 2015 speramus‘,
677 1944 845 1998 Gellii
895 1943 1200 1997 narrationi
1252 1961 1354 1997 nec
1400 1943 1473 1997 'in
1523 1963 1587 1997 eo
1609 1942 1614 1949 ’
1636 1942 1803 1998 fidem
1850 1963 1990 1999 esse

283 2015 647 2083 tribuendam,
686 2015 837 2086 quod
865 2014 985 2069 duo
1015 2013 1416 2068 <libri<=Politiae
1457 2015 1760 2069 seiuncti-:a
1794 2016 1990 2070 ceteris

283 2087 541 2142 dicuntur
576 2087 808 2160 primum
845 2088 902 2141 in
938 2086 1115 2140 lucem
1153 2085 1426 2158 publicam
1465 2086 1648 2140 emissi
1686 2088 1990 2142 et'tantum

281 2179 391 2214 non
428 2158 1061 2231 praepostere-protrusi
1112 2172 1249 2212 esse.
1325 2158 1620 2228 Reliquum
1665 2158 1846 2231 igitur·
1885 2167 1987 2227 est,

281 2239 345 2285 ut
390 2232 592 2285 fontem
631 2231 859 2286 ⁴fabulae
906 2228 1231 2302 indagemus
1253 2271 1269 2299 ‚
1328 2229 1695 2300 quo-'detecto
1733 2229 1987 2302 denique

281 2303 457 2357 omnis
508 2303 666 2357 villius
733 2302 1031 2356 auctoritas
1090 2310 1311 2355 corruat
1333 2299 1530 2384 ‹fplane
1597 2318 1834 2356 necesse·
1870 2311 1985 2356 est.

279 2374 429 2428 Eum,
465 2382 646 2428 autem
685 2374 934 2428 videmur
982 2372 1116 2427 satis
1155 2370 1513 2443 probabiliter
1548 2372 1984 2444 investigavisse.

280 2445 506 2518 Quippe
557 2446 881 2518 pervulgata
926 2445 1028 2498 fuit
1050 2444 1235 2497 ›fama'
1273 2442 1340 2497 de
1388 2444 1639 2498 Platonis
1683 2453 1747 2497 -et
1793 2445 1985 2511 Xeno·-

278 2517 500 2589 phontis
524 2517 822 2585 simultate,
853 2537 886 2570 a
924 2515 1307 2586 Peripateticis
1333 2513 1600 2586 imprimis
1640 2515 1835 2570 sed-ulo
1861 2527 1987 2588 pro-⁶

277 2597 481 2661 pagata
519 2590 585 2659 *).
673 2587 856 2656 Quum
894 2587 1062 2658 igitur
1099 2594 1328 2657 uterque
1359 2587 1986 2658 vscriptor»ampliusde

277 2661 440 2715 rebus
492 2659 930 2732 civilibusfopus
981 2659 1414 2730 composuisset,
1455 2658 1591 2712 haec
1615 2655 1752 2730 ipsa
1787 2678 1877 2713 res
1915 2659 1984 2712 ad

277 2733 448 2786 malas
497 2732 842 2802 suspiciones
905 2730 972 2783 de
1028 2746 1214 2783 eorum
1266 2729 1922 2787 aemulatione-alendas
1953 2751 1985 2784 a

279 2803 531 2875 malignis
559 2801 1067 2857 calumniatoribus
1119 2808 1589 2871 temerewarrepta
1639 2808 1740 2853 est.
1838 2801 1984 2855 Nar·

279 2880 453 2926 ratum
503 2881 586 2927 est
623 2874 791 2945 igitur
826 2881 882 2927 et
917 2893 1018 2944 pro
1057 2880 1209 2926 certo
1250 2871 1591 2926 venditatum
1640 2871 1983 2943 Xenophon-⁸

283 2955 393 2997 tem
446 2943 850 3016 Cyropaediam
904 2964 1058 3003 suam
1123 2945 1276 3016 operi
1336 2942 1586 2996 Platonis
1638 2945 1979 3014 opposuisse.

281 3014 393 3070 Sed
443 3032 610 3083 quum
661 3023 806 3069 esset
856 3016 1042 3069 nescio
1094 3034 1202 3084 quo
1261 3013 1423 3068 modo
1493 3013 1800 3068 coniectum
1864 3014 1980 3068 Xe-

280 3085 583 3156 nophontis
626 3103 765 3156 opus
807 3087 974 3141 fuisse
1015 3087 1166 3158 prius
1203 3105 1366 3154 quam
1403 3084 1814 3156 Rempublicam
1858 3085 1980 3140 Pla-

359 3326 412 3378 Ρ)
460 3328 515 3366 V.
570 3327 612 3367 J.
653 3327 892 3368 Luzacii
946 3330 1086 3372 Lecta
1122 3331 1255 3370 Attio.
1305 3330 1418 3370 Soet.
1472 3329 1531 3370 ΙΙ.
1585 3330 1621 3381 ξ.
1677 3328 1715 3371 3.
1780 3329 1845 3371 17.
1907 3330 1975 3372 20.

450 3385 690 3426 Bomekh.
754 3386 821 3426 De
854 3387 1060 3428 simultat.
1092 3400 1133 3439 p,
1166 3386 1205 3429 4.
1244 3400 1308 3439 sq.
1709 3397 1711 3402 ⁴

2095 3183 2106 3488 ἒ
