2124 3744
181 676 211 726 [Ο

295 195 386 243 154
922 175 1399 244 PLA'TONIS

284 342 457 395 σθαι,
517 341 574 388 ὲν
633 326 674 402 ᾧ
740 338 852 389 ἐστι
895 335 955 389 τὸ
1005 336 1503 406 εὐδαιμονέστατον
1561 338 1658 390 τοῦ
1705 332 1893 398 ὄντος,
1953 337 1981 388 ὁ

284 427 364 474 δεῖ
409 416 588 485 αὐτὴν
633 424 798 472 παντὶ
851 419 1038 490 τρόπῳ
1085 424 1234 476 ἰδεῖν.
1321 419 1564 491 Ὀρθῶς,
1621 424 1754 493 ἔφη,
1799 423 1983 489 λὲγεις.

290 503 508 559 Οὐκοῦν
552 509 597 557 εὶ
637 507 736 572 μὲν
782 503 978 558 οὐσίαν
1021 502 1320 573 ἀναγκάζει
1376 504 1736 567 θεάσασθαι,
1782 505 1985 574 προςή-

286 611 395 653 κει,
440 595 484 642 εὶ
528 590 584 656 δὲ
630 595 864 655 γένεσιν,
907 588 973 642 οὐ
1020 589 1295 661 προςήκει.
1389 593 1583 660 Φαμὲν
1626 612 1682 656 γε
1729 587 1813 654 δή.
1907 588 1984 642 Οὐ

285 678 476 727 τοίνυν
521 674 687 725 τοῦτο’
738 695 827 739 γε,
876 665 944 738 ἦν
989 674 1036 726 δ’
1092 673 1222 739 ἐγώ,
1279 671 1796 746 ἀμφιςβι]τήσουσιν
1851 671 1984 743 ἡμῖν

285 755 411 812 ὅσοι
468 760 558 818 καὶ
614 755 814 825 σμικροὶ
872 763 1200 826 γεωμετρίας
1255 762 1530 828 ἔμπειροι,
1605 756 1694 812 ὅτι
1750 754 1982 824 aistis-1⁸2

285 843 556 909 ἐπιστήμη
617 845 732 895 παν
790 840 1125 896 τούναντίον
1182 848 1284 911 ἔχει
1331 854 1447 907 τοῖς·
1495 851 1553 898 ὲν
1610 842 1754 918 αὐτῇ
1799 842 1988 909 λόγοις

284 932 596 995 λεγομένοις
651 925 760 980 ὑπὸ
820 928 930 979 τῶν
986 929 1520 997 μεταχειριζομένων.
1618 931 1785 996 Πῶς-ς
1860 933 2007 1000 ἔφη.Ι

283 1016 526 1081 Λέγουσι
581 1018 679 1078 μέν
735 1031 843 1064 που
904 1010 1057 1080 μα’λα
1120 1015 1344 1079 γελοίως
1405 1034 1460 1066 τε
1504 1016 1595 1067 καὶ
1640 1012 1983 1079 ἀναγκαίως·

286 1096 359 1159 ὡς
413 1094 521 1165 γὰρ
574 1094 914 1164 πράττοντές
969 1117 1026 1150 τε
1081 1099 1172 1151 καὶ
1229 1095 1476 1167 πράξεως
1540 1103 1696 1151 ἕνεκα
1769 1096 1989 1158 πάντας

286 1178 661 1247 τοὺς“λόγους
709 1179 1037 1248 ποιούμενοι
1080 1185 1294 1251 λέγουσι
1342 1183 1750 1252 τετραγωνίζειν
1795 1201 1852 1235 τε
1897 1184 1989 1233 καὶ

287 1270 639 1335 παρατείνειν
681 1268 772 1318 καὶ
818 1269 1188 1334 προςτιθέναι
1244 1268 1336 1319 καὶ
1381 1266 1570 1320 πάντα
1615 1264 1758 1321 οὕτω
1804 1269 1990 1339 φθεγ-

291 1462 453 1500 τείνειν.
486 1471 525 1500 v.
559 1460 654 1501 libr.
688 1460 744 1501 V.
775 1474 816 1514 p.
849 1459 951 1504 472.
981 1458 1036 1499 D.
1067 1457 1162 1499 Vll.
1197 1471 1238 1511 p.
1269 1457 1368 1500 523.
1402 1458 1451 1501 C.
1483 1472 1523 1511 p.
1555 1458 1653 1502 524.
1687 1459 1735 1501 C.
1769 1459 1823 1498 ai-

291 1511 346 1560 οὗ
378 1517 446 1558 δεῖ
474 1521 564 1558 Par.
599 1520 657 1560 A.
691 1523 734 1559 et
765 1532 786 1559 a
820 1531 884 1570 pr.
917 1530 974 1559 m.
1006 1510 1061 1556 οὐ
1092 1512 1166 1558 δεῖ.
1206 1517 1330 1556 male.

405 1577 456 1617 P.
493 1575 593 1619 527.
670 1577 717 1618 n.
788 1570 863 1616 Ὡς
903 1574 1000 1615 τοῦ
1036 1568 1114 1614 αἐὶ
1160 1569 1349 1626 ὄντος]
1392 1573 1702 1627 Interpositum
1743 1572 1872 1624 vulgo
1916 1572 1990 1625 τῆς

288 1639 390 1689 post
421 1630 480 1675 ὥς
511 1647 598 1677 om.
628 1634 729 1675 Par.
765 1634 914 1675 ΑΒΚ.
955 1633 1047 1675 Vat.
1086 1629 1133 1675 Θ.
1169 1631 1273 1674 Ven.
1310 1631 1370 1674 ΙΙ.
1406 1631 1522 1672 Μοιι.
1559 1637 1667 1685 Ang.
1707 1631 1797 1672 Vnt.
1821 1642 1852 1672 r.
1887 1630 1991 1670 Flo-

289 1693 440 1735 rentini
473 1705 552 1734 sex
584 1698 628 1732 et
661 1706 724 1746 pr.
758 1694 867 1734 Ven.
903 1690 950 1734 Ξ.
1016 1690 1184 1732 Delevit
1225 1691 1356 1731 etiam
1402 1689 1588 1733 Bekker.
1649 1689 1822 1747 Deinde
1864 1690 1992 1740 vulgo

290 1758 382 1793 erat
415 1751 494 1791 τοῦ
526 1749 628 1790 ποτέ
662 1766 695 1791 τι
728 1749 1000 1804 γιγνομένου.
1044 1749 1144 1791 Om.
1178 1762 1212 1787 τι
1245 1747 1363 1790 Flor.
1397 1761 1433 1788 a.
1469 1761 1505 1788 c.
1538 1761 1578 1788 x.
1613 1761 1652 1788 α.
1687 1747 1840 1799 Angel.
1901 1745 1989 1786 Sed

291 1823 326 1849 τι
371 1815 441 1850 est
479 1810 660 1862 aliqua
701 1811 931 1850 ratione.
996 1806 1178 1847 Fallitur
1218 1806 1328 1847 enim
1363 1804 1617 1847 Schneider.
1655 1805 1726 1857 qui
1755 1803 1988 1857 genitivum

290 1875 335 1909 et
365 1868 672 1910 nominativum
708 1868 920 1927 sociatum
958 1869 1096 1918 putat.

404 1919 867 1979 Εὓομολόγητον,
909 1922 1058 1975 ἔφη’]
1099 1921 1198 1964 Par.
1232 1923 1288 1962 A.
1326 1913 1377 1961 εὖ
1407 1917 1753 1973 διομολογητέον.
1797 1918 1914 1962 Flor.
1949 1933 1988 1961 a.

292 1998 330 2026 c.
364 1997 406 2027 x.
438 1998 477 2028 α.
513 1989 620 2037 Ang.
652 1980 1020 2037 Διομολογητέον.

1886 1457 1926 1499 Μ
1934 1470 1990 1498 ox

245 2162 247 2164 ,
291 2125 537 2179 proeliis
570 2130 677 2166 tum
711 2127 758 2166 in
783 2124 1097 2166 itineribus.

292 2184 513 2237 Scriptum
552 2185 704 2225 vellem
730 2184 798 2224 καὶ
822 2182 868 2224 ἐν
888 2186 1097 2235 πορείαις.

292 2242 524 2292 Proxima,
559 2239 760 2295 διαφέροι
793 2237 848 2282 ἄν
878 2236 1015 2282 αὐτός
1043 2265 1099 2270 —-

292 2296 348 2353 μὴ
394 2297 475 2348 ὥν,
517 2304 626 2342 Ast.
681 2305 800 2342 recte
837 2301 1108 2352 interpreta-·

293 2365 365 2399 tur
405 2357 486 2398 hoc
526 2357 682 2399 modo:
733 2359 814 2399 vel
856 2358 1100 2411 optimus

294 2417 430 2465 erit,
467 2416 508 2456 si
541 2423 827 2468 geometra
871 2421 980 2467 est,
1016 2417 1097 2456 vel

294 2473 710 2522 rudissimus,si
743 2474 1102 2528 geometriae

296 2532 608 2584 imperitus.

355 2589 407 2631 E.
469 2588 518 2630 εἰ
553 2587 606 2630 δὲ
644 2588 886 2643 γένεσιν]
935 2589 1104 2631 Γένεσιε

295 2648 497 2690 tribuitur
536 2649 669 2689 rebus
719 2649 919 2689 sensibus
959 2649 1102 2689 subie-

297 2708 398 2756 ctis,
430 2706 592 2759 quippe
623 2718 733 2759 quae
771 2710 979 2760 perpetua
1011 2706 1102 2758 agi-

297 2765 463 2806 tatione
494 2765 772 2812 fluctuentur,
810 2764 994 2816 ideoque
1028 2777 1103 2804 ve-

296 2835 344 2863 ra
392 2816 524 2877 οὐσίᾳ
576 2827 777 2877 careant3
826 2835 866 2864 v.
914 2835 955 2876 p.
1001 2821 1102 2866 525.

300 2880 349 2923 B.
383 2893 476 2932 sqq.

362 2938 412 2981 P.
451 2937 551 2981 527.

303 2993 476 3049 στήμη
521 3009 563 3035 π.
599 3010 633 3035 τ.
673 2995 808 3050 ἔχει]
875 2994 1102 3046 Videlicet,

300 3055 335 3094 si
376 3056 474 3094 talis
514 3058 609 3104 est,
659 3055 833 3107 qualem
886 3065 966 3093 nos
1006 3066 1104 3094 esse

300 3113 524 3163 volumus,
568 3117 616 3153 ut
648 3117 779 3164 cogat
812 3111 1000 3152 animum
1034 3124 1102 3152 re-

301 3181 394 3209 rum
441 3165 597 3210 οὐσίαν
636 3169 808 3213 intueri.
878 3168 1106 3222 vituperat

300 3239 404 3267 vero
458 3226 742 3280 philosophus
786 3227 945 3267 aetatis
1000 3239 1105 3266 snae

301 3289 575 3337 geometras,
614 3285 686 3336 qui
728 3283 993 3326 sublimioris
1038 3297 1104 3324 sa-

301 3342 487 3396 pientiae
525 3342 804 3383 immemores
841 3341 948 3382 lianc
979 3340 1105 3383 disci-

304 3399 465 3453 plinam
504 3398 566 3440 ita
598 3400 768 3440 soleant
807 3403 1020 3449 tractare,
1058 3404 1107 3439 ut

304 3456 447 3499 omnia
461 3455 514 3498 ad
526 3456 833 3511 experientiam
851 3462 1028 3498 etusum
1043 3457 1104 3498 vi-

620 2933 703 2977 ὅτι
756 2934 888 2990 αὕτη
931 2932 958 2990 η’
998 2934 1103 2977 ἐπι-

1186 2129 1259 2165 tae
1284 2122 1492 2165 referant.
1517 2143 1562 2150 --
1601 2115 1670 2159 ὥς
1700 2114 1798 2171 γὰρ
1833 2116 1989 2171 πράτ-

1188 2180 1377 2222 τοντές
1430 2195 1484 2221 τε
1529 2178 1612 2219 καὶ
1665 2172 1917 2230 πράξεως
1955 2190 1991 2228 χ.

1187 2253 1224 2280 κ.
1258 2254 1291 2279 τ.
1324 2240 1373 2287 λ,
1407 2239 1432 2279 ἱ.
1466 2253 1523 2290 e.‚
1558 2240 1606 2277 ut
1637 2236 1780 2291 paullo
1815 2234 1991 2275 liberius

1187 2297 1452 2351 exprimam,
1513 2306 1628 2336 nam
1684 2297 1990 2344 tanquam

1187 2361 1417 2408 agentes
1450 2359 1499 2395 et
1531 2351 1779 2393 actionis
1800 2351 1991 2403 gratia

1187 2413 1354 2455 verba
1385 2412 1682 2454 facientes
1721 2408 1993 2449 vocabula

1187 2470 1496 2525 quadrandi
1547 2473 1603 2511 et
1644 2465 1992 2521 producendi

1190 2537 1242 2570 et
1281 2527 1546 2583 addendi,
1588 2530 1641 2567 et
1679 2524 1787 2565 alia
1820 2524 1990 2565 omnia

1190 2587 1483 2638 similiter,
1515 2585 1796 2638 usurpant
1824 2586 1992 2635 atque

1191 2649 1445 2699 crepant;
1483 2654 1643 2695 quum
1689 2645 1870 2681 tamen
1913 2647 1988 2680 to-

1191 2709 1242 2744 ta
1284 2702 1417 2745 llaec
1459 2698 1767 2753 disciplina
1809 2697 1990 2748 cogni·

1191 2762 1369 2803 tionis
1413 2759 1599 2813 gratia
1651 2757 1893 2802 colatur,
1941 2760 1992 2794 et

1190 2833 1214 2871 q
1231 2817 1320 2859 nid
1334 2829 1408 2860 em
1445 2818 1526 2857 τοῦ
1553 2811 1618 2856 ἀεὶ
1641 2811 1769 2854 ὄντος
1789 2809 1991 2865 γνώσεως

1191 2877 1327 2918 ἕνεκα.
1394 2876 1580 2916 Verbum
1615 2869 1894 2924 φθέγγεσθαι
1925 2869 1992 2909 bic

1189 2946 1362 2988 quoque
1398 2945 1485 2973 non
1519 2937 1586 2973 est
1619 2931 1646 2972 i.
1680 2942 1721 2981 q.
1764 2922 1988 2979 ὀνομάζειν

1189 2994 1256 3034 vel
1288 2990 1442 3044 λέγειν,
1473 2989 1551 3031 sed
1586 2987 1745 3030 retinet
1775 2987 1990 3027 notionem

1190 3049 1594 3099 sonandi‚->non
1653 3045 1744 3085 sine
1807 3045 1991 3097 eleganti

1190 3106 1374 3162 quadam
1421 3105 1641 3154 irrisione,
1691 3107 1739 3142 ut
1779 3102 1874 3144 libr.
1920 3101 1990 3146 Vl.

1191 3180 1232 3219 p.
1271 3164 1370 3208 505,
1411 3163 1462 3204 C.
1500 3161 1682 3202 Theaet.
1725 3173 1766 3212 p.
1800 3159 1899 3203 157.
1939 3159 1993 3201 B.

1190 3225 1249 3265 al.
1322 3221 1556 3262 Praeterea
1594 3223 1772 3259 notetur
1816 3220 1992 3270 elegans

1190 3277 1471 3333 amphibolia,
1505 3289 1618 3330 quae
1648 3276 1762 3317 inest
1793 3275 1832 3316 in
1864 3287 1992 3330 prae-

1190 3349 1345 3390 gresso
1404 3336 1480 3376 illo
1544 3330 1807 3387 ἀναγκαίως,
1873 3332 1990 3386 quod

1191 3406 1323 3448 quum
1345 3405 1457 3434 nunc
1488 3393 1700 3446 significet
1732 3392 1806 3432 ita
1839 3396 1894 3432 ut
1924 3390 1992 3429 vi-

1193 3460 1286 3494 tae
1317 3451 1766 3493 necessitatibus
1798 3460 1991 3489 consu-
