<?xml version="1.0" encoding="UTF-8"?>
<!DOCTYPE html PUBLIC "-//W3C//DTD XHTML 1.0 Transitional//EN"
    "http://www.w3.org/TR/xhtml1/DTD/xhtml1-transitional.dtd">
<html xmlns="http://www.w3.org/1999/xhtml" xml:lang="en" lang="en">
 <head>
  <title>
</title>
<meta http-equiv="Content-Type" content="text/html;charset=utf-8" />
  <meta name='ocr-system' content='tesseract 3.04.00' />
  <meta name='ocr-capabilities' content='ocr_page ocr_carea ocr_par ocr_line ocrx_word'/>
</head>
<body>
  <div class='ocr_page' id='page_1' title='image "./operaomniarecens03platuoft_0148.png"; bbox 0 0 2098 3658; ppageno 0'>
   <div class='ocr_carea' id='block_1_1' title="bbox 258 131 288 178">
    <p class='ocr_par' dir='ltr' id='par_1_1' title="bbox 258 131 288 178">
     <span class='ocr_line' id='line_1_1' title="bbox 258 131 288 178; baseline 0.067 -2"><span class='ocrx_word' id='word_1_1' title='bbox 258 131 288 178; x_wconf 76' lang='lat'><strong>65</strong></span> 
     </span>
    </p>
   </div>
   <div class='ocr_carea' id='block_1_2' title="bbox 255 267 1973 3119">
    <p class='ocr_par' dir='ltr' id='par_1_2' title="bbox 255 267 1973 3119">
     <span class='ocr_line' id='line_1_2' title="bbox 258 267 1950 340; baseline -0.001 -18"><span class='ocrx_word' id='word_1_2' title='bbox 258 269 499 322; x_wconf 87' lang='lat' dir='ltr'><strong>universi</strong></span> <span class='ocrx_word' id='word_1_3' title='bbox 547 268 724 338; x_wconf 83' lang='lat' dir='ltr'><strong>operis</strong></span> <span class='ocrx_word' id='word_1_4' title='bbox 773 269 1196 338; x_wconf 79' lang='lat' dir='ltr'>praefationem,</span> <span class='ocrx_word' id='word_1_5' title='bbox 1243 289 1381 340; x_wconf 88' lang='lat' dir='ltr'><strong>quae</strong></span> <span class='ocrx_word' id='word_1_6' title='bbox 1431 270 1480 322; x_wconf 91' lang='lat' dir='ltr'><strong>si</strong></span> <span class='ocrx_word' id='word_1_7' title='bbox 1528 267 1950 335; x_wconf 70' lang='lat' dir='ltr'><strong>desideraretur,</strong></span> 
     </span>
     <span class='ocr_line' id='line_1_3' title="bbox 257 338 1954 412; baseline -0.001 -19"><span class='ocrx_word' id='word_1_8' title='bbox 257 340 525 409; x_wconf 89' lang='lat' dir='ltr'><strong>reliquum</strong></span> <span class='ocrx_word' id='word_1_9' title='bbox 574 357 715 408; x_wconf 90' lang='lat' dir='ltr'><strong>opus</strong></span> <span class='ocrx_word' id='word_1_10' title='bbox 751 357 1010 408; x_wconf 85' lang='lat' dir='ltr'><strong>quorsum</strong></span> <span class='ocrx_word' id='word_1_11' title='bbox 1047 349 1323 412; x_wconf 77' lang='lat' dir='ltr'><strong>spectaret</strong></span> <span class='ocrx_word' id='word_1_12' title='bbox 1359 348 1455 393; x_wconf 89' lang='lat' dir='ltr'><strong>aut</strong></span> <span class='ocrx_word' id='word_1_13' title='bbox 1506 358 1615 408; x_wconf 88' lang='lat' dir='ltr'><strong>qua</strong></span> <span class='ocrx_word' id='word_1_14' title='bbox 1652 338 1719 391; x_wconf 90' lang='lat' dir='ltr'><strong>de</strong></span> <span class='ocrx_word' id='word_1_15' title='bbox 1759 357 1954 392; x_wconf 80' lang='lat' dir='ltr'><strong>caussa</strong></span> 
     </span>
     <span class='ocr_line' id='line_1_4' title="bbox 258 408 1959 482; baseline 0 -18"><span class='ocrx_word' id='word_1_16' title='bbox 258 418 404 464; x_wconf 89' lang='lat' dir='ltr'><strong>esset</strong></span> <span class='ocrx_word' id='word_1_17' title='bbox 441 408 740 478; x_wconf 82' lang='lat' dir='ltr'><strong>conditum,</strong></span> <span class='ocrx_word' id='word_1_18' title='bbox 766 410 858 463; x_wconf 84' lang='lat' dir='ltr'><strong>vix</strong></span> <span class='ocrx_word' id='word_1_19' title='bbox 895 411 1179 482; x_wconf 88' lang='lat' dir='ltr'><strong>suspicari,</strong></span> <span class='ocrx_word' id='word_1_20' title='bbox 1205 412 1408 466; x_wconf 90' lang='lat' dir='ltr'><strong>nedum</strong></span> <span class='ocrx_word' id='word_1_21' title='bbox 1436 411 1596 481; x_wconf 90' lang='lat' dir='ltr'><strong>plane</strong></span> <span class='ocrx_word' id='word_1_22' title='bbox 1627 410 1959 481; x_wconf 70' lang='lat' dir='ltr'><strong>intelligere,</strong></span> 
     </span>
     <span class='ocr_line' id='line_1_5' title="bbox 256 481 1952 550; baseline 0.001 -18"><span class='ocrx_word' id='word_1_23' title='bbox 256 482 462 547; x_wconf 86' lang='lat' dir='ltr'><strong>liceret,</strong></span> <span class='ocrx_word' id='word_1_24' title='bbox 477 489 539 533; x_wconf 92' lang='lat' dir='ltr'><strong>ut</strong></span> <span class='ocrx_word' id='word_1_25' title='bbox 561 481 711 533; x_wconf 90' lang='lat' dir='ltr'><strong>nullo</strong></span> <span class='ocrx_word' id='word_1_26' title='bbox 734 490 899 550; x_wconf 91' lang='lat' dir='ltr'><strong>pacto</strong></span> <span class='ocrx_word' id='word_1_27' title='bbox 924 484 1288 538; x_wconf 81' lang='lat' dir='ltr'><strong>assentiamur</strong></span> <span class='ocrx_word' id='word_1_28' title='bbox 1315 482 1377 536; x_wconf 87' lang='lat' dir='ltr'><strong>C.</strong></span> <span class='ocrx_word' id='word_1_29' title='bbox 1394 483 1440 535; x_wconf 79' lang='lat' dir='ltr'><strong>F</strong></span> <span class='ocrx_word' id='word_1_30' title='bbox 1460 503 1501 534; x_wconf 87' lang='lat' dir='ltr'><strong>r.</strong></span> <span class='ocrx_word' id='word_1_31' title='bbox 1517 482 1573 534; x_wconf 94' lang='lat' dir='ltr'>H</span> <span class='ocrx_word' id='word_1_32' title='bbox 1589 501 1616 534; x_wconf 91' lang='lat' dir='ltr'><strong>e</strong></span> <span class='ocrx_word' id='word_1_33' title='bbox 1635 501 1728 534; x_wconf 88' lang='lat' dir='ltr'><strong>rm</strong></span> <span class='ocrx_word' id='word_1_34' title='bbox 1743 500 1824 536; x_wconf 90' lang='lat' dir='ltr'><strong>an</strong></span> <span class='ocrx_word' id='word_1_35' title='bbox 1839 500 1952 548; x_wconf 87' lang='lat' dir='ltr'><strong>n0,</strong></span> 
     </span>
     <span class='ocr_line' id='line_1_6' title="bbox 259 550 1956 626; baseline 0 -22"><span class='ocrx_word' id='word_1_36' title='bbox 259 552 352 620; x_wconf 92' lang='lat' dir='ltr'><strong>qui</strong></span> <span class='ocrx_word' id='word_1_37' title='bbox 391 550 599 605; x_wconf 87' lang='lat' dir='ltr'><strong>Histor.</strong></span> <span class='ocrx_word' id='word_1_38' title='bbox 639 552 782 606; x_wconf 87' lang='lat' dir='ltr'><strong>Phil.</strong></span> <span class='ocrx_word' id='word_1_39' title='bbox 825 553 966 606; x_wconf 76' lang='lat' dir='ltr'><strong>Plat.</strong></span> <span class='ocrx_word' id='word_1_40' title='bbox 1005 554 1128 609; x_wconf 91' lang='lat' dir='ltr'><strong>Vol.</strong></span> <span class='ocrx_word' id='word_1_41' title='bbox 1170 555 1213 608; x_wconf 89' lang='grc' dir='ltr'><strong>Ι.</strong></span> <span class='ocrx_word' id='word_1_42' title='bbox 1252 576 1300 626; x_wconf 93' lang='lat' dir='ltr'><strong>p.</strong></span> <span class='ocrx_word' id='word_1_43' title='bbox 1344 555 1464 607; x_wconf 79' lang='lat'><strong>538.</strong></span> <span class='ocrx_word' id='word_1_44' title='bbox 1504 572 1621 622; x_wconf 90' lang='lat' dir='ltr'><strong>sqq.</strong></span> <span class='ocrx_word' id='word_1_45' title='bbox 1662 552 1807 605; x_wconf 88' lang='lat' dir='ltr'><strong>hunc</strong></span> <span class='ocrx_word' id='word_1_46' title='bbox 1846 553 1956 605; x_wconf 91' lang='lat' dir='ltr'><strong>Po-</strong></span> 
     </span>
     <span class='ocr_line' id='line_1_7' title="bbox 255 623 1959 695; baseline 0 -21"><span class='ocrx_word' id='word_1_47' title='bbox 255 623 403 675; x_wconf 88' lang='lat' dir='ltr'><strong>litiae</strong></span> <span class='ocrx_word' id='word_1_48' title='bbox 429 623 627 676; x_wconf 89' lang='lat' dir='ltr'><strong>librum</strong></span> <span class='ocrx_word' id='word_1_49' title='bbox 652 624 740 676; x_wconf 87' lang='lat' dir='ltr'><strong>vel</strong></span> <span class='ocrx_word' id='word_1_50' title='bbox 763 633 986 695; x_wconf 89' lang='lat' dir='ltr'><strong>propter</strong></span> <span class='ocrx_word' id='word_1_51' title='bbox 997 623 1335 680; x_wconf 80' lang='lat' dir='ltr'><strong>Socraticam</strong></span> <span class='ocrx_word' id='word_1_52' title='bbox 1364 623 1668 677; x_wconf 88' lang='lat' dir='ltr'><strong>disserendi</strong></span> <span class='ocrx_word' id='word_1_53' title='bbox 1691 623 1959 680; x_wconf 79' lang='lat' dir='ltr'><strong>rationem</strong></span> 
     </span>
     <span class='ocr_line' id='line_1_8' title="bbox 258 693 1958 769; baseline 0 -23"><span class='ocrx_word' id='word_1_54' title='bbox 258 695 315 746; x_wconf 90' lang='lat' dir='ltr'><strong>in</strong></span> <span class='ocrx_word' id='word_1_55' title='bbox 352 713 417 747; x_wconf 88' lang='lat' dir='ltr'><strong>eo</strong></span> <span class='ocrx_word' id='word_1_56' title='bbox 454 703 771 765; x_wconf 80' lang='lat' dir='ltr'><strong>regnantem</strong></span> <span class='ocrx_word' id='word_1_57' title='bbox 794 696 883 749; x_wconf 87' lang='lat' dir='ltr'><strong>vel</strong></span> <span class='ocrx_word' id='word_1_58' title='bbox 907 697 1069 750; x_wconf 88' lang='lat' dir='ltr'><strong>etiam</strong></span> <span class='ocrx_word' id='word_1_59' title='bbox 1107 706 1335 769; x_wconf 88' lang='lat' dir='ltr'><strong>propter</strong></span> <span class='ocrx_word' id='word_1_60' title='bbox 1373 696 1703 768; x_wconf 82' lang='lat' dir='ltr'><strong>singularem</strong></span> <span class='ocrx_word' id='word_1_61' title='bbox 1743 693 1958 747; x_wconf 90' lang='lat' dir='ltr'><strong>consilii</strong></span> 
     </span>
     <span class='ocr_line' id='line_1_9' title="bbox 259 765 1954 836; baseline 0 -19"><span class='ocrx_word' id='word_1_62' title='bbox 259 765 316 818; x_wconf 90' lang='lat' dir='ltr'><strong>in</strong></span> <span class='ocrx_word' id='word_1_63' title='bbox 351 785 416 818; x_wconf 90' lang='lat' dir='ltr'><strong>eo</strong></span> <span class='ocrx_word' id='word_1_64' title='bbox 456 765 720 820; x_wconf 90' lang='lat' dir='ltr'><strong>elucentis</strong></span> <span class='ocrx_word' id='word_1_65' title='bbox 759 766 1128 822; x_wconf 89' lang='lat' dir='ltr'><strong>conditionem</strong></span> <span class='ocrx_word' id='word_1_66' title='bbox 1165 768 1380 822; x_wconf 90' lang='lat' dir='ltr'><strong>censuit</strong></span> <span class='ocrx_word' id='word_1_67' title='bbox 1417 787 1528 820; x_wconf 92' lang='lat' dir='ltr'><strong>non</strong></span> <span class='ocrx_word' id='word_1_68' title='bbox 1565 767 1954 836; x_wconf 85' lang='lat' dir='ltr'><strong>alio.tempore</strong></span> 
     </span>
     <span class='ocr_line' id='line_1_10' title="bbox 256 837 1965 911; baseline 0 -23"><span class='ocrx_word' id='word_1_69' title='bbox 256 838 501 907; x_wconf 89' lang='lat' dir='ltr'><strong>potuisse</strong></span> <span class='ocrx_word' id='word_1_70' title='bbox 549 857 580 890; x_wconf 91' lang='lat' dir='ltr'><strong>a</strong></span> <span class='ocrx_word' id='word_1_71' title='bbox 626 837 856 891; x_wconf 88' lang='lat' dir='ltr'><strong>Platone</strong></span> <span class='ocrx_word' id='word_1_72' title='bbox 906 839 1100 893; x_wconf 86' lang='lat' dir='ltr'><strong>litteris</strong></span> <span class='ocrx_word' id='word_1_73' title='bbox 1151 840 1464 911; x_wconf 85' lang='lat' dir='ltr'><strong>consignari</strong></span> <span class='ocrx_word' id='word_1_74' title='bbox 1516 858 1678 907; x_wconf 90' lang='lat' dir='ltr'><strong>quam</strong></span> <span class='ocrx_word' id='word_1_75' title='bbox 1734 837 1965 890; x_wconf 85' lang='lat' dir='ltr'><strong>iuvenili</strong></span> 
     </span>
     <span class='ocr_line' id='line_1_11' title="bbox 259 907 1962 982; baseline 0 -22"><span class='ocrx_word' id='word_1_76' title='bbox 259 915 437 960; x_wconf 87' lang='lat' dir='ltr'><strong>aetate</strong></span> <span class='ocrx_word' id='word_1_77' title='bbox 474 907 712 979; x_wconf 90' lang='lat' dir='ltr'><strong>ideoque</strong></span> <span class='ocrx_word' id='word_1_78' title='bbox 750 928 874 963; x_wconf 90' lang='lat' dir='ltr'><strong>eum</strong></span> <span class='ocrx_word' id='word_1_79' title='bbox 909 919 1101 982; x_wconf 89' lang='lat' dir='ltr'><strong>postea</strong></span> <span class='ocrx_word' id='word_1_80' title='bbox 1137 910 1351 964; x_wconf 79' lang='lat' dir='ltr'><strong>demum</strong></span> <span class='ocrx_word' id='word_1_81' title='bbox 1377 910 1598 978; x_wconf 86' lang='lat' dir='ltr'><strong>reliquis</strong></span> <span class='ocrx_word' id='word_1_82' title='bbox 1624 909 1781 967; x_wconf 77' lang='lat' dir='ltr'><strong>libris,</strong></span> <span class='ocrx_word' id='word_1_83' title='bbox 1802 927 1962 978; x_wconf 89' lang='lat' dir='ltr'><strong>prae-</strong></span> 
     </span>
     <span class='ocr_line' id='line_1_12' title="bbox 257 979 1960 1051; baseline 0 -20"><span class='ocrx_word' id='word_1_84' title='bbox 257 979 428 1046; x_wconf 83' lang='lat' dir='ltr'><strong>fixum</strong></span> <span class='ocrx_word' id='word_1_85' title='bbox 476 998 596 1033; x_wconf 89' lang='lat' dir='ltr'><strong>esse</strong></span> <span class='ocrx_word' id='word_1_86' title='bbox 642 980 938 1036; x_wconf 87' lang='lat' dir='ltr'><strong>arbitratus</strong></span> <span class='ocrx_word' id='word_1_87' title='bbox 987 990 1085 1037; x_wconf 86' lang='lat' dir='ltr'><strong>est.</strong></span> <span class='ocrx_word' id='word_1_88' title='bbox 1161 981 1435 1036; x_wconf 84' lang='lat' dir='ltr'><strong>Cohaeret</strong></span> <span class='ocrx_word' id='word_1_89' title='bbox 1483 981 1623 1034; x_wconf 88' lang='lat' dir='ltr'><strong>enim</strong></span> <span class='ocrx_word' id='word_1_90' title='bbox 1661 980 1795 1036; x_wconf 82' lang='lat' dir='ltr'><strong>haec</strong></span> <span class='ocrx_word' id='word_1_91' title='bbox 1826 998 1960 1051; x_wconf 71' lang='lat' dir='ltr'><strong>vpars</strong></span> 
     </span>
     <span class='ocr_line' id='line_1_13' title="bbox 260 1050 1960 1125; baseline -0.001 -22"><span class='ocrx_word' id='word_1_92' title='bbox 260 1050 440 1121; x_wconf 88' lang='lat' dir='ltr'><strong>operis</strong></span> <span class='ocrx_word' id='word_1_93' title='bbox 487 1069 612 1104; x_wconf 91' lang='lat' dir='ltr'><strong>cum</strong></span> <span class='ocrx_word' id='word_1_94' title='bbox 660 1052 871 1121; x_wconf 90' lang='lat' dir='ltr'><strong>reliquo</strong></span> <span class='ocrx_word' id='word_1_95' title='bbox 922 1073 1150 1125; x_wconf 89' lang='lat' dir='ltr'><strong>corpore</strong></span> <span class='ocrx_word' id='word_1_96' title='bbox 1201 1054 1502 1107; x_wconf 85' lang='lat' dir='ltr'><strong>arctissime</strong></span> <span class='ocrx_word' id='word_1_97' title='bbox 1561 1052 1960 1119; x_wconf 70' lang='lat' dir='ltr'><strong>manifestoque</strong></span> 
     </span>
     <span class='ocr_line' id='line_1_14' title="bbox 258 1121 1962 1194; baseline 0.001 -21"><span class='ocrx_word' id='word_1_98' title='bbox 258 1129 374 1174; x_wconf 90' lang='lat' dir='ltr'><strong>tum</strong></span> <span class='ocrx_word' id='word_1_99' title='bbox 403 1121 638 1176; x_wconf 84' lang='lat' dir='ltr'><strong>-demum</strong></span> <span class='ocrx_word' id='word_1_100' title='bbox 689 1123 886 1179; x_wconf 88' lang='lat' dir='ltr'><strong>litteris</strong></span> <span class='ocrx_word' id='word_1_101' title='bbox 937 1133 1158 1178; x_wconf 84' lang='lat' dir='ltr'><strong>exarata</strong></span> <span class='ocrx_word' id='word_1_102' title='bbox 1215 1133 1329 1191; x_wconf 87' lang='lat' dir='ltr'><strong>est,</strong></span> <span class='ocrx_word' id='word_1_103' title='bbox 1384 1144 1551 1194; x_wconf 87' lang='lat' dir='ltr'><strong>quum</strong></span> <span class='ocrx_word' id='word_1_104' title='bbox 1599 1121 1962 1193; x_wconf 87' lang='lat' dir='ltr'><strong>philosophus</strong></span> 
     </span>
     <span class='ocr_line' id='line_1_15' title="bbox 257 1193 1963 1266; baseline -0.001 -21"><span class='ocrx_word' id='word_1_105' title='bbox 257 1193 366 1246; x_wconf 90' lang='lat' dir='ltr'><strong>iam</strong></span> <span class='ocrx_word' id='word_1_106' title='bbox 413 1213 570 1247; x_wconf 92' lang='lat' dir='ltr'><strong>omne</strong></span> <span class='ocrx_word' id='word_1_107' title='bbox 626 1194 1015 1266; x_wconf 83' lang='lat' dir='ltr'><strong>disputationis</strong></span> <span class='ocrx_word' id='word_1_108' title='bbox 1065 1197 1120 1249; x_wconf 91' lang='lat' dir='ltr'><strong>in</strong></span> <span class='ocrx_word' id='word_1_109' title='bbox 1161 1197 1359 1250; x_wconf 89' lang='lat' dir='ltr'><strong>Politia</strong></span> <span class='ocrx_word' id='word_1_110' title='bbox 1394 1193 1767 1250; x_wconf 58' lang='lat' dir='ltr'><strong>instituendaev</strong></span> <span class='ocrx_word' id='word_1_111' title='bbox 1800 1212 1963 1264; x_wconf 86' lang='lat' dir='ltr'><strong>argu-</strong></span> 
     </span>
     <span class='ocr_line' id='line_1_16' title="bbox 258 1263 1956 1337; baseline -0.001 -20"><span class='ocrx_word' id='word_1_112' title='bbox 258 1271 501 1319; x_wconf 87' lang='lat' dir='ltr'><strong>mentum</strong></span> <span class='ocrx_word' id='word_1_113' title='bbox 537 1274 715 1320; x_wconf 90' lang='lat' dir='ltr'><strong>mente</strong></span> <span class='ocrx_word' id='word_1_114' title='bbox 755 1275 811 1319; x_wconf 90' lang='lat' dir='ltr'><strong>et</strong></span> <span class='ocrx_word' id='word_1_115' title='bbox 848 1269 1028 1321; x_wconf 88' lang='lat' dir='ltr'><strong>animo</strong></span> <span class='ocrx_word' id='word_1_116' title='bbox 1066 1287 1164 1321; x_wconf 91' lang='lat' dir='ltr'><strong>suo</strong></span> <span class='ocrx_word' id='word_1_117' title='bbox 1203 1267 1520 1337; x_wconf 82' lang='lat' dir='ltr'><strong>complexus</strong></span> <span class='ocrx_word' id='word_1_118' title='bbox 1559 1273 1724 1318; x_wconf 88' lang='lat' dir='ltr'><strong>esset.</strong></span> <span class='ocrx_word' id='word_1_119' title='bbox 1781 1263 1956 1317; x_wconf 84' lang='lat' dir='ltr'><strong>Cuius</strong></span> 
     </span>
     <span class='ocr_line' id='line_1_17' title="bbox 259 1334 1963 1410; baseline 0.001 -23"><span class='ocrx_word' id='word_1_120' title='bbox 259 1335 339 1388; x_wconf 89' lang='lat' dir='ltr'><strong>rei</strong></span> <span class='ocrx_word' id='word_1_121' title='bbox 384 1336 601 1405; x_wconf 87' lang='lat' dir='ltr'><strong>iuvabit</strong></span> <span class='ocrx_word' id='word_1_122' title='bbox 642 1336 902 1408; x_wconf 87' lang='lat' dir='ltr'><strong>deinceps</strong></span> <span class='ocrx_word' id='word_1_123' title='bbox 952 1340 1112 1392; x_wconf 87' lang='lat' dir='ltr'><strong>etiam</strong></span> <span class='ocrx_word' id='word_1_124' title='bbox 1163 1339 1381 1410; x_wconf 86' lang='lat' dir='ltr'><strong>singula</strong></span> <span class='ocrx_word' id='word_1_125' title='bbox 1430 1336 1697 1407; x_wconf 85' lang='lat' dir='ltr'><strong>quaedam</strong></span> <span class='ocrx_word' id='word_1_126' title='bbox 1739 1334 1963 1394; x_wconf 86' lang='lat' dir='ltr'><strong>demon-</strong></span> 
     </span>
     <span class='ocr_line' id='line_1_18' title="bbox 260 1406 1963 1480; baseline 0 -22"><span class='ocrx_word' id='word_1_127' title='bbox 260 1407 518 1460; x_wconf 86' lang='lat' dir='ltr'><strong>stravisse</strong></span> <span class='ocrx_word' id='word_1_128' title='bbox 555 1407 775 1468; x_wconf 89' lang='lat' dir='ltr'><strong>indicia.</strong></span> <span class='ocrx_word' id='word_1_129' title='bbox 853 1409 1019 1477; x_wconf 80' lang='lat' dir='ltr'><strong>Quod</strong></span> <span class='ocrx_word' id='word_1_130' title='bbox 1058 1418 1237 1463; x_wconf 86' lang='lat' dir='ltr'><strong>autem</strong></span> <span class='ocrx_word' id='word_1_131' title='bbox 1269 1408 1634 1480; x_wconf 88' lang='lat' dir='ltr'><strong>philosophus</strong></span> <span class='ocrx_word' id='word_1_132' title='bbox 1669 1406 1740 1461; x_wconf 83' lang='lat' dir='ltr'><strong>ad</strong></span> <span class='ocrx_word' id='word_1_133' title='bbox 1777 1406 1963 1476; x_wconf 85' lang='lat' dir='ltr'><strong>explo-</strong></span> 
     </span>
     <span class='ocr_line' id='line_1_19' title="bbox 258 1477 1964 1549; baseline 0 -20"><span class='ocrx_word' id='word_1_134' title='bbox 258 1477 457 1531; x_wconf 90' lang='lat' dir='ltr'><strong>randas</strong></span> <span class='ocrx_word' id='word_1_135' title='bbox 506 1479 790 1548; x_wconf 85' lang='lat' dir='ltr'><strong>opiniones</strong></span> <span class='ocrx_word' id='word_1_136' title='bbox 841 1482 1018 1535; x_wconf 87' lang='lat' dir='ltr'><strong>minus</strong></span> <span class='ocrx_word' id='word_1_137' title='bbox 1071 1489 1248 1534; x_wconf 88' lang='lat' dir='ltr'><strong>certas</strong></span> <span class='ocrx_word' id='word_1_138' title='bbox 1299 1489 1465 1549; x_wconf 88' lang='lat' dir='ltr'><strong>atque</strong></span> <span class='ocrx_word' id='word_1_139' title='bbox 1517 1479 1740 1533; x_wconf 86' lang='lat' dir='ltr'><strong>stabiles</strong></span> <span class='ocrx_word' id='word_1_140' title='bbox 1788 1497 1964 1547; x_wconf 90' lang='lat' dir='ltr'><strong>neque</strong></span> 
     </span>
     <span class='ocr_line' id='line_1_20' title="bbox 260 1547 1965 1610; baseline 0.001 -10"><span class='ocrx_word' id='word_1_141' title='bbox 260 1547 330 1601; x_wconf 89' lang='lat' dir='ltr'><strong>ad</strong></span> <span class='ocrx_word' id='word_1_142' title='bbox 367 1549 594 1602; x_wconf 87' lang='lat' dir='ltr'><strong>rationis</strong></span> <span class='ocrx_word' id='word_1_143' title='bbox 646 1551 928 1604; x_wconf 84' lang='lat' dir='ltr'><strong>scientiam</strong></span> <span class='ocrx_word' id='word_1_144' title='bbox 977 1560 1197 1605; x_wconf 86' lang='lat' dir='ltr'><strong>exactas</strong></span> <span class='ocrx_word' id='word_1_145' title='bbox 1237 1551 1635 1610; x_wconf 79' lang='lat' dir='ltr'><strong>contentiosam</strong></span> <span class='ocrx_word' id='word_1_146' title='bbox 1672 1549 1818 1601; x_wconf 88' lang='lat' dir='ltr'><strong>illam</strong></span> <span class='ocrx_word' id='word_1_147' title='bbox 1855 1549 1965 1602; x_wconf 87' lang='lat' dir='ltr'><strong>dis-</strong></span> 
     </span>
     <span class='ocr_line' id='line_1_21' title="bbox 260 1619 1964 1692; baseline -0.001 -18"><span class='ocrx_word' id='word_1_148' title='bbox 260 1620 490 1690; x_wconf 88' lang='lat' dir='ltr'><strong>putandi</strong></span> <span class='ocrx_word' id='word_1_149' title='bbox 528 1622 797 1676; x_wconf 87' lang='lat' dir='ltr'><strong>rationem</strong></span> <span class='ocrx_word' id='word_1_150' title='bbox 834 1622 1104 1690; x_wconf 81' lang='lat' dir='ltr'><strong>adhibuit,</strong></span> <span class='ocrx_word' id='word_1_151' title='bbox 1146 1643 1284 1692; x_wconf 90' lang='lat' dir='ltr'><strong>quae</strong></span> <span class='ocrx_word' id='word_1_152' title='bbox 1323 1643 1433 1677; x_wconf 92' lang='lat' dir='ltr'><strong>non</strong></span> <span class='ocrx_word' id='word_1_153' title='bbox 1470 1630 1583 1675; x_wconf 85' lang='lat' dir='ltr'><strong>tam</strong></span> <span class='ocrx_word' id='word_1_154' title='bbox 1620 1621 1677 1675; x_wconf 91' lang='lat' dir='ltr'><strong>in</strong></span> <span class='ocrx_word' id='word_1_155' title='bbox 1716 1619 1964 1676; x_wconf 84' lang='lat' dir='ltr'><strong>docendo</strong></span> 
     </span>
     <span class='ocr_line' id='line_1_22' title="bbox 261 1691 1973 1764; baseline 0 -19"><span class='ocrx_word' id='word_1_156' title='bbox 261 1698 318 1745; x_wconf 88' lang='lat' dir='ltr'><strong>et</strong></span> <span class='ocrx_word' id='word_1_157' title='bbox 354 1692 695 1754; x_wconf 86' lang='lat' dir='ltr'><strong>instituendo</strong></span> <span class='ocrx_word' id='word_1_158' title='bbox 747 1713 909 1763; x_wconf 88' lang='lat' dir='ltr'><strong>quam</strong></span> <span class='ocrx_word' id='word_1_159' title='bbox 959 1695 1015 1747; x_wconf 92' lang='lat' dir='ltr'><strong>in</strong></span> <span class='ocrx_word' id='word_1_160' title='bbox 1052 1694 1355 1748; x_wconf 89' lang='lat' dir='ltr'><strong>refellendo</strong></span> <span class='ocrx_word' id='word_1_161' title='bbox 1393 1702 1449 1747; x_wconf 90' lang='lat' dir='ltr'><strong>et</strong></span> <span class='ocrx_word' id='word_1_162' title='bbox 1484 1691 1808 1764; x_wconf 85' lang='lat' dir='ltr'><strong>castigando</strong></span> <span class='ocrx_word' id='word_1_163' title='bbox 1844 1711 1973 1747; x_wconf 51' lang='lat' dir='ltr'><strong>ver-¹</strong></span> 
     </span>
     <span class='ocr_line' id='line_1_23' title="bbox 259 1763 1967 1835; baseline 0.001 -20"><span class='ocrx_word' id='word_1_164' title='bbox 259 1772 430 1831; x_wconf 86' lang='lat' dir='ltr'><strong>satur,</strong></span> <span class='ocrx_word' id='word_1_165' title='bbox 472 1770 527 1816; x_wconf 81' lang='lat' dir='ltr'><strong>et</strong></span> <span class='ocrx_word' id='word_1_166' title='bbox 565 1763 694 1818; x_wconf 86' lang='lat' dir='ltr'><strong>inde</strong></span> <span class='ocrx_word' id='word_1_167' title='bbox 743 1785 776 1818; x_wconf 90' lang='lat' dir='ltr'><strong>a</strong></span> <span class='ocrx_word' id='word_1_168' title='bbox 823 1765 963 1820; x_wconf 89' lang='lat' dir='ltr'><strong>libro</strong></span> <span class='ocrx_word' id='word_1_169' title='bbox 1013 1766 1091 1820; x_wconf 92' lang='lat' dir='ltr'><strong>II.</strong></span> <span class='ocrx_word' id='word_1_170' title='bbox 1131 1785 1185 1835; x_wconf 91' lang='lat' dir='ltr'><strong>p.</strong></span> <span class='ocrx_word' id='word_1_171' title='bbox 1225 1767 1346 1819; x_wconf 82' lang='lat'><strong>367.</strong></span> <span class='ocrx_word' id='word_1_172' title='bbox 1385 1765 1452 1821; x_wconf 89' lang='grc' dir='ltr'><strong>Ε.</strong></span> <span class='ocrx_word' id='word_1_173' title='bbox 1494 1764 1713 1826; x_wconf 85' lang='lat' dir='ltr'><strong>demum</strong></span> <span class='ocrx_word' id='word_1_174' title='bbox 1748 1764 1967 1816; x_wconf 89' lang='lat' dir='ltr'><strong>transiit</strong></span> 
     </span>
     <span class='ocr_line' id='line_1_24' title="bbox 261 1833 1964 1908; baseline 0.001 -22"><span class='ocrx_word' id='word_1_175' title='bbox 261 1833 333 1887; x_wconf 90' lang='lat' dir='ltr'><strong>ad</strong></span> <span class='ocrx_word' id='word_1_176' title='bbox 382 1834 517 1887; x_wconf 90' lang='lat' dir='ltr'><strong>illud</strong></span> <span class='ocrx_word' id='word_1_177' title='bbox 567 1855 739 1906; x_wconf 83' lang='lat' dir='ltr'><strong>genus</strong></span> <span class='ocrx_word' id='word_1_178' title='bbox 791 1837 1145 1908; x_wconf 87' lang='lat' dir='ltr'><strong>disputandi,</strong></span> <span class='ocrx_word' id='word_1_179' title='bbox 1185 1856 1293 1906; x_wconf 91' lang='lat' dir='ltr'><strong>quo</strong></span> <span class='ocrx_word' id='word_1_180' title='bbox 1329 1838 1576 1907; x_wconf 85' lang='lat' dir='ltr'><strong>legentes</strong></span> <span class='ocrx_word' id='word_1_181' title='bbox 1616 1833 1683 1888; x_wconf 90' lang='lat' dir='ltr'><strong>de</strong></span> <span class='ocrx_word' id='word_1_182' title='bbox 1722 1835 1964 1888; x_wconf 86' lang='lat' dir='ltr'><strong>iustitiae</strong></span> 
     </span>
     <span class='ocr_line' id='line_1_25' title="bbox 260 1904 1964 1981; baseline 0.001 -24"><span class='ocrx_word' id='word_1_183' title='bbox 260 1905 634 1976; x_wconf 85' lang='lat' dir='ltr'><strong>magnitudine</strong></span> <span class='ocrx_word' id='word_1_184' title='bbox 673 1915 725 1961; x_wconf 88' lang='lat' dir='ltr'><strong>et</strong></span> <span class='ocrx_word' id='word_1_185' title='bbox 766 1908 1034 1980; x_wconf 80' lang='lat' dir='ltr'><strong>dignitate</strong></span> <span class='ocrx_word' id='word_1_186' title='bbox 1071 1909 1312 1981; x_wconf 82' lang='lat' dir='ltr'><strong>graviter</strong></span> <span class='ocrx_word' id='word_1_187' title='bbox 1347 1909 1618 1979; x_wconf 88' lang='lat' dir='ltr'><strong>pleneque</strong></span> <span class='ocrx_word' id='word_1_188' title='bbox 1645 1904 1964 1974; x_wconf 84' lang='lat' dir='ltr'><strong>edocentur,</strong></span> 
     </span>
     <span class='ocr_line' id='line_1_26' title="bbox 260 1977 1968 2051; baseline 0.001 -23"><span class='ocrx_word' id='word_1_189' title='bbox 260 1978 393 2033; x_wconf 82' lang='lat' dir='ltr'><strong>fecit</strong></span> <span class='ocrx_word' id='word_1_190' title='bbox 443 1977 548 2030; x_wconf 89' lang='lat' dir='ltr'><strong>hoc</strong></span> <span class='ocrx_word' id='word_1_191' title='bbox 597 1978 763 2033; x_wconf 89' lang='lat' dir='ltr'><strong>rebus</strong></span> <span class='ocrx_word' id='word_1_192' title='bbox 801 1980 934 2051; x_wconf 89' lang='lat' dir='ltr'><strong>ipsis</strong></span> <span class='ocrx_word' id='word_1_193' title='bbox 974 1980 1135 2051; x_wconf 89' lang='lat' dir='ltr'><strong>plane</strong></span> <span class='ocrx_word' id='word_1_194' title='bbox 1175 1979 1562 2033; x_wconf 84' lang='lat' dir='ltr'><strong>convenienter</strong></span> <span class='ocrx_word' id='word_1_195' title='bbox 1596 1996 1772 2045; x_wconf 89' lang='lat' dir='ltr'><strong>neque</strong></span> <span class='ocrx_word' id='word_1_196' title='bbox 1812 1997 1877 2030; x_wconf 87' lang='lat' dir='ltr'><strong>ea</strong></span> <span class='ocrx_word' id='word_1_197' title='bbox 1910 1978 1968 2030; x_wconf 88' lang='lat' dir='ltr'><strong>in</strong></span> 
     </span>
     <span class='ocr_line' id='line_1_27' title="bbox 262 2048 1967 2119; baseline 0.002 -19"><span class='ocrx_word' id='word_1_198' title='bbox 262 2068 318 2101; x_wconf 89' lang='lat' dir='ltr'><strong>re</strong></span> <span class='ocrx_word' id='word_1_199' title='bbox 357 2048 425 2101; x_wconf 91' lang='lat' dir='ltr'><strong>ab</strong></span> <span class='ocrx_word' id='word_1_200' title='bbox 464 2049 681 2102; x_wconf 53' lang='lat' dir='ltr'><strong>usitato»</strong></span> <span class='ocrx_word' id='word_1_201' title='bbox 705 2069 855 2104; x_wconf 89' lang='lat' dir='ltr'><strong>more</strong></span> <span class='ocrx_word' id='word_1_202' title='bbox 894 2052 1006 2104; x_wconf 91' lang='lat' dir='ltr'><strong>ullo</strong></span> <span class='ocrx_word' id='word_1_203' title='bbox 1044 2050 1207 2104; x_wconf 89' lang='lat' dir='ltr'><strong>modo</strong></span> <span class='ocrx_word' id='word_1_204' title='bbox 1247 2050 1494 2119; x_wconf 88' lang='lat' dir='ltr'><strong>recessit,</strong></span> <span class='ocrx_word' id='word_1_205' title='bbox 1518 2048 1967 2119; x_wconf 72' lang='lat' dir='ltr'><strong>vquandoquidem</strong></span> 
     </span>
     <span class='ocr_line' id='line_1_28' title="bbox 260 2119 1966 2191; baseline 0.001 -20"><span class='ocrx_word' id='word_1_206' title='bbox 260 2119 426 2172; x_wconf 87' lang='lat' dir='ltr'><strong>etiam</strong></span> <span class='ocrx_word' id='word_1_207' title='bbox 462 2119 518 2171; x_wconf 89' lang='lat' dir='ltr'><strong>in</strong></span> <span class='ocrx_word' id='word_1_208' title='bbox 547 2120 858 2191; x_wconf 82' lang='lat' dir='ltr'><strong>Symposio,</strong></span> <span class='ocrx_word' id='word_1_209' title='bbox 887 2123 1159 2191; x_wconf 81' lang='lat' dir='ltr'><strong>PhaedrO,</strong></span> <span class='ocrx_word' id='word_1_210' title='bbox 1189 2122 1440 2190; x_wconf 81' lang='lat' dir='ltr'><strong>Philebo,</strong></span> <span class='ocrx_word' id='word_1_211' title='bbox 1479 2121 1645 2175; x_wconf 82' lang='lat' dir='ltr'><strong>simili</strong></span> <span class='ocrx_word' id='word_1_212' title='bbox 1678 2122 1966 2190; x_wconf 86' lang='lat' dir='ltr'><strong>utriusque</strong></span> 
     </span>
     <span class='ocr_line' id='line_1_29' title="bbox 262 2189 1965 2265; baseline 0.001 -22"><span class='ocrx_word' id='word_1_213' title='bbox 262 2189 568 2245; x_wconf 89' lang='lat' dir='ltr'><strong>disserendi</strong></span> <span class='ocrx_word' id='word_1_214' title='bbox 616 2194 832 2262; x_wconf 87' lang='lat' dir='ltr'><strong>generis</strong></span> <span class='ocrx_word' id='word_1_215' title='bbox 881 2202 1312 2265; x_wconf 89' lang='lat' dir='ltr'><strong>temperamento</strong></span> <span class='ocrx_word' id='word_1_216' title='bbox 1349 2212 1484 2247; x_wconf 85' lang='lat' dir='ltr'><strong>usus</strong></span> <span class='ocrx_word' id='word_1_217' title='bbox 1524 2210 1645 2247; x_wconf 87' lang='lat' dir='ltr'><strong>esse</strong></span> <span class='ocrx_word' id='word_1_218' title='bbox 1682 2193 1965 2263; x_wconf 88' lang='lat' dir='ltr'><strong>reperitur.</strong></span> 
     </span>
     <span class='ocr_line' id='line_1_30' title="bbox 264 2262 1964 2336; baseline 0.001 -22"><span class='ocrx_word' id='word_1_219' title='bbox 264 2262 477 2333; x_wconf 82' lang='lat' dir='ltr'><strong>Nempe</strong></span> <span class='ocrx_word' id='word_1_220' title='bbox 515 2262 747 2317; x_wconf 23' lang='lat' dir='ltr'><strong>alterius*</strong></span> <span class='ocrx_word' id='word_1_221' title='bbox 780 2285 883 2336; x_wconf 84' lang='lat' dir='ltr'><strong>ope</strong></span> <span class='ocrx_word' id='word_1_222' title='bbox 922 2274 1185 2335; x_wconf 86' lang='lat' dir='ltr'><strong>tanquam</strong></span> <span class='ocrx_word' id='word_1_223' title='bbox 1224 2285 1402 2319; x_wconf 89' lang='lat' dir='ltr'><strong>aream</strong></span> <span class='ocrx_word' id='word_1_224' title='bbox 1443 2264 1552 2318; x_wconf 81' lang='lat' dir='ltr'><strong>sibi</strong></span> <span class='ocrx_word' id='word_1_225' title='bbox 1575 2264 1964 2335; x_wconf 38' lang='lat' dir='ltr'><strong>*perpurgaviss</strong></span> 
     </span>
     <span class='ocr_line' id='line_1_31' title="bbox 262 2333 1967 2402; baseline 0.002 -18"><span class='ocrx_word' id='word_1_226' title='bbox 262 2335 318 2385; x_wconf 91' lang='lat' dir='ltr'><strong>in</strong></span> <span class='ocrx_word' id='word_1_227' title='bbox 346 2353 455 2402; x_wconf 83' lang='lat' dir='ltr'><strong>qua</strong></span> <span class='ocrx_word' id='word_1_228' title='bbox 482 2333 760 2388; x_wconf 88' lang='lat' dir='ltr'><strong>doctrinae</strong></span> <span class='ocrx_word' id='word_1_229' title='bbox 787 2336 1096 2390; x_wconf 87' lang='lat' dir='ltr'><strong>aedificium</strong></span> <span class='ocrx_word' id='word_1_230' title='bbox 1123 2336 1514 2390; x_wconf 88' lang='lat' dir='ltr'><strong>exstruendum</strong></span> <span class='ocrx_word' id='word_1_231' title='bbox 1543 2343 1716 2399; x_wconf 83' lang='lat' dir='ltr'><strong>esset3</strong></span> <span class='ocrx_word' id='word_1_232' title='bbox 1745 2335 1967 2390; x_wconf 82' lang='lat' dir='ltr'><strong>alterius</strong></span> 
     </span>
     <span class='ocr_line' id='line_1_32' title="bbox 261 2405 1966 2476; baseline 0.002 -21"><span class='ocrx_word' id='word_1_233' title='bbox 261 2405 463 2457; x_wconf 85' lang='lat' dir='ltr'><strong>auxilio</strong></span> <span class='ocrx_word' id='word_1_234' title='bbox 502 2406 682 2475; x_wconf 89' lang='lat' dir='ltr'><strong>ipsum</strong></span> <span class='ocrx_word' id='word_1_235' title='bbox 718 2406 998 2462; x_wconf 87' lang='lat' dir='ltr'><strong>doctrinae</strong></span> <span class='ocrx_word' id='word_1_236' title='bbox 1023 2409 1332 2462; x_wconf 88' lang='lat' dir='ltr'><strong>aedificium</strong></span> <span class='ocrx_word' id='word_1_237' title='bbox 1357 2406 1604 2463; x_wconf 89' lang='lat' dir='ltr'><strong>condidit</strong></span> <span class='ocrx_word' id='word_1_238' title='bbox 1622 2425 1690 2460; x_wconf 89' lang='lat' dir='ltr'><strong>ac</strong></span> <span class='ocrx_word' id='word_1_239' title='bbox 1716 2406 1966 2476; x_wconf 88' lang='lat' dir='ltr'><strong>perfecit,</strong></span> 
     </span>
     <span class='ocr_line' id='line_1_33' title="bbox 262 2475 1967 2547; baseline 0.002 -20"><span class='ocrx_word' id='word_1_240' title='bbox 262 2475 412 2543; x_wconf 88' lang='lat' dir='ltr'><strong>quod</strong></span> <span class='ocrx_word' id='word_1_241' title='bbox 452 2485 701 2530; x_wconf 86' lang='lat' dir='ltr'><strong>extruere</strong></span> <span class='ocrx_word' id='word_1_242' title='bbox 749 2480 990 2532; x_wconf 87' lang='lat' dir='ltr'><strong>animum</strong></span> <span class='ocrx_word' id='word_1_243' title='bbox 1026 2480 1350 2534; x_wconf 84' lang='lat' dir='ltr'><strong>induxisset.</strong></span> <span class='ocrx_word' id='word_1_244' title='bbox 1426 2479 1650 2532; x_wconf 88' lang='lat' dir='ltr'><strong>Verum.</strong></span> <span class='ocrx_word' id='word_1_245' title='bbox 1674 2477 1810 2532; x_wconf 84' lang='lat' dir='ltr'><strong>haec</strong></span> <span class='ocrx_word' id='word_1_246' title='bbox 1848 2478 1967 2547; x_wconf 82' lang='lat' dir='ltr'><strong>qui-</strong></span> 
     </span>
     <span class='ocr_line' id='line_1_34' title="bbox 263 2545 1967 2620; baseline 0.001 -21"><span class='ocrx_word' id='word_1_247' title='bbox 263 2545 390 2600; x_wconf 89' lang='lat' dir='ltr'><strong>dem</strong></span> <span class='ocrx_word' id='word_1_248' title='bbox 427 2556 687 2617; x_wconf 86' lang='lat' dir='ltr'><strong>tanquam</strong></span> <span class='ocrx_word' id='word_1_249' title='bbox 733 2570 831 2620; x_wconf 87' lang='lat' dir='ltr'><strong>per</strong></span> <span class='ocrx_word' id='word_1_250' title='bbox 852 2553 1214 2619; x_wconf 87' lang='lat' dir='ltr'><strong>occasionem,</strong></span> <span class='ocrx_word' id='word_1_251' title='bbox 1242 2571 1351 2620; x_wconf 90' lang='lat' dir='ltr'><strong>quo</strong></span> <span class='ocrx_word' id='word_1_252' title='bbox 1392 2549 1806 2604; x_wconf 86' lang='lat' dir='ltr'><strong>facilius-huius</strong></span> <span class='ocrx_word' id='word_1_253' title='bbox 1842 2548 1967 2602; x_wconf 89' lang='lat' dir='ltr'><strong>libri</strong></span> 
     </span>
     <span class='ocr_line' id='line_1_35' title="bbox 263 2621 1967 2692; baseline 0.002 -23"><span class='ocrx_word' id='word_1_254' title='bbox 263 2627 640 2689; x_wconf 82' lang='lat' dir='ltr'><strong>argumentum</strong></span> <span class='ocrx_word' id='word_1_255' title='bbox 691 2621 1027 2692; x_wconf 83' lang='lat' dir='ltr'><strong>intelligatur</strong></span> <span class='ocrx_word' id='word_1_256' title='bbox 1083 2624 1396 2692; x_wconf 85' lang='lat' dir='ltr'><strong>rectiusque</strong></span> <span class='ocrx_word' id='word_1_257' title='bbox 1446 2621 1776 2679; x_wconf 77' lang='lat' dir='ltr'><strong>aestimetur.</strong></span> <span class='ocrx_word' id='word_1_258' title='bbox 1859 2621 1967 2673; x_wconf 83' lang='lat' dir='ltr'><strong>Re-</strong></span> 
     </span>
     <span class='ocr_line' id='line_1_36' title="bbox 262 2690 1966 2766; baseline 0.002 -25"><span class='ocrx_word' id='word_1_259' title='bbox 262 2690 524 2743; x_wconf 85' lang='lat' dir='ltr'><strong>vertimur</strong></span> <span class='ocrx_word' id='word_1_260' title='bbox 561 2711 704 2745; x_wconf 91' lang='lat' dir='ltr'><strong>nunc</strong></span> <span class='ocrx_word' id='word_1_261' title='bbox 744 2693 813 2746; x_wconf 88' lang='lat' dir='ltr'><strong>ad</strong></span> <span class='ocrx_word' id='word_1_262' title='bbox 853 2695 1238 2766; x_wconf 89' lang='lat' dir='ltr'><strong>disputationis</strong></span> <span class='ocrx_word' id='word_1_263' title='bbox 1265 2712 1548 2761; x_wconf 85' lang='lat' dir='ltr'><strong>summam,</strong></span> <span class='ocrx_word' id='word_1_264' title='bbox 1576 2711 1738 2762; x_wconf 90' lang='lat' dir='ltr'><strong>quam</strong></span> <span class='ocrx_word' id='word_1_265' title='bbox 1775 2692 1966 2763; x_wconf 88' lang='lat' dir='ltr'><strong>paucis</strong></span> 
     </span>
     <span class='ocr_line' id='line_1_37' title="bbox 258 2759 1966 2836; baseline 0.002 -24"><span class='ocrx_word' id='word_1_266' title='bbox 258 2759 550 2832; x_wconf 87' lang='lat' dir='ltr'><strong>designare</strong></span> <span class='ocrx_word' id='word_1_267' title='bbox 586 2764 983 2821; x_wconf 89' lang='lat' dir='ltr'><strong>constituimus.</strong></span> <span class='ocrx_word' id='word_1_268' title='bbox 1060 2765 1274 2820; x_wconf 90' lang='lat' dir='ltr'><strong>Audita</strong></span> <span class='ocrx_word' id='word_1_269' title='bbox 1319 2765 1489 2836; x_wconf 86' lang='lat' dir='ltr'><strong>igitur</strong></span> <span class='ocrx_word' id='word_1_270' title='bbox 1537 2761 1772 2834; x_wconf 89' lang='lat' dir='ltr'><strong>Cephali</strong></span> <span class='ocrx_word' id='word_1_271' title='bbox 1820 2764 1966 2817; x_wconf 82' lang='lat' dir='ltr'><strong>senis</strong></span> 
     </span>
     <span class='ocr_line' id='line_1_38' title="bbox 264 2833 1966 2904; baseline 0.002 -21"><span class='ocrx_word' id='word_1_272' title='bbox 264 2834 538 2888; x_wconf 83' lang='lat' dir='ltr'><strong>sententia</strong></span> <span class='ocrx_word' id='word_1_273' title='bbox 573 2833 830 2891; x_wconf 85' lang='lat' dir='ltr'><strong>Socrates</strong></span> <span class='ocrx_word' id='word_1_274' title='bbox 880 2839 1159 2892; x_wconf 85' lang='lat' dir='ltr'><strong>notionem</strong></span> <span class='ocrx_word' id='word_1_275' title='bbox 1207 2837 1448 2890; x_wconf 90' lang='lat' dir='ltr'><strong>iustitiae</strong></span> <span class='ocrx_word' id='word_1_276' title='bbox 1486 2835 1740 2891; x_wconf 87' lang='lat' dir='ltr'><strong>subtilius</strong></span> <span class='ocrx_word' id='word_1_277' title='bbox 1778 2834 1966 2904; x_wconf 88' lang='lat' dir='ltr'><strong>explo—</strong></span> 
     </span>
     <span class='ocr_line' id='line_1_39' title="bbox 264 2905 1966 2975; baseline 0.002 -21"><span class='ocrx_word' id='word_1_278' title='bbox 264 2912 499 2972; x_wconf 84' lang='lat' dir='ltr'><strong>raturus,</strong></span> <span class='ocrx_word' id='word_1_279' title='bbox 539 2908 801 2961; x_wconf 86' lang='lat' dir='ltr'><strong>continuo</strong></span> <span class='ocrx_word' id='word_1_280' title='bbox 840 2929 908 2964; x_wconf 82' lang='lat' dir='ltr'><strong>ex</strong></span> <span class='ocrx_word' id='word_1_281' title='bbox 945 2930 1009 2964; x_wconf 92' lang='lat' dir='ltr'><strong>eo</strong></span> <span class='ocrx_word' id='word_1_282' title='bbox 1046 2909 1389 2975; x_wconf 85' lang='lat' dir='ltr'><strong>sciscitatur,</strong></span> <span class='ocrx_word' id='word_1_283' title='bbox 1428 2907 1644 2962; x_wconf 66' lang='lat' dir='ltr'><strong>iustitia,</strong></span> <span class='ocrx_word' id='word_1_284' title='bbox 1673 2924 1804 2959; x_wconf 89' lang='lat' dir='ltr'><strong>num</strong></span> <span class='ocrx_word' id='word_1_285' title='bbox 1841 2905 1966 2962; x_wconf 85' lang='lat' dir='ltr'><strong>sim—</strong></span> 
     </span>
     <span class='ocr_line' id='line_1_40' title="bbox 263 2974 1964 3051; baseline 0.002 -26"><span class='ocrx_word' id='word_1_286' title='bbox 263 2974 479 3044; x_wconf 84' lang='lat' dir='ltr'><strong>pliciter</strong></span> <span class='ocrx_word' id='word_1_287' title='bbox 514 2977 569 3029; x_wconf 91' lang='lat' dir='ltr'><strong>in</strong></span> <span class='ocrx_word' id='word_1_288' title='bbox 608 2977 711 3031; x_wconf 89' lang='lat' dir='ltr'><strong>hoe</strong></span> <span class='ocrx_word' id='word_1_289' title='bbox 750 2999 864 3033; x_wconf 92' lang='lat' dir='ltr'><strong>uno</strong></span> <span class='ocrx_word' id='word_1_290' title='bbox 901 2981 1168 3035; x_wconf 87' lang='lat' dir='ltr'><strong>contineri</strong></span> <span class='ocrx_word' id='word_1_291' title='bbox 1193 2977 1437 3051; x_wconf 89' lang='lat' dir='ltr'><strong>putanda</strong></span> <span class='ocrx_word' id='word_1_292' title='bbox 1467 2978 1648 3046; x_wconf 67' lang='lat' dir='ltr'><strong>sit,‚ut</strong></span> <span class='ocrx_word' id='word_1_293' title='bbox 1686 2984 1741 3029; x_wconf 86' lang='lat' dir='ltr'><strong>et</strong></span> <span class='ocrx_word' id='word_1_294' title='bbox 1776 2996 1964 3032; x_wconf 85' lang='lat' dir='ltr'><strong>verum</strong></span> 
     </span>
     <span class='ocr_line' id='line_1_41' title="bbox 265 3046 1965 3119; baseline 0.002 -21"><span class='ocrx_word' id='word_1_295' title='bbox 265 3064 477 3116; x_wconf 85' lang='lat' dir='ltr'><strong>semper</strong></span> <span class='ocrx_word' id='word_1_296' title='bbox 527 3046 769 3103; x_wconf 88' lang='lat' dir='ltr'><strong>dicamus</strong></span> <span class='ocrx_word' id='word_1_297' title='bbox 823 3059 876 3104; x_wconf 80' lang='lat' dir='ltr'><strong>et</strong></span> <span class='ocrx_word' id='word_1_298' title='bbox 920 3052 1244 3119; x_wconf 81' lang='lat' dir='ltr'><strong>reddamUS,</strong></span> <span class='ocrx_word' id='word_1_299' title='bbox 1296 3069 1436 3119; x_wconf 89' lang='lat' dir='ltr'><strong>quae</strong></span> <span class='ocrx_word' id='word_1_300' title='bbox 1501 3049 1622 3102; x_wconf 86' lang='lat' dir='ltr'><strong>aliis</strong></span> <span class='ocrx_word' id='word_1_301' title='bbox 1672 3046 1965 3101; x_wconf 89' lang='lat' dir='ltr'><strong>debeamus</strong></span> 
     </span>
    </p>
   </div>
   <div class='ocr_carea' id='block_1_3' title="bbox 266 3117 2081 3187">
    <p class='ocr_par' dir='ltr' id='par_1_3' title="bbox 266 3117 2081 3187">
     <span class='ocr_line' id='line_1_42' title="bbox 266 3117 2081 3187; baseline -0.001 -15"><span class='ocrx_word' id='word_1_302' title='bbox 266 3117 345 3187; x_wconf 90' lang='lat' dir='ltr'><strong>(p.</strong></span> <span class='ocrx_word' id='word_1_303' title='bbox 396 3120 520 3172; x_wconf 82' lang='lat'>331.</span> <span class='ocrx_word' id='word_1_304' title='bbox 573 3117 676 3182; x_wconf 88' lang='lat' dir='ltr'>C.).</span> <span class='ocrx_word' id='word_1_305' title='bbox 762 3121 1026 3176; x_wconf 86' lang='lat' dir='ltr'><strong>Ostendit</strong></span> <span class='ocrx_word' id='word_1_306' title='bbox 1088 3129 1271 3176; x_wconf 86' lang='lat' dir='ltr'><strong>autem</strong></span> <span class='ocrx_word' id='word_1_307' title='bbox 1318 3140 1443 3182; x_wconf 84' lang='lat' dir='ltr'><strong>eam</strong></span> <span class='ocrx_word' id='word_1_308' title='bbox 1485 3120 1812 3174; x_wconf 89' lang='lat' dir='ltr'><strong>sententiam</strong></span> <span class='ocrx_word' id='word_1_309' title='bbox 1862 3120 1968 3174; x_wconf 88' lang='lat' dir='ltr'><strong>sibi</strong></span> <span class='ocrx_word' id='word_1_310' title='bbox 2019 3166 2023 3168; x_wconf 95' lang='lat'>.</span> <span class='ocrx_word' id='word_1_311' title='bbox 2078 3147 2081 3158; x_wconf 88' lang='lat'><em>=</em></span> 
     </span>
    </p>
   </div>
   <div class='ocr_carea' id='block_1_4' title="bbox 262 3187 1965 3478">
    <p class='ocr_par' dir='ltr' id='par_1_4' title="bbox 262 3187 1965 3478">
     <span class='ocr_line' id='line_1_43' title="bbox 262 3187 1965 3264; baseline 0.002 -23"><span class='ocrx_word' id='word_1_312' title='bbox 262 3187 390 3242; x_wconf 78' lang='lat' dir='ltr'><strong>‘ideo</strong></span> <span class='ocrx_word' id='word_1_313' title='bbox 437 3189 614 3243; x_wconf 90' lang='lat' dir='ltr'><strong>minus</strong></span> <span class='ocrx_word' id='word_1_314' title='bbox 663 3193 916 3262; x_wconf 80' lang='lat' dir='ltr'><strong>probari„</strong></span> <span class='ocrx_word' id='word_1_315' title='bbox 969 3195 1227 3264; x_wconf 89' lang='lat' dir='ltr'><strong>quoniam</strong></span> <span class='ocrx_word' id='word_1_316' title='bbox 1264 3207 1666 3261; x_wconf 70' lang='lat' dir='ltr'><strong>,nonnunquam</strong></span> <span class='ocrx_word' id='word_1_317' title='bbox 1718 3190 1965 3245; x_wconf 87' lang='lat' dir='ltr'><strong>accidere</strong></span> 
     </span>
     <span class='ocr_line' id='line_1_44' title="bbox 263 3259 1965 3329; baseline 0.001 -16"><span class='ocrx_word' id='word_1_318' title='bbox 263 3259 471 3329; x_wconf 85' lang='lat' dir='ltr'><strong>possit,</strong></span> <span class='ocrx_word' id='word_1_319' title='bbox 522 3268 586 3314; x_wconf 90' lang='lat' dir='ltr'><strong>ut</strong></span> <span class='ocrx_word' id='word_1_320' title='bbox 648 3263 865 3317; x_wconf 83' lang='lat' dir='ltr'><strong>minime</strong></span> <span class='ocrx_word' id='word_1_321' title='bbox 921 3266 1126 3320; x_wconf 90' lang='lat' dir='ltr'><strong>iustum</strong></span> <span class='ocrx_word' id='word_1_322' title='bbox 1186 3262 1364 3318; x_wconf 88' lang='lat' dir='ltr'><strong>videri</strong></span> <span class='ocrx_word' id='word_1_323' title='bbox 1424 3263 1621 3324; x_wconf 84' lang='lat' dir='ltr'><strong>debeat</strong></span> <span class='ocrx_word' id='word_1_324' title='bbox 1681 3264 1965 3316; x_wconf 83' lang='lat' dir='ltr'><strong>veritatem</strong></span> 
     </span>
     <span class='ocr_line' id='line_1_45' title="bbox 263 3330 1962 3407; baseline 0.001 -23"><span class='ocrx_word' id='word_1_325' title='bbox 263 3330 506 3400; x_wconf 88' lang='lat' dir='ltr'><strong>profiteri</strong></span> <span class='ocrx_word' id='word_1_326' title='bbox 554 3351 617 3386; x_wconf 89' lang='lat' dir='ltr'><strong>ac</strong></span> <span class='ocrx_word' id='word_1_327' title='bbox 666 3332 909 3389; x_wconf 88' lang='lat' dir='ltr'><strong>debitum</strong></span> <span class='ocrx_word' id='word_1_328' title='bbox 957 3337 1045 3390; x_wconf 87' lang='lat' dir='ltr'><strong>vel</strong></span> <span class='ocrx_word' id='word_1_329' title='bbox 1094 3335 1402 3407; x_wconf 90' lang='lat' dir='ltr'><strong>depositum</strong></span> <span class='ocrx_word' id='word_1_330' title='bbox 1453 3334 1697 3388; x_wconf 86' lang='lat' dir='ltr'><strong>reddere.</strong></span> <span class='ocrx_word' id='word_1_331' title='bbox 1738 3335 1800 3388; x_wconf 82' lang='lat' dir='ltr'><strong>P.</strong></span> <span class='ocrx_word' id='word_1_332' title='bbox 1839 3337 1962 3389; x_wconf 83' lang='lat'><strong>331.</strong></span> 
     </span>
     <span class='ocr_line' id='line_1_46' title="bbox 263 3402 1963 3478; baseline -0.001 -20"><span class='ocrx_word' id='word_1_333' title='bbox 263 3402 462 3459; x_wconf 20' lang='lat' dir='ltr'><strong>Bw-D,</strong></span> <span class='ocrx_word' id='word_1_334' title='bbox 538 3403 623 3458; x_wconf 72' lang='lat' dir='ltr'><strong>Ibi</strong></span> <span class='ocrx_word' id='word_1_335' title='bbox 647 3425 776 3459; x_wconf 83' lang='lat' dir='ltr'><strong>vero</strong></span> <span class='ocrx_word' id='word_1_336' title='bbox 801 3425 965 3462; x_wconf 88' lang='lat' dir='ltr'><strong>senex</strong></span> <span class='ocrx_word' id='word_1_337' title='bbox 992 3426 1267 3463; x_wconf 85' lang='lat' dir='ltr'><strong>sacrorum</strong></span> <span class='ocrx_word' id='word_1_338' title='bbox 1299 3406 1767 3478; x_wconf 82' lang='lat' dir='ltr'><strong>procurandorum</strong></span> <span class='ocrx_word' id='word_1_339' title='bbox 1789 3407 1963 3477; x_wconf 78' lang='lat' dir='ltr'><strong>gratia</strong></span> 
     </span>
    </p>
   </div>
   <div class='ocr_carea' id='block_1_5' title="bbox 2063 2065 2098 3658">
    <p class='ocr_par' dir='ltr' id='par_1_5' title="bbox 2063 2065 2098 3658">
     <span class='ocr_line' id='line_1_47' title="bbox 2063 2065 2098 3658; baseline 0 0"><span class='ocrx_word' id='word_1_340' title='bbox 2063 2065 2098 3658; x_wconf 95' lang='lat' dir='ltr'><strong> </strong></span> 
     </span>
    </p>
   </div>
  </div>
 </body>
</html>
