2106 3594
1570 126 1834 182 CXXIII

131 281 190 326 ut
240 272 308 327 de
356 269 831 328 verisimilitudine
878 269 999 324 eius
1033 270 1360 340 sententiae,
1406 289 1520 340 qua
1553 288 1832 324 sermones

128 344 487 416 Reipublicae
522 341 748 415 Olymp.
788 339 959 396 XCII.
1001 342 1053 396 2.
1089 342 1178 395 vel
1214 344 1267 398 3.
1304 341 1524 396 habitos
1561 359 1683 396 esse
1722 347 1833 395 sta-

130 416 365 484 tuimus,
413 414 646 469 multum
693 412 1055 467 dubitationis
1103 413 1365 469 iniiciant.
1453 416 1645 484 Atque
1694 411 1835 468 haec

130 487 351 557 quidem
387 485 459 540 de
494 485 836 568 temporibus
871 483 1126 554 Cephali,
1163 485 1225 540 in
1269 485 1469 555 quibus
1503 483 1837 540 definiendis

130 566 191 613 ut
237 556 448 628 aliquid
505 564 857 640 comecturae
908 555 1260 638 tribuendum
1313 557 1387 611 sit
1430 555 1835 640 probabilitati,

127 628 785 827 ffimffilssssffi‘ssnssenffssssss‘
805 635 1376 755 „Zuffi‘ssffigseqssssss
1395 635 1735 767 ῗὲἕέἓωῖξῗ
1750 647 1836 754 „333

257 772 268 783 '
373 772 463 826 ilis
508 772 621 825 ista
667 771 954 845 diligentia
997 770 1218 826 credere
1263 789 1366 826 nos
1400 769 1589 840 iubet,
1639 787 1749 840 qua
1780 772 1836 825 in

126 843 324 899 ceteris
389 841 826 927 scenograpbiae
888 842 1141 914 partibus
1202 850 1456 898 versatus
1518 850 1620 897 est.
1707 842 1748 897 J
1750 863 1837 898 am

125 934 258 970 vero
306 915 394 970 his
441 915 695 970 omnibus
744 912 1112 969 Boeckhio
1160 915 1511 987 potissimum
1560 914 1700 970 duee
1740 935 1835 970 ex·-

124 987 331 1058 peditis
368 987 650 1058 sequitur,
697 994 761 1041 ut
809 986 975 1040 etiam
1029 985 1100 1041 de
1151 999 1399 1059 tempore
1436 986 1835 1042 Bendidiorum

125 1058 319 1130 paucis
356 1057 751 1131 disputandum
789 1058 892 1127 sit,
937 1058 1082 1113 inter
1119 1077 1351 1129 quorum
1379 1058 1670 1114 «solemnia
1719 1066 1836 1113 tum

126 1130 361 1202 primum
389 1130 662 1199 instituta,
688 1129 851 1185 sicuti
889 1136 975 1184 est
1012 1128 1171 1184 Libr.
1206 1130 1253 1185 1.
1277 1129 1352 1185 in.
1393 1138 1451 1185 et
1485 1149 1542 1201 p.
1579 1133 1702 1186 354.
1742 1134 1836 1200 A„

21 1244 25 1299 ἑ
126 1219 406 1257 sermones
450 1202 627 1257 habiti
673 1201 751 1256 fin
868 1208 977 1255 tur.
1062 1199 1302 1261 Constat
1348 1211 1539 1256 autem:
1568 1202 1837 1258 Bendidis

209 1274 221 1285 ’
268 1274 466 1343 ‘onem,
499 1292 535 1328 a
559 1273 763 1356 Thraci
803 1291 881 1400 αἱ
898 1281 1230 1346 susceptam,
1263 1273 1375 1357 iam
1413 1274 1563 1357 circa
1588 1273 1836 1348 ‘Olymp.

21 1389 24 1427 ²
125 1415 255 1472 am„
315 1343 1838 1491 ffiffigffexzuinazffifflff¹zfff⁸z„2333

126 1487 487 1544 Thressas
522 1487 732 1558 docuit,
766 1507 880 1559 qua
912 1489 1104 1552 fabula
1136 1497 1348 1546 certum
1385 1497 1474 1545 est
1509 1508 1685 1545 novae
1707 1491 1834 1546 reli-

166 1560 181 1572 '
220 1560 306 1615 nis
327 1560 491 1616 istius
524 1561 899 1618 temeritatem
933 1561 1217 1633 explosam
1254 1568 1312 1616 et
1345 1559 1584 1616 derisam
1620 1581 1742 1617 esse
1760 1563 1834 1634 ¹¹).

333 1650 531 1687 caussa
587 1632 828 1703 exstitit,
889 1639 954 1686 ut
1009 1632 1187 1688 critici
1251 1631 1475 1704 quidam
1554 1651 1836 1689 sermones

22 1762 23 1767 ,
127 1703 489 1777 Reipublicae
540 1704 789 1759 Platonis
837 1703 910 1759 ad
956 1703 1151 1759 eadem
1194 1712 1443 1777 tempora
1489 1705 1837 1761 revocandos

125 1793 247 1831 esse
271 1783 579 1844 censerent,
605 1775 856 1846 quamvis
890 1771 1146 1832 omnibus
1169 1777 1291 1831 aliis
1322 1777 1489 1832 rebus
1512 1777 1607 1831 isti
1630 1778 1834 1832 rationi

125 1846 323 1901 mirum
356 1853 621 1916 quantum
658 1847 1077 1916 reluctantibus,
1108 1848 1281 1903 veluti
1306 1847 1565 1904 Theod.
1603 1849 1835 1922 Berg-

125 1916 292 1973 kius
336 1918 440 1973 De
488 1919 735 1991 reliquiis
799 1917 1142 1976 Comoediae:
1182 1920 1407 1974 Atticae
1468 1941 1524 1992 p.
1579 1921 1667 1976 81.
1720 1924 1836 1976 -At

125 1989 268 2045 enim
312 2009 443 2044 vero
482 1998 546 2044 ut
579 1989 847 2046 Bendidis
882 1990 1075 2064 religio
1112 1991 1182 2046 ab
1219 1991 1690 2063 Atheniensibus,
1738 2013 1835 2064 pe-

124 2062 470 2134 regrinorum
541 2081 825 2118 sacrorum
872 2082 988 2119 non
1040 2063 1224 2119 solum·
1268 2063 1685 2137 patientissimis
1735 2064 1837 2119 sed

125 2134 291 2188 etiam
314 2152 385 2206 sp
462 2135 806 2204 tentissimis‚·
842 2140 918 2202 (V.
954 2133 1279 2192 Strabon.
1317 2137 1472 2191 Libr.
1510 2137 1588 2191 X.
1625 2156 1684 2208 p.
1708 2140 1836 2193 471.

124 2204 365 2261 Lobee
419 2247 434 2261 .
471 2206 837 2279 Aglaopham.
890 2207 958 2263 Τ.
1004 2207 1052 2263 Ι.
1102 2227 1157 2280 p.
1208 2209 1335 2265 659.
1372 2210 1525 2280 sqq.)
1575 2216 1692 2263 tum
1744 2228 1836 2264 su-

125 2283 320 2350 scepta
353 2277 460 2348 sit,
511 2285 694 2333 tamen
730 2277 859 2334 inde
893 2279 1113 2335 minime
1156 2281 1426 2351 sequitur,
1464 2289 1528 2335 ut
1563 2280 1658 2335 illo
1698 2288 1838 2335 tem-

126 2369 264 2422 pore
322 2350 488 2404 etiam
562 2351 759 2435 ‘ublics
806 2351 867 2406 in
897 2352 1037 2434 'eius
1084 2352 1349 2407 honorem
1385 2372 1543 2418 sacra
1581 2353 1841 2407 instituta

125 2430 737 2576 mmssimffiss,
799 2422 970 2551 ‘353⁸
997 2432 1262 2552 Ἒέξῖῗέ
1266 2423 1836 2571 ¹⁰3¹0S3⁰¹2¹53¹1301¹2313¹1¹13

127 2562 281 2637 apud
301 2564 577 2647 ‘Xenoph
629 2566 840 2621 Histor.
890 2565 995 2623 Gr.
1028 2567 1107 2623 11.
1146 2571 1325 2638 4,,11.
1365 2570 1447 2638 fit,
1487 2570 1626 2624 satis
1666 2574 1835 2623 testa·

127 2644 253 2707 tur,
297 2654 407 2691 iam
454 2645 572 2692 tum
611 2637 666 2692 in
714 2637 909 2694 Attica
955 2639 1178 2695 civitate
1215 2641 1517 2713 publice
1551 2647 1679 2695 acta
1715 2659 1836 2695 esse

126 2706 535 2764 Bendideorum
572 2709 893 2778 sollemnia,
930 2710 1393 2780 quemadmodum
1428 2731 1532 2767 nec
1570 2712 1835 2785 templum

129 2777 295 2835 Isidis
332 2780 540 2836 Romae
577 2780 862 2837 conditum
900 2779 1230 2839 documento
1259 2802 1381 2839 esse
1410 2791 1614 2855 potest,
1653 2783 1834 2838 Isiaca

128 2869 293 2907 esen
331 2851 478 2907 inter
536 2853 816 2909 Romanos
867 2853 1087 2925 publice
1135 2855 1309 2911 fuisse
1373 2856 1673 2911 celebrata.
1755 2857 1836 2910 At

130 2922 276 2979 enim
335 2943 469 2980 vero
523 2924 746 2981 videtur
807 2924 1111 2982 Thracicae
1159 2930 1298 2982 deae
1365 2927 1560 3002 religio
1665 2927 1835 2983 auna-

128 2993 228 3050 tim
279 2994 447 3051 latius
507 2998 808 3070 serpsisse,
868 3017 938 3053 ex
997 3016 1108 3070 qno
1178 2998 1546 3056 Athenienses
1667 3000 1834 3072 lymp.

134 3062 503 3123 mxvll.
551 3072 605 3125 3.
641 3077 786 3125 teste
825 3069 1144 3143 Thucyd.
1184 3070 1275 3126 Vl.
1313 3073 1400 3130 29.
1440 3091 1566 3128 cum
1607 3071 1834 3127 Thraei—

164 3311 175 3324 “
218 3310 261 3359 ⁸)
292 3307 633 3422 viquenmke
666 3311 810 3367 Frsg
830 3327 870 3357 m
930 3314 1054 3357 Com.
1098 3328 1163 3368 gr.
1210 3314 1310 3359 vol.
1352 3314 1411 3361 ΙΙ.
1446 3316 1496 3360 1‘.
1531 3314 1589 3358 ΙΙ.
1624 3329 1664 3370 p.
1702 3316 1829 3361 1096.
