2098 3658
327 163 392 213 92
939 164 1409 222 PLATONIS

323 311 491 377 λέγει’,
540 309 670 370 ΙΙῶς
715 306 822 379 >cip
871 309 936 366 οὐ
979 311 1288 384 βούλομαις
1337 306 1369 380 ἦ
1418 313 1458 368 δ’
1510 311 1589 378 ὅς.
1619 311 1721 370 Ἀν
1763 319 1864 414 μὲν
1908 322 2020 372 τοί-

323 412 442 458 νυν,
491 383 557 456 ἦν
603 390 642 445 δ’
687 394 813 461 ἐγώ,
858 395 1408 462 ἀντικατατείναντες
1450 402 1684 468 λέγωμεν
1729 400 1882 470 αὐτῷ
1927 401 2020 457 λό-

322 497 422 540 ρον
470 496 621 545 παρα
668 476 867 546 λόγον,
908 477 1014 535 ὅσα
1060 473 1132 536 αὗ
1177 481 1380 550 ἀῑαθα
1429 488 1530 553 ἔχει
1575 480 1638 538 τὸ
1687 486 1903 539 δίκαιον
1947 485 2019 540 εἶ-

322 581 429 623 ναι,
474 562 568 613 καὶ
612 553 790 636 αὖθις
837 557 1018 628 οὗτος,
1064 568 1153 620 καὶ
1176 565 1350 622 ἄλλον
1378 564 1545 635 ἡμεῖς,
1586 565 1856 636 ἀριθμεῖν
1897 567 2018 636 δεή-
2076 591 2080 595 ’

320 661 402 696 σει
445 642 684 712 τάγαθὰ
729 650 821 701 καὶ
858 659 1074 722 μετρεῖν
1118 647 1221 705 ὅσα
1267 651 1518 719 ἑκάτεροι
1563 658 1621 706 ἐν
1659 658 1892 723 ἑκατέρῳ
1937 658 2019 708 λέ-

219 727 268 778 Β
318 749 512 798 γομεν,
566 732 659 782 καὶ
710 727 814 798 ἤδη
869 736 1140 788 δικαστῶν
1192 738 1359 789 τινῶν
1422 737 1531 789 τῶν
1586 737 2018 806 διακρινούντων

318 811 667 882 δεησόμεθα·
711 812 786 869 ἂν
831 820 886 872 ὑὲ
928 815 1104 890 ὥςπερ
1149 815 1276 887 ἄρτι
1323 818 1836 890 ανομολογούμενοι
1880 822 2017 921 πρὸς

314 895 590 963 ἀλλήλους
639 904 956 974 σκοπῶμεν,
1010 899 1131 973 ἅμα
1175 901 1342 958 αὐτοί
1385 925 1440 958 τε
1469 908 1737 961 δικασταὶ
1783 910 1875 960 καὶ
1917 905 2017 977 ῥή-

317 1002 473 1052 τορες
517 980 787 1050 ἐσόμεθα.
873 985 1043 1041 ῙΙοένν
1086 989 1187 1057 μὲν
1232 979 1347 1052 οἷν,
1393 992 1517 1062 ἔᾳη.
1566 986 1868 1062 Ὁποτέρως
1913 983 2015 1046 οὖν

313 1085 418 1132 σοι,
462 1056 529 1132 ἦν
578 1064 620 1121 δ’
667 1070 786 1139 ἐμά,
835 1068 1083 1141 αρέσκεις
1151 1068 1366 1138 Οὕτως,
1411 1076 1535 1147 ἔφη.

339 1315 346 1327 “
444 1233 584 1312 Cap.
637 1237 771 1292 XX.
846 1237 971 1295 '‘I-91,
1034 1241 1128 1309 δή,
1190 1234 1260 1308 ἦν
1303 1241 1345 1296 δ’
1399 1242 1530 1311 ἐγώ,
1577 1235 1617 1297 ὦ
1669 1242 2016 1313 Θρασύμαχε,

316 1317 616 1392 απόκριναι
665 1320 794 1391 ἡμῖν
841 1324 891 1390 ἐξ
934 1325 1138 1397 ἀρχῆς·
1182 1325 1287 1392 τὴν
1322 1331 1520 1382 ,τελέαν
1565 1326 1790 1382 ἀδικίαν
1833 1331 2017 1392 τελέας

315 1401 482 1471 οὔσης
539 1407 892 1475 δικαιοσύνης
947 1414 1391 1481 λυσιτελεστέραν
1449 1408 1558 1489 φῂς
1601 1411 1776 1481 dvm,-
1840 1411 2012 1467 Πάνυ

431 1573 481 1613 P
518 1572 616 1616 348·
649 1574 879 1628 λέγωμεν
909 1573 1053 1634 αυτῷ
1084 1575 1248 1630 λόγον
1279 1575 1418 1629 παρὰ
1464 1574 1653 1632 λόγου]
1718 1577 1878 1619 Vitiose
1911 1584 2014 1622 vett

314 1629 434 1672 editt.
466 1630 731 1685 παράλογον,
761 1634 877 1686 quod
910 1647 963 1675 ex
1003 1620 1096 1680 [far.
1130 1637 1230 1678 AK.
1296 1637 1389 1679 Vat.
1425 1634 1478 1676 6.
1542 1634 1644 1677 Ven-
1685 1636 1731 1676 Ξ.
1793 1635 1923 1679 Vind.
1959 1639 2014 1680 Ψ.

311 1689 469 1787 tAmbr.
488 1695 610 1788 tAug.
648 1690 742 1735 Vat.
778 1706 812 1737 r.
845 1691 964 1733 Mon.
998 1695 1112 1738 Flor.
1152 1708 1196 1739 a.
1237 1695 1278 1737 b.
1310 1707 1347 1737 c.
1384 1706 1427 1735 x.
1459 1709 1502 1733 α.
1532 1695 1573 1746 β.
1603 1710 1642 1748 y.
1682 1693 1775 1734 aliis
1807 1693 2014 1736 emenda·

333 1759 401 1788 um
437 1759 485 1786 es

428 1804 536 1858 Cap.
570 1805 667 1847 XX.
724 1806 772 1849 C.
813 1806 999 1857 ἐπειδὴ
1041 1807 1129 1846 καὶ
1161 1806 1315 1863 λέγω]
1347 1805 1495 1860 ἐπειδή
1523 1822 1571 1862 γε
1601 1807 1673 1849 καὶ
1709 1806 2012 1851 Ambr.F10r.

310 1863 1171 1919 a.c.x.......aye0nfadp335c

307 1990 415 2031 quo
451 1977 498 2019 ei
531 1977 971 2032 persuadeamus.

372 2033 941 2082 ἀντικατατείναντες
973 2039 1114 2089 λέγω·

309 2107 408 2147 μεν
455 2095 539 2148 --]
602 2095 940 2135 Κατατείναντα
987 2092 1114 2148 λόγον

310 2150 428 2203 παρὰ
477 2150 606 2206 λόγον
653 2157 720 2193 est
771 2153 1115 2194 contendere

312 2210 575 2252 oratione
604 2210 705 2258 sic,
737 2210 980 2252 utaliam
1013 2210 1114 2251 alii

313 2278 602 2321 opponas,
643 2274 691 2309 ut
723 2268 814 2310 libr.
845 2269 978 2320 11.p.
1016 2267 1116 2312 385.

318 2324 368 2366 D.
431 2325 502 2366 Ita
530 2326 891 2379 ἅντιπαρατεῖναι
929 2327 1114 2370 Phaedr.

315 2395 355 2435 p.
397 2382 496 2427 257.
536 2385 584 2427 C.
627 2390 671 2425 et
714 2381 1117 2437 ἀντιπαραβάλλειν.

317 2440 453 2509 Hipp.
485 2442 582 2485 mai.
621 2456 669 2502 p.
693 2441 795 2486 369.
826 2441 875 2482 C.
932 2443 974 2483 ln
1015 2455 1116 2496 pro-

314 2498 462 2540 ximis:
497 2497 579 2540 ὅσα
609 2504 665 2540 αι]
699 2498 852 2552 α’γαθὰ
884 2502 994 2551 ἔχει,
1041 2512 1115 2541 vo-

315 2559 409 2596 cula
447 2561 502 2596 αι]
559 2563 625 2599 est
684 2562 902 2610 contra,
951 2559 1112 2599 vicis-

310 2615 440 2666 sim,
473 2620 520 2656 ut
550 2616 809 2657 sexcenties.
841 2616 914 2656 Ad
946 2609 1116 2656 nainv—

315 2674 392 2718 θις
423 2676 556 2722 οὗτος
585 2673 715 2714 intell.
747 2672 876 2725 λόγον
907 2675 1022 2729 λέγῃ,
1059 2674 1116 2714 si-

315 2731 561 2783 militerque
597 2731 651 2771 ad
701 2730 770 2770 καὶ
815 2731 943 2772 ἄλλον
991 2730 1118 2784 ἡμεῖς

314 2789 481 2841 cogites
521 2790 717 2842 λέγωμεν.
778 2788 955 2844 Frustra
997 2791 1117 2831 Ste-

310 2845 515 2900 phanus
561 2854 604 2889 et
626 2846 813 2888 Astius
845 2849 985 2888 locum
1013 2860 1115 2888 con-

312 2905 476 2946 iectura
507 2910 745 2953 tentarunt,
779 2918 832 2947 ex
839 2906 1018 2962 quibus
1045 2907 1117 2947 iiie

310 2962 539 3015 legendum
573 2963 758 3004 censuit·
803 2965 958 3014 οὑτος,
989 2962 1118 3002 ἄλλον

305 3017 410 3074 ἡμῖν
447 3019 658 3076 ἀριθμεῖν
715 3017 856 3072 δεήσει
892 3021 1006 3067 ank,-
1054 3020 1118 3062 Ιιίο

311 3078 581 3119 scribendum
638 3081 910 3130 suspicatur:
968 3082 1117 3125 οὗτος,

307 3133 415 3174 ἄλλο
455 3151 499 3175 τι
548 3137 783 3189 (nonne)
827 3135 942 3190 ἡμᾶς
980 3135 1114 3189 α’ριθ·

308 3197 405 3246 μεῖν
448 3192 588 3243 δεήσει
617 3217 673 3225 —--
714 3193 990 3248 δεησόμεθα;
1037 3193 1112 3236 Ni-

310 3250 462 3291 mirum
495 3252 704 3294 sententia
742 3253 968 3293 verborum
1009 3251 1114 3292 haec

313 3313 401 3349 est:
451 3308 664 3352 Quodsi
721 3311 961 3351 cumino
994 3321 1114 3350 eon-

311 3365 607 3411 tendentes
680 3367 797 3406 eius
870 3366 1116 3408 orationi

315 3425 865 3480 alinmopponamus,
909 3425 1115 3466 deinde

309 3482 404 3526 iiie
443 3494 639 3525 rursus
678 3481 835 3522 nobis
882 3494 1115 3534 respon—

1201 1979 1350 2031 deat,
1383 1984 1488 2021 tum
1520 1992 1620 2020 nos
1663 1979 1772 2020 alia
1805 1980 2013 2021 oratio-

1200 2051 1263 2078 ne
1304 2050 1522 2078 causam
1565 2041 1815 2079 nostram
1858 2042 2012 2079 tuea-

1202 2108 1338 2146 mur3
1372 2108 1456 2136 res
1491 2108 1558 2136 eo
1591 2095 1914 2148 perveniet,
1947 2099 2013 2136 ut

1202 2153 2014 2206 singuiorumbonorum‚quae

1205 2211 1418 2262 utrique
1470 2211 2012 2262 enumeraverimm,

1205 2270 1476 2310 rationem
1520 2269 1662 2309 inire
1711 2268 2012 2310 debeamus

1203 2326 1452 2378 adeoque
1521 2325 1797 2366 iudicibus
1870 2338 2012 2380 opus

1203 2385 1302 2434 sit,
1337 2385 1424 2435 qui
1456 2385 1516 2426 de
1547 2384 1764 2425 illorum
1801 2384 2012 2437 magni-

1203 2441 1392 2483 tudine
1431 2447 1780 2494 cognoscant
1831 2446 1887 2483 et
1935 2442 2010 2482 iu-

1209 2500 1416 2541 dicium
1446 2500 1681 2549 faciant.
1725 2499 1878 2540 Veram
1911 2512 2012 2540 esse

1202 2557 1308 2599 hanc
1354 2557 1756 2610 interpretationem
1808 2557 2011 2597 luculen-

1201 2621 1268 2657 ter
1299 2614 1456 2656 docent
1484 2615 1616 2656 verba
1648 2612 1731 2655 δ’σα
1757 2611 1948 2668 ἑκάτεροι
1967 2614 2011 2653 ἐν

1202 2675 1388 2729 ἑκατέρῳ
1414 2674 1604 2725 λέγομει,
1637 2673 1676 2712 in
1701 2671 1870 2723 quibus
1877 2670 2010 2712 utris·

1202 2744 1287 2783 que
1349 2730 1432 2771 bini
1487 2728 1611 2783 λόγοι
1656 2726 2011 2784 κατατεινόμεναι
2088 2758 2089 2783 3

1203 2790 1366 2857 diserte
1400 2788 1663 2828 tribuuntur.
2086 2822 2088 2839 ‚

1260 2847 1313 2887 B.
1394 2843 1691 2894 Ὸποτέρως
1747 2834 1847 2883 ουν
1915 2854 2011 2881 σοι
2085 2845 2088 2875 1

1203 2902 1434 2957 ἀρέσκει,
1428 2903 1483 2955 ·]
1527 2899 2008 2948 inteiligas.1uben-
2083 2891 2086 2908 ’

1203 2960 1609 3008 tei-audierim,
1632 2957 1764 3009 ἡδέως
1785 2971 1838 2995 αν
1868 2953 2006 2996 ἄκου’-
2069 2979 2071 2981 ·

1203 3035 1335 3069 σαιτι,
1367 3022 1442 3059 aut
1472 3017 1614 3058 simite
1643 3013 1859 3068 quiddam.
1919 3013 2007 3055 Ne·

1203 3090 1287 3130 que
1319 3074 1429 3116 enim
1454 3071 1790 3116 Heindorfio
1822 3070 1876 3112 ad
1900 3071 2005 3123 Ly.s

1204 3149 1242 3185 p.
1286 3133 1384 3177 212.
1449 3132 1499 3173 C.
1545 3136 1587 3171 et
1616 3129 1906 3171 Lobeckio
1952 3127 2006 3168 ad

1199 3189 1426 3248 Phrynicii.
1460 3203 1501 3243 p.
1532 3188 1602 3232 57.
1639 3187 1811 3229 relativa
1837 3199 1915 3239 pro
1943 3185 2006 3225 in-

1200 3249 1476 3301 terrogativis
1520 3246 1714 3299 usurpari
1774 3242 2004 3286 affirmanti
2073 3261 2076 3277 ·

1200 3315 1364 3352 temere
1384 3305 1513 3347 fidem
1539 3302 1774 3345 habendam
1805 3314 1902 3342 esse
1925 3300 2005 3340 do

1201 3367 1347 3406 cuisse
1378 3365 1519 3404 nobis
1534 3362 1730 3402 videmur
1756 3358 1809 3401 ad
1831 3358 2005 3399 Menon.

1202 3438 1242 3477 p.
1276 3421 1347 3466 74
1381 3423 1429 3463 D.
1462 3421 1615 3462 Oratio
1632 3418 1793 3460 talibus
1825 3417 1867 3457 in
1894 3416 2005 3456 locis
2059 3456 2063 3460 ⁴

1204 3480 1417 3523 mimicam
1460 3479 1647 3532 speciem
1689 3489 1791 3530 prae
1824 3488 1873 3516 se
1904 3472 2002 3523 fert,
2067 3474 2069 3487 ¹
