2106 3594
267 134 485 218 'Lvm

286 327 337 361 v.
375 306 555 378 Legg.
596 305 643 359 Ι.
682 322 734 374 p.
775 304 897 356 637.
937 300 1001 354 C.
1041 300 1130 354 De
1167 301 1304 373 Rep.
1345 301 1475 355 Vlll.
1514 320 1568 371 p.
1609 302 1730 355 548.
1769 301 1835 355 B.
1875 302 1998 355 coll.

287 378 588 430 Aristot.
639 374 796 444 Reip.
850 373 902 428 ll.
953 373 1002 426 9.
1089 371 1247 440 Quae
1301 391 1388 426 res
1427 374 1532 426 etsi
1570 391 1692 425 eum
1730 372 1996 427 habuerat

288 455 545 502 eventum
571 486 587 515 ,
625 453 689 498 ut
725 446 1018 499 Lacaenae
1054 451 1278 516 propter
1316 442 1643 496 dissolutam
1680 463 1890 497 morum
1930 445 1993 496 li-

291 519 527 573 centiam
573 516 714 570 male
764 515 1048 582 audirent,
1106 522 1291 568 tamen
1337 515 1528 584 Plato,
1581 534 1649 568 ne
1699 534 1809 584 qua
1871 535 1997 586 pars

289 589 544 644 civitatis
572 606 704 641 suae
752 587 892 640 male
931 585 1180 658 neglecta
1224 585 1506 638 videretur
1542 586 1745 658 (Legg.
1782 586 1894 640 Vll.
1942 607 1996 657 p.

288 662 415 714 806.
440 659 552 729 Q),
591 659 840 730 Lycurgi
877 658 1184 712 institutum
1222 677 1334 710 non
1370 656 1535 710 niodo
1575 657 1876 710 imitatione
1917 657 1999 710 di-

287 751 484 803 gnum,
525 729 624 784 sed
662 731 828 783 etiam
865 729 1094 782 ulterius
1127 727 1542 800 provehendum
1580 728 1879 795 iudicavit,
1920 729 1999 781 ita

288 802 622 872 reipublicae
662 801 968 873 integritati
1005 800 1145 853 bene
1171 800 1482 853 consultum
1520 799 1636 852 fore
1663 806 1832 852 ratuS.
1908 800 1997 851 Ad

291 873 557 926 Doricum
582 892 787 926 morem
826 872 1138 926 referuntur
1175 872 1335 924 etiam
1371 890 1451 938 ea,
1487 889 1628 939 quae
1665 870 1732 923 de
1766 871 2001 939 publicis

292 944 560 997 conviviis
631 942 922 997 custodum
973 942 1271 996 constituit.
1371 940 1702 1009 Quanquam
1737 940 1826 994 hic
1865 961 2000 1011 quo·

291 1034 397 1085 que
449 1016 517 1069 ab
571 1015 790 1068 illorum
837 1014 1105 1068 institutis
1156 1013 1493 1082 aliquantum
1533 1012 1788 1080 recessit,
1831 1014 2001 1082 siqui-

293 1087 415 1139 dem
443 1105 511 1139 ex
536 1086 786 1159 Lycurgi
807 1086 1022 1157 legibus
1059 1084 1239 1156 quivis
1279 1085 1414 1138 civis
1442 1082 1820 1136 tantummodo
1858 1104 2003 1157 sym-

288 1158 445 1212 bolas
509 1157 580 1211 ad
643 1157 953 1211 communia
1011 1156 1264 1210 convivia
1323 1155 1670 1224 conferebat,
1733 1154 1791 1207 id
1854 1155 2003 1226 quod

290 1228 645 1300 reprehendit
696 1228 1148 1283 Aristoteles
1204 1227 1369 1280 Polit.
1416 1226 1470 1280 ll.
1523 1228 1603 1291 9.;
1656 1244 1723 1280 ex
1771 1225 2001 1280 Creten-

291 1301 431 1354 sium
469 1308 651 1353 autem
705 1299 1100 1354 consuetudine
1151 1298 1404 1351 omnibus
1443 1316 1698 1369 agrorum
1735 1297 2001 1352 fructibus

289 1372 347 1424 in
398 1391 568 1424 unum
619 1372 834 1425 collatis
871 1371 1094 1442 publica
1128 1368 1564 1422 instituebantur
1600 1369 1881 1437 convivia,
1932 1369 2002 1422 de

291 1443 492 1511 quibus
541 1464 592 1497 v.
644 1444 789 1497 Plat.
838 1443 1018 1513 Legg.
1074 1441 1186 1495 Vll.
1224 1461 1277 1511 p.
1331 1442 1452 1494 847.
1488 1440 1556 1494 Ε.
1631 1441 1716 1495 Ac
1754 1441 2002 1494 similiter

290 1514 452 1565 etiam
530 1513 955 1567 existimandum
1022 1520 1107 1566 est
1171 1511 1239 1564 de
1300 1512 1567 1565 bonorum
1625 1512 1998 1583 possessione,

289 1583 358 1637 de
439 1604 669 1638 uxorum
732 1593 788 1638 et
847 1583 1143 1637 liberorum
1225 1583 1608 1637 communione
1670 1594 1835 1654 atque
1881 1583 2002 1637 aliis

291 1655 622 1726 quibusdam
678 1656 976 1722 institutis,
1042 1654 1109 1707 de
1173 1654 1371 1723 quibus
1422 1654 1565 1706 infra
1615 1653 1833 1708 dicendi
1900 1655 2003 1708 erit

291 1727 531 1795 occasi0,
573 1747 682 1798 quo
720 1728 842 1781 loco
883 1744 1226 1796 quaeremus,
1267 1745 1397 1778 num
1437 1744 1546 1793 qua
1580 1725 2000 1779 Ecclesiazusae

290 1798 682 1867 Aristophanis
744 1798 814 1851 ad
891 1796 1190 1870 primordia
1253 1796 1614 1866 Reipublicae
1680 1797 2001 1850 Platonicae

290 1870 602 1923 accuratius
666 1868 978 1923 definienda
1045 1866 1254 1937 aliquid
1322 1866 1559 1922 valeant.
1661 1867 1806 1923 Sunt
1857 1869 2001 1921 enim

290 1940 429 1994 haec
469 1960 690 2011 quoque
724 1941 804 1994 ita
843 1947 1176 2011 comparata,
1217 1950 1279 1991 ut
1315 1939 1607 1992 Platonem
1645 1947 1892 2011 apertum
1931 1947 2005 1994 sit

291 2031 325 2064 a
372 2012 703 2066 Doricarum
754 2012 1038 2065 civitatum
1085 2010 1354 2063 institutis
1407 2011 1713 2081 profectum
1763 2030 1827 2064 ea
1877 2030 2002 2066 san—

290 2084 459 2153 xisse,
499 2103 639 2154 quae
676 2084 733 2136 in
771 2083 976 2154 optima
1014 2083 1236 2135 civitate
1274 2082 1579 2136 constituit.

433 2198 591 2252 Haec
639 2197 822 2252 omnia
868 2196 1039 2268 igitur
1087 2215 1255 2265 quum
1304 2194 1439 2249 satis
1487 2194 1770 2266 explorata
1835 2197 2003 2252 habe-

293 2277 488 2337 antur,
543 2269 796 2323 omnibus
858 2275 1006 2322 certe
1058 2266 1223 2320 debet
1275 2285 1394 2320 esse
1447 2267 1829 2337 perspicuum,
1898 2269 2002 2322 ilii-

291 2339 585 2410 losophum
637 2340 958 2410 neutiquam
1008 2338 1170 2407 meris
1226 2337 1453 2391 somniis
1502 2337 1830 2400 indulsisse,
1871 2290 2000 2394 dum

294 2411 583 2466 constituit
633 2431 772 2481 quae
825 2409 990 2482 vulgo
1030 2429 1130 2480 pro
1169 2409 1316 2462 miris
1355 2419 1410 2461 et
1445 2408 1699 2464 absurdis
1737 2418 1867 2464 sunt
1904 2411 1999 2465 ha-

292 2484 438 2551 bita,
493 2481 594 2535 sed
643 2502 783 2552 quae
834 2483 980 2534 vitae
1039 2500 1143 2535 usu
1209 2487 1396 2533 essent
1461 2481 1817 2552 comprobata
1879 2502 2002 2536 cum

292 2553 673 2625 philosophiae
723 2555 935 2607 ratione
985 2552 1418 2619 consociavisse,
1470 2552 1547 2605 ita
1602 2554 1803 2606 certius
1855 2554 2001 2608 futu-

291 2646 411 2678 rum
460 2645 578 2679 esse
630 2632 844 2694 ratum,
898 2631 959 2676 ut
1008 2623 1283 2694 exemplar
1321 2622 1559 2694 optimae
1598 2624 1835 2678 civitatis
1872 2645 1904 2677 a
1943 2645 2000 2680 se

292 2696 684 2761 deformatum,
726 2696 974 2766 quamvis
1022 2714 1293 2764 nusquam
1344 2702 1608 2748 terrarum
1648 2703 1878 2761 extaret,
1917 2705 1999 2749 ta-

292 2788 418 2892 igen
480 2767 548 2820 ad
611 2767 982 2822 emendandas
1045 2767 1296 2821 civitates
1370 2773 1562 2836 aptum
1631 2775 1777 2820 esset
1838 2775 2001 2837 atque

291 2859 309 2891 1
351 2858 566 2894 oneum.

389 2960 392 2964 ·
435 2938 552 2990 Iam
583 2942 732 2991 ‘vero
784 2936 855 2990 ad
906 2937 1043 2991 haec
1092 2938 1273 2992 omnia
1322 2937 1486 2990 etiam
1535 2937 1708 3007 ipsius
1748 2936 1996 2990 Platonis

293 3008 507 3062 accedit
560 3009 629 3063 de
677 3009 959 3080 republica
1007 3028 1108 3063 sua
1160 3008 1450 3075 iudicium,
1493 3007 1637 3061 unde
1674 3007 1896 3079 planum
1934 3009 1999 3060 fit.

294 3100 358 3133 ac
411 3081 798 3151 perspicuum,
858 3081 1040 3151 ipsum
1091 3079 1310 3150 quidem
1363 3078 1753 3149 philosophum
1814 3080 1870 3131 in
1933 3099 1995 3132 ea

295 3152 464 3204 fuisse
503 3153 805 3221 sententia,
858 3159 921 3204 ut
957 3151 1061 3206 sibi
1096 3151 1374 3205 videretur
1409 3151 1727 3219 neutiquam
1766 3169 1830 3203 ea
1867 3170 1997 3203 con-

294 3223 555 3290 stituisse,
610 3243 750 3293 quae
799 3242 1077 3291 nunquam
1116 3229 1341 3295 possent
1381 3221 1449 3273 ad
1503 3221 1755 3275 eflectum
1796 3221 1997 3291 perdu-

295 3294 344 3347 ci
385 3301 480 3346 aut
504 3293 574 3346 ad
599 3293 966 3348 emendandas
999 3295 1278 3347 civitatum
1305 3293 1543 3347 rationes
1570 3300 1625 3345 et
1650 3292 1995 3346 conditiones

294 3364 557 3420 adhiberi.
641 3366 783 3419 Nam
811 3364 1044 3438 primum
1070 3365 1322 3436 quidem,
1378 3364 1539 3418 sicuti
1580 3363 1698 3435 ipse
1749 3362 1995 3418 Graecus

2095 1112 2106 1208 1-...-
2099 1002 2106 1099 ..ul
2099 966 2106 986 -ι,
2101 893 2106 948 .-...
2095 827 2106 874 ..c-
2102 785 2106 813 ⁴-
