2124 3744
288 149 353 199 22
902 141 1380 195 PLATONIS

285 294 500 343 ἐκείνων
545 291 915 351 ἐλλείποντας,
957 286 1088 358 μηδ’
1141 293 1201 340 ὲν
1243 284 1393 355 ἄλλῳ
1434 289 1628 355 μηδενὶ
1673 291 1823 356 μέρει
1865 284 1994 356 ἀρε-

286 375 385 437 τῆς
427 369 828 441 ὑστεροῦντας,
857 367 1112 426 ’Ἀτοπον
1154 369 1309 441 μέντ’
1363 367 1454 434 ἄν,
1499 374 1620 443 ἔφη,
1666 369 1748 435 ε’ίη
1790 366 1996 432 ἄλλους

290 459 608 526 αἱρεῖσθαι,
664 455 710 508 εἴ
765 476 824 523 γε
886 447 1066 508 τᾶλλα
1111 453 1186 525 μὴ
1233 456 1595 508 ἐλλείποιντο·
1658 451 1842 521 τούτῳ
1887 452 1995 524 γὰρ

149 551 252 603 485
291 538 445 607 αὐτῷ
497 538 693 609 σχεδόν
749 560 798 593 τι
858 540 935 608 τῷ
988 542 1223 608 μεγίστῳ
1269 535 1344 591 ἂν
1387 542 1687 608 προέχοιεν.
1779 535 1998 592 Οὐκοῦν

294 625 461 677 τοῦτο
520 620 587 689 δὴ
645 626 913 692 λέγωμεν,
968 626 1094 677 τίνα
1151 619 1363 691 τρόπον
1409 621 1519 677 οἷοί
1562 620 1610 675 τ’
1674 624 1900 676 ἔσονται
1944 644 1999 676 οι

293 706 454 761 αὐτοὶ
499 705 726 780 κάκεῖνα
771 709 864 761 καὶ
909 709 1088 760 ταῦτα
1134 712 1302 776 ἔχεινς
1377 703 1545 760 Πάνυ
1589 708 1690 775 μὲν
1737 696 1858 759 οὖν.
1931 703 1998 758 uO

288 795 478 845 τοίνυν
532 788 836 861 ἀρχόμενοι
888 788 1092 845 τούτου
1147 791 1250 845 τοῦ
1309 788 1480 854 λόγου
1542 793 1826 858 ἐλέγομεν,
1893 787 1997 854 τὴν

287 874 460 949 φύσιν
503 874 692 928 αὐτῶν
737 877 962 949 πρῶτον
1004 877 1085 929 δεῖ
1120 877 1514 943 καταμαθεῖν·
1563 877 1654 927 καὶ
1685 872 1862 942 οἶμαι,
1896 870 1997 927 ἐὰν

288 963 498 1025 ἐκείνην
552 961 755 1022 ἱκανῶς
811 956 1268 1028 ὁμολογήσωμεν,
1334 956 1697 1029 ὁμολογήσειν
1754 959 1851 1011 καὶ
1908 953 1998 1011 ὅτι

289 1041 400 1098 οἶοί
445 1063 500 1097 τε
545 1045 726 1097 ταῦτα
772 1046 911 1114 ἔχειν
957 1047 1011 1097 οἱ
1053 1040 1237 1107 αὐτοί,
1282 1039 1372 1097 ὅτι
1414 1064 1472 1097 τε
1518 1040 1619 1097 οὐκ
1643 1038 1850 1104 ἄλλους
1895 1038 1998 1095 πό-

288 1131 423 1181 λεων
470 1124 747 1195 ἡγεμόνας
788 1130 869 1182 δεῖ
912 1125 1049 1181 εἶναι
1081 1122 1115 1193 ἢ
1142 1124 1395 1189 τούτους.
1471 1129 1642 1192 Πῶςς
1729 1122 1870 1200 Cap.
1919 1121 1992 1178 II.

295 1214 480 1268 Τοῦτο
523 1214 626 1282 μὲν
691 1209 754 1277 δὴ
812 1213 924 1265 τῶν
978 1209 1309 1285 φιλοσόφων
1351 1209 1572 1283 φύσεων
1615 1215 1737 1279 πέρι
1780 1206 1999 1278 ὡμολο-

193 1307 242 1359 Β
290 1293 492 1362 γήσθω
549 1292 715 1363 ἡμῖν,
769 1293 859 1350 ὅτι
911 1293 1264 1364 μαθήματός
1320 1316 1378 1362 γε
1433 1293 1520 1349 ἀεὶ
1563 1296 1788 1363 ἐρῶσιν,
1846 1288 1876 1347 ὃ
1924 1289 1999 1346 ἂν

291 1378 486 1442 αὐτοῖς
542 1381 702 1444 δηλοῖ
759 1382 964 1444 ἐκείνης
1019 1381 1116 1443 τῆς
1169 1377 1362 1441 οὐσίας
1417 1381 1515 1444 τῆς
1558 1376 1645 1432 ἀεὶ
1692 1373 1862 1442 οὔσης
1904 1381 1997 1431 καὶ

284 1460 361 1531 μὴ
410 1466 768 1530 πλανωμένης
825 1459 934 1517 ὑπὸ
982 1468 1235 1528 γενέσεως
1280 1465 1371 1516 καὶ
1425 1465 1684 1535 φθορᾶς.
1760 1458 1997 1530 ‘Quoi-o-

284 1545 504 1616 γήσθω.
596 1548 710 1601 Καὶ
764 1545 904 1615 μήν,
962 1537 1033 1612 ἦν
1095 1543 1142 1599 δ’
1196 1544 1331 1615 ἐγώ,
1388 1549 1479 1600 καὶ
1541 1542 1630 1600 ὅτι
1674 1542 1854 1610 πάσης
1897 1543 2001 1598 αὐ-

284 1635 400 1698 τῆς,
446 1633 538 1684 καὶ
579 1625 707 1685 οὔτε
753 1632 986 1702 σμικροῦ
1032 1625 1160 1698 οὔτε
1203 1632 1453 1701 μείζονος
1499 1627 1625 1684 οὕτε
1671 1635 1996 1699 τιμιωτέρου

396 1795 448 1839 P.
479 1793 581 1839 485.
645 1794 862 1846 πρῶτον
893 1791 980 1834 δεῖ
1005 1793 1372 1846 καταμαθεῖν]
1407 1793 1510 1835 Par.
1542 1793 1632 1836 AD.
1671 1791 1766 1836 Vat.
1804 1789 1850 1832 Θ.
1882 1793 1994 1835 Ven.

285 1852 420 1896 ,Ξῖ-ΙΙ.
462 1852 594 1894 Vinci.
639 1852 758 1893 Flor.
791 1866 832 1892 α.
876 1865 976 1894 cum
1022 1851 1117 1895 Ald.
1157 1853 1261 1894 Bas.
1295 1852 1334 1894 1.
1368 1852 1407 1894 2.
1441 1849 1549 1891 δεῖνι
1595 1850 1712 1903 quod
1753 1851 1884 1892 nolim
1918 1862 1996 1903 per

282 1909 384 1951 inud
417 1911 692 1952 attractionis
735 1922 873 1961 genus
912 1909 1162 1963 explicare,
1202 1910 1258 1950 de
1296 1921 1384 1962 quo
1418 1921 1456 1951 v.
1488 1908 1724 1950 Hermann.
1755 1907 1809 1948 ad
1840 1908 1992 1960 Viget.

284 1980 324 2019 p.
367 1967 466 2011 894.
508 1968 694 2021 Kriiger.
735 1968 789 2007 de
836 1967 1095 2009 Attraction.
1124 1981 1166 2018 p.
1197 1966 1285 2010 465
1319 1980 1383 2018 sq.
1424 1967 1526 2007 eon.
1558 1971 1707 2008 minet.
1741 1966 1797 2006 ad
1831 1964 1992 2021 Phileb.

282 2024 437 2068 20.st
471 2022 539 2065 δεῖ
566 2030 713 2066 tuetur
743 2025 870 2066 etiam
905 2023 1107 2068 Schneid.
1140 2037 1237 2065 cum
1272 2025 1365 2065 suis
1398 2022 1558 2064 Vindd.

398 2082 505 2135 Cap.
537 2083 598 2125 ΙΙ.
666 2082 713 2122 Β.
777 2079 801 2122 ὃ
838 2078 904 2122 ἂν
934 2077 1135 2123 αὐτοῖς
1176 2079 1341 2134 δηλοῖ
1366 2079 1618 2133 ἐκείνηε]
1664 2082 1753 2123 Pro
1787 2078 1838 2130 ὅ,
1873 2082 1992 2135 qnod

283 2153 336 2181 ex
382 2140 480 2180 Par.
523 2141 582 2181 A.
627 2138 722 2180 Vnt.
763 2154 819 2183 m.
865 2139 970 2181 ven.
1010 2140 1064 2182 11.
1109 2152 1174 2192 pr.
1216 2152 1274 2184 m.
1322 2139 1439 2182 Flor.
1477 2152 1515 2182 a.
1549 2151 1588 2182 c.
1623 2153 1667 2179 α.
1700 2154 1739 2192 γ.
1779 2139 1992 2184 Themist.

282 2197 404 2240 Orat.
436 2196 556 2240 ΧΧΙ.
589 2211 628 2250 Ρ.
660 2196 759 2241 250-
796 2197 845 2239 Β.
854 2197 918 2238 ·C.
952 2199 1270 2249 revocavimus,
1303 2198 1433 2249 vulgo
1468 2193 1552 2237 ὅσα
1583 2198 1822 2250 legebatur.
1886 2198 1994 2239 Plu·

280 2255 420 2297 talem
453 2255 581 2295 nolim
616 2254 854 2296 defendere
886 2267 940 2296 ex
972 2255 1084 2324 inis,
1125 2268 1239 2308 quae
1267 2255 1434 2296 notmit
1469 2254 1678 2296 Matthiae
1709 2256 1792 2299 Gr.
1821 2256 1858 2309 ξ.
1889 2255 1991 2300 434.

287 2312 374 2353 Pro
406 2307 555 2352 αὐτοῖς
585 2312 715 2355 Vind.
748 2313 851 2353 Vnt.
892 2325 924 2354 r.
961 2308 1108 2364 αὐτῆς.
1169 2312 1436 2354 Themistiu·
1479 2313 1506 2353 Ι.
1537 2325 1577 2352 c.
1616 2314 1826 2365 scriptum
1873 2314 1991 2355 exhi-

285 2370 386 2410 bet.
419 2369 586 2423 ἐκείνην
619 2368 696 2422 τὴν
729 2365 885 2411 οὐσίαν
918 2393 971 2399 -
1005 2365 1146 2411 οὖσαν
1177 2395 1232 2401 -
1267 2368 1566 2422 πλανωμένην,
1605 2371 1819 2422 probante
1852 2372 1990 2413 Antio.

284 2511 671 2576 bi.=d‚1.p.122
721 2510 778 2549 B:
819 2509 1092 2561 αἰσθόμενος
1266 2507 1569 2564 ἀρχόμενοι
1632 2507 1836 2565 τούτου
1898 2513 1992 2552 τοῦ

283 2564 395 2610 ὅσον
433 2563 578 2612 αὐτῶν
621 2568 837 2611 ἐλλείπεις.
877 2569 987 2614 1th
1029 2571 1088 2610 Ι).
1179 2567 1379 2623 λόγου]
1438 2568 1556 2612 libr.
1611 2569 1663 2613 V.
1707 2582 1748 2622 p.
1787 2567 1889 2613 473.
1937 2570 1988 2611 D.

282 2625 460 2680 γνώσει,
514 2624 579 2667 ὄτι
627 2619 738 2668 πολὺ
780 2622 971 2668 τάνθάδε
1008 2628 1091 2667 τῶν
1177 2641 1254 2680 sqq

280 2684 372 2726 ἐκεῖ
397 2684 586 2729 ἐλλείπει.
1237 2684 1346 2737 Cap.
1380 2683 1434 2727 Η.
1499 2683 1547 2725 Β.
1620 2681 1644 2724 ὃ
1686 2679 1749 2723 ἂν
1792 2679 1990 2724 αυτοῖς

1179 2740 1344 2796 δηλοῖ
1367 2740 1591 2796 ἐκείνης
1631 2740 1722 2794 τῆς
1757 2735 1986 2794 odaiae]

1180 2801 1243 2841 De
1265 2800 1472 2853 genitivo,
1495 2800 1565 2848 qui
1588 2811 1671 2840 non
1693 2798 1882 2840 debebat
1902 2801 1988 2840 so!-

1179 2858 1346 2905 nenati,
1371 2871 1411 2900 v,
1429 2855 1484 2899 ad
1510 2857 1652 2900 LIV.
1675 2855 1776 2900 445.
1801 2857 1852 2897 Ε.
1873 2855 1988 2897 Tim.

342 2768 516 2826 τούτῳ
571 2767 670 2824 γὰρ
725 2766 870 2825 αυτῷ
920 2793 976 2801 -
1027 2772 1092 2825 τῷ

281 2830 515 2899 μεγίστῳ
542 2829 673 2898 πρ.]
700 2827 736 2871 h.
773 2843 810 2868 e.
842 2830 972 2868 τοῦτο
1009 2827 1091 2882 γὰρ

282 2881 389 2927 αυτὸ
430 2888 495 2939 εἴη
533 2882 588 2926 ἂν
628 2883 677 2927 τὸ
709 2885 911 2940 μέγιστον
945 2879 978 2941 ᾦ
1010 2911 1088 2931 -,

280 2944 388 2986 Nam
421 2944 479 2985 ita
510 2946 715 2986 articulus
749 2928 1045 2998 explican‘dus.

338 3030 390 3070 P.
422 3030 523 3075 485.
583 3025 807 3071 κάκεῖνα
848 3031 934 3072 καὶ
969 3032 1087 3073 ταῦ-

283 3101 339 3128 τα
372 3087 538 3139 ἔχειν]
578 3093 670 3129 tum
712 3088 914 3130 idoneum
944 3101 1086 3139 rerum

279 3157 424 3195 usum,
461 3150 550 3186 tum
593 3146 859 3187 subtiliorem
894 3145 1088 3188 veritatis

278 3202 571 3253 cognitionem
633 3208 678 3245 et
742 3204 986 3246 scientiam.
1031 3228 1086 3236 -

278 3255 370 3299 ἐὰν
400 3256 622 3312 ἐκείνην
650 3259 860 3301 ἱκανῶς
894 3256 1083 3309 ὁμολο-

279 3313 554 3369 γήσωμεν,
587 3317 680 3359 ubi
711 3317 775 3359 de
804 3319 910 3360 ἰΙΙε
946 3320 1086 3362 inter

277 3386 376 3416 uos
409 3375 549 3416 satis
581 3376 923 3417 convenerit.

1177 2929 1219 2969 p.
1243 2915 1314 2960 33.
1330 2915 1380 2958 Ι).
1400 2927 1443 2967 p.
1465 2913 1533 2959 65.
1556 2915 1605 2955 D.
1641 2913 1754 2954 conf.
1789 2913 1986 2955 Sohae-

1177 2972 1271 3018 fer.
1313 2970 1367 3013 ad
1424 2971 1600 3014 hamb.
1659 2971 1778 3014 Βοο.
1819 2972 1884 3012 De
1928 2973 1987 3013 ei-

1176 3031 1272 3083 lips.
1303 3044 1343 3083 p.
1374 3029 1461 3074 475
1492 3042 1557 3081 sq.
1599 3034 1644 3070 et
1687 3042 1798 3081 quos
1839 3028 1986 3071 lauda-

1175 3088 1249 3139 vit,
1282 3088 1380 3128 οοΙΙ.
1414 3085 1687 3129 Matthiae
1720 3086 1798 3129 Gr.
1823 3086 1860 3139 §.
1883 3086 1985 3131 323.

1178 3145 1242 3186 Ad
1279 3143 1540 3187 sententiam
1580 3156 1810 3213 compares
1843 3143 1985 3186 Phae·

1174 3201 1275 3245 don.
1309 3215 1351 3254 p.
1385 3201 1455 3245 65.
1492 3202 1549 3242 C.
1593 3193 1667 3253 ἆρ’
1709 3195 1792 3242 οὖν
1824 3197 1908 3243 οὒκ
1938 3200 1985 3241 ἐν

1175 3260 1233 3313 τῷ
1263 3259 1536 3312 λογίζεσθαι,
1582 3260 1700 3312 εἴπερ
1740 3273 1828 3300 που
1859 3256 1982 3302 ἄλλο·

1174 3317 1245 3365 θι,
1289 3314 1529 3370 κατάδηλον
1577 3313 1689 3370 αυτῇ
1727 3317 1804 3370 (τῇ
1845 3317 1983 3368 ψυχῇ)

1174 3377 1361 3427 γίγνεται
1404 3389 1446 3414 τι
1487 3375 1568 3415 τῶν
1611 3373 1751 3416 ὄντων
1793 3390 1829 3419 κ.
1865 3389 1895 3418 τ.
1931 3375 1979 3417 λ..
