2072 3730
253 165 356 215 440
843 156 1322 210 PLATONIS

255 308 526 375 εἴργουσα,
575 308 692 369 δέος
737 308 793 360 δὲ
842 303 904 359 τὸ
950 305 1347 376 τῷπάσχοντι
1393 303 1524 368 τοὺς
1567 300 1768 368 ἄλλους
1814 308 1949 374 βοη-

260 395 406 453 θεῖν,
452 385 580 452 τοὺς
622 393 721 458 μὲν
767 388 839 454 ὡς
883 394 1045 454 υἱεῖς,
1088 387 1220 453 τοὺς
1264 393 1320 443 δὲ
1366 386 1438 452 ὡς
1482 387 1776 461 ἀδελφούς,
1822 388 1954 452 τοὺς

257 478 314 530 δὲ
354 471 428 538 ὡς
472 478 731 543 πατέρας.
777 470 1078 544 Ξυμβαίνει
1121 471 1228 544 γάρ
1279 470 1470 538 οὕτως,
1517 476 1640 547 ἔφη.
1720 476 1957 527 Παντα-

254 563 323 636 χῇ
366 558 432 625 δὴ
478 565 533 612 ὲκ
576 562 688 611 τῶν
735 558 922 627 νόμων
979 557 1201 630 εἰρήνην
1262 555 1400 628 πρὸς
1443 556 1716 624 ἀλλήλους
1763 562 1816 612 οἱ
1857 553 1959 611 ἄν·

260 647 381 714 δρες
425 638 650 708 ἅξουσις
694 642 925 709 Πολλήν
967 664 1042 711 γε.
1095 639 1324 711 Τούτων
1367 639 1480 709 μὴν
1521 649 1579 696 ἐν
1618 646 1839 705 ἑαυτοῖς
1881 639 1956 712 μὴ

258 725 673 794 στασιαζόντων
737 726 906 783 οὐδὲν
957 726 1167 790 δεινόν,
1227 725 1305 796 ’μή
1353 747 1484 781 ποτε
1541 724 1572 793 ἡ
1617 723 1760 792 ἄλλη
1805 723 1962 789 πόλις

264 810 406 880 πρὸς
448 809 683 875 τούτους
720 809 750 877 ἢ
798 809 937 880 πρὸς
980 810 1253 877 ἀλλήλους
1297 808 1686 885 διχοστατήσῃ.
1737 808 1815 864 Οὐ
1854 806 1960 879 γὰρ

171 900 217 954 C
269 889 388 952 οὖν.
441 895 526 949 Τά
571 918 628 966 γε
670 896 782 966 μὴν
826 893 1168 966 σμικρότατα
1205 898 1314 949 τῶν
1345 899 1527 950 κακῶν
1559 893 1618 949 δι’
1657 894 1965 965 ἀπρέπειαν

267 980 408 1037 ὀκνῶ
454 983 548 1035 καὶ
591 984 778 1047 λέγειν,
822 973 900 1034 ὧν
945 978 1359 1051 ἀπηλλαγμένοι
1401 976 1472 1034 ὀὲν
1511 977 1632 1044 εἷεν,
1681 982 1966 1042 κολακείας

269 1088 323 1120 τε
369 1069 644 1120 πλουσίων
689 1070 925 1131 πένητες,
968 1064 1214 1138 ἀπορίας
1258 1086 1314 1120 τε
1348 1068 1438 1119 καὶ
1471 1063 1788 1134 ἀλγηδόνας
1833 1061 1967 1127 ὅσας

269 1158 327 1205 ὲν
372 1153 803 1225 παιδοτροφίαις
845 1153 937 1205 καὶ
977 1160 1380 1219 χρηματισμοῖς
1424 1147 1517 1204 διά
1567 1146 1786 1224 τροφήν
1829 1153 1969 1202 οἰκε-

385 1315 436 1358 Β.
469 1313 753 1367 εἰρήνην-
766 1314 823 1359 ἅ,
808 1314 999 1383 ουσι]
1042 1313 1116 1354 Sic
1148 1317 1241 1356 Par.
1274 1319 1329 1356 A.
1364 1314 1474 1356 Ven.
1509 1313 1598 1355 Ξ11.
1636 1313 1728 1356 Vat.
1761 1325 1817 1357 m
1852 1311 1967 1354 Flor-

270 1385 310 1412 a.
344 1384 384 1416 c.
417 1387 453 1422 γ.
488 1371 612 1413 Stob.
646 1384 724 1423 pro
756 1371 870 1423 vulg.
905 1366 945 1413 Z:
932 1370 1058 1411 ““.ουσι

385 1428 435 1468 C.
499 1430 775 1469 πλουσίων
815 1428 1063 1480 πένητες]
1126 1429 1293 1480 Aetius,
1326 1429 1393 1469 cui
1433 1429 1670 1470 assentitur
1699 1429 1763 1469 vir
1793 1428 1967 1480 quidam

271 1487 427 1528 doctus
458 1486 641 1540 Epliem.
674 1486 794 1539 Lips
827 1499 923 1529 ann.
954 1486 1082 1530 1805.
1116 1499 1156 1529 n.
1189 1487 1290 1530 119.
1309 1501 1350 1540 p.
1370 1486 1514 1538 1581„
1541 1500 1636 1528 voc.
1668 1489 1841 1538 πένητες
1867 1499 1970 1526 ora·-

270 1545 400 1586 tionis
435 1545 753 1586 cohaerentiam
787 1545 967 1585 turbare
997 1544 1185 1597 ideoque
1217 1535 1351 1586 videri
1385 1545 1618 1587 insiticium
1650 1545 1832 1585 censuit.
1886 1544 1967 1584 Cui

272 1602 560 1645 Schneiderus
594 1605 650 1642 ita
683 1603 964 1654 adversatur,
998 1607 1047 1643 ut
1076 1604 1255 1653 πένητες
1288 1602 1402 1644 dicat
1428 1602 1577 1644 referri
1609 1602 1662 1643 ad
1693 1604 1752 1642 ὡν
1781 1600 1970 1653 ἀπηλλα-

272 1664 427 1722 γμένοι
466 1676 518 1700 αν
556 1675 590 1699 ε
579 1659 670 1729 μεν
721 1659 832 1700 unde
877 1673 955 1712 per
996 1660 1382 1712 breviloquentiam
1431 1660 1642 1712 quandam
1684 1660 1969 1712 intelligatur·

280 1725 351 1763 αἱς
395 1719 436 1759 ἔν
420 1734 537 1770 νοχοι
575 1735 627 1757 αν
666 1718 762 1759 ε’.ι·εν
825 1717 917 1760 Sed
962 1718 1085 1760 uobis
1136 1718 1307 1770 quidem
1351 1718 1454 1760 haec
1492 1720 1600 1760 ratio
1640 1723 1690 1759 ut
1727 1718 1971 1759 contortior

279 1777 463 1818 animum
498 1788 582 1817 non
626 1778 797 1829 explet,
840 1776 1202 1829 suspicamurque
1235 1777 1363 1818 etiam
1396 1790 1509 1818 nunc
1537 1778 1685 1818 locum
1714 1775 1876 1829 aliquid
1911 1777 1969 1816 la-

280 1836 348 1876 bis
379 1834 639 1888 suscepisse.
700 1834 855 1876 Omnia
888 1833 1031 1875 forent
1064 1835 1309 1889 perspicua,
1341 1835 1375 1876 si
1408 1836 1626 1889 legeretur
1657 1834 1827 1885 πενίας,
1870 1832 1897 1874 i.
1932 1846 1969 1874 e.

284 1985 427 2032 patum
485 1978 706 2032 copiosius
762 1977 968 2018 illustravi
1028 1978 1083 2019 ad

283 2036 526 2079 Phaedrum
561 2051 599 2089 p.
633 2036 733 2079 272.
758 2035 810 2075 D.
842 2041 886 2076 et
919 2035 1086 2078 Phileb.

281 2110 323 2149 p.
364 2095 433 2138 20.
486 2095 535 2134 D.
600 2098 678 2134 Pro
718 2091 926 2146 ἄρχοντες
965 2093 1082 2145 quod

280 2154 534 2206 scripsimus
576 2153 619 2192 οἱ
666 2149 888 2204 ἄρχοντες,
930 2152 1082 2192 etiam-

279 2225 391 2252 nunc
421 2210 616 2251 videmur
647 2216 764 2249 recte
795 2209 967 2250 fecisse.
1010 2210 1083 2250 In-

281 2269 503 2322 telligendi
536 2267 644 2308 enim
678 2271 778 2307 sunt
806 2267 833 2306 ii
853 2267 1079 2319 magistra-

280 2332 366 2376 tus,
397 2327 469 2378 qui
500 2325 540 2365 in
574 2325 748 2364 civitate
780 2325 951 2376 publice
979 2338 1083 2366 con-

281 2385 418 2426 stituti
450 2387 582 2432 sunt,
624 2382 865 2434 quicunque
910 2382 1083 2423 demum

278 2444 318 2483 in
364 2443 436 2482 tali
481 2453 637 2482 caussa
674 2439 870 2482 iudicare
907 2440 1085 2482 debent.

278 2500 418 2542 Nimis
455 2499 717 2540 indefinitum
759 2503 827 2539 est
865 2497 1087 2551 ἄρχοντες,

280 2557 397 2610 quod
430 2557 552 2600 editt.
585 2562 756 2609 praeter
779 2556 1082 2598 Bekkerum

281 2628 431 2657 omues
453 2616 640 2668 amplexi
663 2619 777 2655 sunt.
826 2614 991 2656 Deinde
1023 2609 1087 2655 οἶ-

280 2689 363 2726 μαι
408 2674 451 2713 δὲ
492 2678 639 2713 rectae
672 2673 956 2725 praemissum
988 2686 1086 2713 ora—

280 2731 386 2772 tioni
419 2731 641 2783 attigimus
672 2730 724 2771 ad
746 2730 882 2783 Gorg.
915 2745 941 2783 p
985 2730 1086 2776 460.

283 2790 333 2829 Α.
377 2788 490 2829 conf.
526 2788 575 2830 V.
619 2802 660 2840 p.
693 2787 790 2832 473.
832 2788 883 2828 1).
914 2789 997 2833 VI.
1044 2803 1085 2842 p.

281 2846 381 2891 507.
405 2848 453 2887 1).
470 2846 528 2890 Χ.
552 2860 593 2899 p.
613 2846 711 2890 608.
734 2846 900 2899 D.Lys.
923 2847 1021 2891 206.
1037 2847 1085 2887 C.

341 2904 391 2944 Β.
425 2903 538 2951 δέος
573 2904 625 2945 δὲ
655 2904 714 2944 τὸ
752 2907 825 2958 τῷ
857 2903 1084 2955 πάσχον-

282 2978 335 3002 τι
377 2961 505 3008 τους
558 2959 762 3006 ἄλλους
814 2964 1083 3016 βοηθεῖν]

282 3020 433 3059 Possis
465 3032 569 3061 sane
601 3032 698 3060 cum
730 3021 899 3060 Astio
930 3020 1011 3062 hoc
1038 3020 1082 3061 τὸ

284 3080 476 3128 βοηθεῖν
509 3091 586 3129 pro
618 3078 866 3118 accusativo
887 3079 1086 3120 absoluto

284 3133 455 3176 habere.
501 3136 757 3188 Quanquam
782 3135 983 3187 equidem
1010 3149 1085 3176 ac—

281 3192 515 3233 cusativum
559 3206 638 3246 pro
679 3205 782 3234 casu
821 3194 976 3234 obiecti
1011 3194 1084 3234 ha-

277 3248 466 3289 bendum
488 3251 689 3301 arbitror,
720 3252 796 3303 qui
817 3264 841 3291 a
861 3250 955 3296 δέος
977 3265 1082 3304 pen-

279 3306 405 3355 deat,
456 3307 633 3357 perinde
681 3321 731 3348 ac
789 3308 822 3349 si
874 3309 1079 3361 scriptum

279 3369 407 3410 esset,
440 3364 532 3408 δέος
566 3364 638 3414 δέ,
679 3362 704 3404 δ’
746 3365 902 3406 δείδειν
941 3366 1083 3408 αὐτὸν

278 3425 395 3463 ποιεῖ
422 3419 469 3462 τὸ
505 3425 703 3474 βοηθεῖν.
765 3424 908 3467 Quam
942 3426 1079 3478 expli-

1169 1979 1382 2021 cationem
1416 1992 1469 2021 eo
1501 1972 1638 2031 magis
1671 1989 1816 2019 veram
1848 1981 1970 2029 puto,

1168 2037 1283 2090 quod
1317 2038 1444 2078 etiam
1478 2037 1577 2077 alibi
1609 2033 1709 2083 δεός
1753 2040 1798 2077 et
1834 2032 1972 2088 φόβος

1169 2108 1267 2135 cum
1305 2096 1552 2136 accusativo
1592 2093 1748 2134 obiecti
1779 2093 1969 2134 iunctum

1168 2153 1404 2206 reperitur3
1444 2166 1486 2194 v.
1527 2150 1749 2207 Taylor.
1791 2149 1845 2192 ad
1882 2150 1968 2189 De·

1169 2210 1383 2252 mostlnen.
1417 2211 1470 2251 de
1502 2211 1618 2252 Male
1656 2209 1781 2249 Gest.
1816 2208 1968 2253 Legat.

1170 2273 1369 2321 Apparat.
1401 2267 1620 2310 Schaefer.
1640 2265 1776 2309 T.11.
1810 2279 1850 2318 p.
1868 2264 1968 2308 503.

1170 2331 1215 2368 et
1252 2328 1348 2379 ipse
1385 2325 1725 2367 Scliaeferus
1769 2322 1872 2366 ibid.
1916 2323 1969 2363 T.

1169 2384 1242 2425 IV.
1277 2397 1318 2437 p.
1351 2383 1476 2436 603.,
1514 2383 1629 2424 unde
1659 2382 1802 2423 disces
1832 2382 1967 2422 nomi-

1171 2455 1222 2482 na
1258 2443 1444 2484 verbalia
1476 2441 1691 2483 interdum
1714 2441 1843 2481 etiam
1873 2452 1967 2480 cum

1170 2506 1421 2542 accusativo
1440 2500 1648 2555 copulari.
1680 2499 1834 2550 Itaque
1854 2498 1968 2538 Ger-

1170 2558 1338 2600 manice
1369 2557 1472 2600 haec
1508 2559 1572 2599 sic
1609 2558 1968 2609 interpretamur:

1171 2614 1366 2665 seben,
1397 2615 1599 2658 welche
1619 2612 1965 2665 verbindert‚

1171 2674 1257 2715 die
1327 2676 1553 2716 Aeltern
1620 2676 1969 2718 anzutasten,

1170 2731 1275 2772 und
1325 2731 1531 2773 Furcht
1593 2729 1783 2778 davor,
1838 2728 1968 2768 dass

1172 2789 1263 2830 die
1303 2791 1582 2843 Uebrigen
1629 2788 1743 2829 dem
1792 2787 1967 2827 Belei-

1173 2847 1363 2899 digten
1421 2845 1723 2889 beistehen.
1806 2844 1967 2884 Bern-

1173 2906 1337 2958 hardy
1369 2906 1547 2958 Syntax.
1568 2918 1609 2957 p.
1627 2902 1728 2947 355.
1759 2903 1892 2943 verba
1914 2900 1964 2941 τ.)

1173 2988 1226 2993 -
1285 2966 1471 3016 βοηθεῖν
1528 2967 1678 3003 censet
1731 2960 1968 3014 appositio-

1173 3034 1270 3062 nem
1303 3034 1402 3063 esse
1433 3020 1615 3060 nominis
1647 3019 1754 3065 δέος.
1814 3018 1968 3058 Artifi-

1172 3079 1332 3120 ciosius
1364 3077 1734 3118 Schneiderus
1766 3076 1968 3128 explicat,

1171 3137 1242 3187 qui
1273 3135 1324 3176 τὸ
1358 3135 1412 3176 ad
1446 3135 1537 3182 δέος
1566 3135 1710 3188 potius
1752 3146 1883 3186 quam
1913 3133 1965 3174 ad

1170 3195 1356 3246 βοηθεῖν
1393 3193 1542 3234 referri
1574 3194 1688 3243 vult,
1727 3197 1775 3233 ut
1811 3203 1967 3232 sensus

1171 3251 1248 3291 sit:
1288 3250 1379 3298 δέος
1417 3251 1462 3291 δὲ
1501 3250 1554 3290 τὸ
1594 3255 1674 3302 τῆς
1710 3254 1793 3290 τῶν
1831 3248 1968 3288 ἄλλων

1167 3309 1378 3361 βοηθείας
1408 3312 1471 3362 τῷ
1502 3306 1723 3358 πάσχοντι.
1766 3306 1875 3348 illud
1906 3303 1967 3358 μή

1168 3370 1268 3406 ante
1289 3363 1511 3406 ἅπτεσθαι
1522 3379 1574 3407 ne
1586 3366 1681 3418 quis
1697 3377 1792 3405 cum
1813 3367 1842 3405 Α
1858 3364 1928 3404 sti
1941 3380 1966 3403 o

1167 3431 1332 3465 temere
1365 3423 1430 3466 bic
1461 3425 1668 3465 intrusum
1700 3427 1836 3475 putet,
1865 3434 1967 3462 con·
