2124 3744
183 663 237 714 D

275 1327 440 1403 ”Εχει.

291 180 358 230 42
912 174 1388 228 PLATONIS

291 325 439 387 λέγω.
517 314 688 387 ”Εχω,
744 323 878 392 ἔφη·
942 322 1034 371 καὶ
1084 317 1252 384 ἡδέως
1294 320 1345 386 γ’
1398 315 1471 371 ἀν
1510 317 1896 388 ἀκριβέστερον
1944 310 1980 368 ἃ

289 408 454 472 λέγεις
497 405 810 471 πυθοίμην.
899 405 1102 473 Λαβοῦ
1151 407 1364 466 τοίνυν,
1422 394 1488 468 ἦν
1546 401 1593 455 δ’
1659 399 1788 470 ἐγώ,
1847 396 1982 454 ὅλου

290 487 467 542 αὐτοῦ
514 485 738 556 ὀρθῶς,
793 491 886 542 καί
927 482 1293 552 σοι“εὕὸηλόν
1336 507 1392 540 τε
1438 496 1700 559 φανεῖται
1741 486 1835 538 καὶ
1879 486 1981 538 οὐκ

288 569 478 627 ἄτοπα
523 569 666 635 δόξει
711 568 780 624 τὰ
828 576 1194 642 προειρημένα
1235 573 1356 639 περὶ
1393 569 1597 624 αὐτῶν.
1686 571 1821 632 Πῶς
1865 560 1982 631 οὖν,

289 661 426 731 ἔφη,
471 653 729 721 κελεύεις;
816 653 1075 719 Παντός,
1122 647 1190 721 ἧν
1235 650 1290 708 δ’
1339 653 1458 720 ἐγώ,
1507 661 1820 725 σπέρματος
1863 660 1984 722 πέρι

286 738 321 807 ἢ
365 741 580 814 φυτοῦ,
629 738 734 793 ε’ίτε
777 743 994 810 ἐγγείων
1037 738 1142 793 εἴτε
1185 740 1297 792 τῶν
1337 737 1516 805 ζώων,
1561 739 1738 807 ἰ’σμεν,
1785 735 1874 792 ὅτι
1917 734 1980 791 τὸ

286 822 360 895 μὴ
405 821 573 895 τυχὸν
619 826 855 896 τροφῆς,
914 816 979 890 ἧς
1032 820 1291 893 προςήκει
1344 821 1579 891 ἑκάστῳ,
1644 819 1772 891 μηδ’
1836 817 1985 891 ὥρας

286 913 423 979 μηδὲ
465 905 662 970 τόπου,
705 905 819 981 ὅσῳ
863 903 936 962 ἂν
979 905 1383 981 ἐρ’ῥωμὲστερον
1425 899 1480 983 ᾖ,
1522 904 1775 974 τοσούτῳ
1801 904 1986 960 πλειό·

288 1014 399 1048 νων
455 995 596 1048 ἐνδεῖ
649 994 761 1046 τῶν
805 991 1160 1063 πρεπόντων·
1215 989 1429 1060 ἀγαθῷ
1486 989 1593 1060 γάρ
1652 1011 1762 1045 που
1811 987 1984 1044 κακὸν

288 1075 685 1146 ἐναντιώτερον
740 1073 773 1143 ἢ
819 1079 896 1146 τῷ
950 1074 1026 1147 μὴ
1069 1074 1301 1144 ἀγαθῷ.
1391 1077 1525 1139 Πῶς
1568 1074 1614 1130 δ’
1672 1073 1768 1141 οὕς
1839 1070 1985 1143 ’Έχει

267 1162 387 1237 δή,
449 1162 634 1232 οἶμαι,
692 1158 863 1230 λόγον
922 1159 1026 1227 τὴν
1071 1158 1308 1228 ἀρίστην
1367 1158 1536 1233 φύσιν
1581 1166 1638 1213 ὲν
1680 1159 1987 1226 ἀλλοτριω·

288 1254 420 1318 τέρᾳ
467 1238 644 1302 οὖσαν
690 1248 870 1320 τροφῇ
924 1243 1134 1301 κακίον’
1187 1243 1567 1298 ἀπαλλάττειν
1611 1241 1710 1308 τῆς
1753 1241 1987 1316 φαύλης.

531 1328 780 1393 Οὐκοῦν,
836 1321 904 1394 ἦν
953 1328 1003 1383 δ’
1058 1327 1194 1398 ἐγώ,
1247 1320 1287 1381 ὦ
1331 1326 1672 1397 Ἀδείμαντε,
1733 1329 1826 1381 καὶ
1884 1324 1989 1389 τὰς

404 1495 453 1534 C.
516 1490 753 1547 εὔδηλόν
793 1507 846 1533 τε
887 1493 963 1545 φ.]
1004 1490 1184 1545 ἔνδηλον
1225 1490 1352 1532 Vind.
1398 1491 1491 1531 Vat.
1526 1504 1559 1533 r.
1605 1506 1646 1531 τε
1678 1505 1762 1532 om.
1808 1492 1902 1532 Vat.
1941 1489 1987 1533 Θ.

289 1554 396 1594 Mox
439 1552 533 1605 περὶ
571 1547 711 1591 αὐτοῦ
753 1552 846 1593 Vat.
895 1548 944 1591 Θ.
990 1551 1093 1592 Ven.
1134 1550 1185 1592 ll.
1230 1549 1367 1590 Paris.
1411 1549 1505 1593 DK.
1552 1549 1671 1590 vind.
1716 1549 1836 1592 Mon.
1881 1553 1988 1602 Ang.

289 1612 392 1651 Vat.
421 1623 455 1653 r.
489 1609 605 1652 Flor.
637 1624 677 1652 α.
709 1610 826 1662 βῃι.

406 1669 458 1709 D.
523 1665 760 1718 Παντός,
793 1661 855 1721 ἦν
888 1663 930 1707 δ’
962 1663 1111 1719 ε’γιό,]
1145 1663 1315 1705 πάντως
1341 1665 1440 1706 Par.
1477 1668 1527 1705 A.
1564 1663 1660 1704 Vat.
1683 1675 1740 1705 m.
1771 1666 1816 1704 et
1845 1673 1908 1714 pr.
1941 1661 1989 1706 Ξ.

406 1721 619 1766 κακίον’
659 1721 1056 1777 ἀπαλλάττειν]
1101 1724 1215 1764 Libri
1257 1721 1422 1766 κάκιον.
1485 1722 1687 1763 Correxit
1727 1718 1915 1762 Boeckh.
1948 1720 1990 1760 in

291 1784 393 1826 Min.
426 1799 465 1838 p.
498 1783 597 1828 103.
629 1783 826 1826 Ficinus:
867 1783 1212 1825 deteriorem
1254 1780 1495 1823 evadere
1526 1792 1682 1832 quum
1726 1778 1987 1831 ignavam.

288 1842 450 1897 Nuperi
484 1842 608 1884 editt.
642 1855 737 1883 cum
772 1847 876 1884 vett.
910 1841 1091 1882 faciunt.

405 1900 455 1942 Ε.
516 1896 610 1954 τὴν
641 1899 888 1954 ἄκρατον
920 1895 1224 1951 πονηρίαν]
1257 1896 1369 1939 Ven.
1405 1895 1453 1939 Ξ.
1486 1908 1552 1948 γρ.
1586 1888 1838 1947 ἀκροτάτην.

403 1959 584 2011 τροφῇ
629 1956 990 2011 διολομένης]
1037 1957 1138 1998 Par.
1181 1955 1237 1995 A.
1275 1953 1382 1995 Ven.
1412 1953 1474 1994 ΙΙ.
1509 1951 1626 1994 Flor.
1660 1965 1698 2003 γ.
1727 1948 1989 2004 διολομένης,

291 2100 341 2141 in
399 2101 723 2141 universum
771 2111 912 2151 quae
953 2098 1098 2153 dico3

292 2172 331 2201 v.
363 2157 418 2199 ad
455 2161 682 2211 Protagor.
716 2170 757 2211 p.
787 2156 889 2201 344.
920 2158 971 2200 A.
999 2157 1099 2203 ⁴lta-

291 2227 379 2269 que
410 2215 616 2269 deinceps
649 2216 881 2267 opponitur
911 2212 959 2255 τὸ
982 2209 1100 2267 ἀκρι-

291 2273 502 2327 βέστερον
550 2272 779 2314 πυθέσθαι
820 2279 864 2314 et
910 2270 958 2314 τὸ
1001 2273 1100 2323 λαμ-

292 2330 514 2385 βάνεσθαι
547 2329 654 2373 ὅλου
685 2328 839 2372 αὐτοῦ.

352 2391 402 2431 D.
463 2387 606 2443 ’Ἐχει
653 2387 742 2443 δή,
790 2383 962 2439 οἶμαι,
1009 2387 1100 2428 λό-

294 2449 484 2502 γον-]
517 2453 953 2490 consentaneum
988 2451 1100 2497 θεὶς

292 2522 331 2548 V.
365 2506 594 2549 Heindorf.
629 2505 682 2546 ad
713 2505 898 2548 Theaet.
929 2519 970 2558 p.
1001 2503 1099 2548 147.

294 2567 346 2609 D.
409 2565 497 2606 Pro
542 2563 589 2606 ἐν
617 2559 929 2617 ἀλλοτριωτέρᾳ
961 2556 1102 2604 οὖσαν

291 2622 411 2678 quod
443 2622 732 2664 Heusdius
771 2621 962 2676 Specim.
996 2621 1100 2661 Crit.

295 2697 334 2736 p.
366 2681 438 2726 29.
473 2681 659 2723 coniecit
695 2675 900 2734 ἀλλοτρίῳ
931 2683 1102 2732 τραφεῖ-

296 2753 399 2791 σαν,
454 2739 500 2780 id
549 2743 670 2781 recte
728 2737 1002 2791 repudiatum
1048 2737 1103 2778 ab

300 2797 464 2839 Aetio
496 2802 578 2839 est.
637 2795 748 2838 Nam
781 2796 1101 2848 comparativus

296 2856 378 2899 hoc
415 2856 650 2909 significan
705 2856 961 2908 optimam
1013 2866 1100 2894 na-

297 2919 472 2956 turam
513 2912 854 2955 deteriorem
899 2911 1100 2953 evade-

297 2985 372 3024 re,
390 2972 481 3014 sive
510 2970 936 3023 fieri‘peiorem,
967 2982 1100 3022 quae

299 3035 493 3071 utatur
547 3029 816 3070 alimento
861 3028 1099 3068 alienio-

299 3100 379 3137 re,
419 3101 481 3129 sc.
520 3099 651 3139 quam
694 3098 773 3139 par
804 3090 888 3126 est.
948 3085 1100 3126 Veris-

300 3145 412 3186 sime
460 3145 674 3186 Anius:
736 3142 1103 3195 „Comparativus

301 3215 433 3256 saepe
465 3203 522 3243 ita
553 3204 741 3255 ponitur,
769 3205 818 3241 nt
850 3201 1102 3242 relationem

301 3260 519 3314 exprimat
585 3273 638 3301 ex
706 3257 917 3300 orationis
989 3271 1103 3300 nexu

300 3316 636 3370 intelligendam.
653 3319 684 3339 ‘⁶
777 3315 943 3356 Deinde
1005 3329 1100 3358 eum

299 3374 585 3417 Boeckhio
615 3375 660 3415 in
685 3373 787 3415 Min.
820 3379 864 3414 et
884 3373 1027 3427 Legg.
1057 3389 1101 3427 p.

300 3433 400 3479 103.
445 3428 616 3482 κακίον’
666 3426 937 3471 ἀπαλλάττειν
980 3432 1103 3474 dedi-

1186 2109 1295 2140 mus.
1355 2093 1511 2147 Neque
1551 2094 1665 2136 enim
1707 2093 1860 2135 κάκιον
1893 2107 1990 2137 cum

1188 2156 1346 2197 Astio
1405 2158 1450 2195 et
1498 2151 1850 2195 Schneidero
1909 2165 1990 2205 pro

1186 2212 1395 2255 adverbio
1428 2210 1565 2264 accipi
1585 2216 1764 2262 -potest,
1805 2224 1893 2264 quo
1927 2210 1992 2252 fa-

1186 2277 1258 2312 cto
1287 2282 1442 2311 sensus
1465 2269 1700 2310 exsisteret
1729 2268 1818 2310 hic:
1849 2269 1990 2322 opti-

1186 2342 1316 2370 mam
1358 2332 1618 2368 naturam
1663 2327 1856 2380 peiore
1888 2339 1990 2368 mo-

1189 2387 1255 2429 do
1284 2384 1600 2435 discedere,
1619 2388 1710 2425 sive
1731 2385 1888 2438 peius
1918 2384 1991 2426 af—

1186 2445 1312 2494 fici,
1343 2449 1391 2485 ut
1421 2443 1728 2496 interpretatur
1760 2441 1990 2483 Schnei-

1187 2504 1367 2545 derus.
1428 2500 1623 2543 Necdum
1652 2502 1895 2552 reperimus
1926 2502 1991 2541 lo-

1189 2574 1308 2609 cum,
1344 2561 1388 2600 in
1419 2571 1504 2608 quo
1537 2553 1813 2610 ἀποβαίνειν,
1855 2556 1986 2611 ἀπέρ-

1188 2618 1366 2672 χεσθαι,
1417 2612 1710 2666 ἀπαλλάττειν,
1761 2617 1831 2658 ubi
1869 2629 1989 2657 eva-

1189 2679 1322 2720 dere
1380 2676 1415 2718 sss
1468 2675 1599 2717 fieri
1648 2675 1884 2727 significat,
1932 2675 1990 2715 ita

1190 2748 1288 2777 cum
1328 2732 1537 2775 adverbio
1580 2738 1875 2774 constructum
1924 2733 1986 2772 le-

1186 2799 1325 2845 gatur.
1398 2791 1667 2834 Adiectivum
1721 2790 1853 2841 habes
1895 2792 1988 2829 Xe-

1188 2850 1341 2903 noph.
1375 2849 1505 2892 Mem.
1537 2849 1619 2890 IV.
1652 2848 1708 2898 8,
1739 2848 1787 2892 8:
1830 2845 1984 2896 δυθμα-

1186 2904 1399 2963 &fiete-pov
1453 2907 1522 2947 καὶ
1579 2903 1988 2958 ἐπιλησμονέστερον

1187 2962 1459 3019 ἀποβαίνειν.
1490 2966 1546 3006 al.
1592 2963 1826 3016 Hesych.
1855 2959 1984 3003 ἀπο-

1188 3022 1447 3078 βήσεται·
1479 3023 1677 3076 γίγνεται.
1699 3023 1747 3066 it.
1781 3018 1984 3074 ἀπέβη·

1189 3082 1369 3137 ἐγένετο.

1245 3142 1300 3182 Ε.
1362 3136 1454 3192 τὴν
1493 3134 1733 3190 ἄκρατον
1765 3138 1986 3190 πονηρί-

1189 3199 1278 3253 αν]
1321 3196 1359 3240 li.
1399 3209 1438 3239 e.
1475 3207 1684 3236 summam
1723 3195 1987 3236 absolutam-

1189 3270 1274 3309 que
1308 3254 1579 3307 pravitatem.
1637 3253 1711 3293 Sic
1742 3253 1834 3295 libr.
1867 3253 1986 3294 Vlll.

1190 3329 1230 3367 p.
1260 3312 1361 3357 545.
1396 3314 1456 3354 A:
1490 3312 1581 3351 πῶς
1613 3323 1717 3351 ποτε
1747 3306 1773 3363 ἦ
1806 3307 1991 3363 ἄκρατος

1185 3369 1438 3421 δικαιοσύνη
1454 3367 1564 3421 πρὸς
1580 3366 1751 3410 ἀδικίαν
1765 3367 1842 3419 τὴν
1861 3365 1989 3423 ἀκρα-

1191 3444 1259 3470 τον
1290 3429 1385 3477 ἔχει.
1422 3428 1630 3470 Videlicet
1663 3426 1837 3480 proprie
1866 3426 1991 3468 intel-
