2098 3658
172 553 222 606 Ε

122 970 227 1022 408

272 143 377 196 ’282
887 138 1360 194 PLATONIS

270 292 508 352 διαίταις
564 284 708 343 κατὰ
763 285 995 359 σμικρὸν
1050 286 1451 342 ἀπαντλοῦντα
1524 292 1616 342 καὶ
1678 293 1974 360 ἐπιχέοντα

267 370 485 445 μακρὸν
531 375 622 426 καὶ
669 370 842 427 κακὸν
884 375 1010 442 βίον
1053 369 1348 443 ἀνθρώπῳ
1397 382 1591 436 ποιεῖν,
1636 376 1729 427 καὶ
1774 378 1971 444 ἔκγονα

270 459 492 527 αὐτῶν,
555 454 627 519 ὡς
682 453 744 511 τὸ
806 457 971 521 εἰκός,
1027 462 1185 528 ἕτερα
1231 458 1467 510 τοιαῦτα
1512 455 1783 529 φυτεύειν,
1830 455 1973 512 ἀλλὰ

274 541 373 598 τὸν
426 540 498 611 μὴ
555 539 866 610 δυνάμενον
924 547 980 595 ὲν
1035 543 1098 616 τῇ
1152 546 1536 611 καθεστηκυίᾳ
1591 541 1829 612 περιόδῳ
1875 545 1974 609 ζῆν

264 625 340 698 μὴ
388 626 614 688 οὶέσθζαι
666 628 777 680 δεῖν
825 625 1176 698 θεραπεύειν,
1221 622 1293 689 ὡς
1327 624 1453 680 οὕτε
1501 623 1652 695 αὐτῷ
1701 622 1827 681 οὕτε
1873 624 1972 682 πό-

264 716 345 767 λει
400 711 686 777 λυσιτελῆ,·
793 708 1120 774 Πολιτικόν,
1187 714 1318 784 ἔφη,
1390 714 1556 780 λέγεις
1623 709 1971 776 Ἀσκληπιόν.

264 799 476 864 Δῆλον,
531 787 603 862 ἦν
649 793 697 848 δ’
753 793 884 862 ἐγώ·
943 798 1034 849 καὶ
1095 799 1146 849 οἱ
1204 798 1395 858 παῖδες
1440 793 1618 849 αὐτοῦ
1669 793 1972 850 δεικνύοιεν

265 877 364 946 ἄν,
409 877 499 935 ὅτι
542 881 805 944 τοιοῦτος
847 870 935 946 ἦν.
978 875 1012 946 ἢ
1057 878 1158 949 οὐχ
1202 877 1372 950 ὁρᾷς,
1438 877 1512 943 ὡς
1549 885 1641 934 καὶ
1685 886 1743 933 ὲν
1793 883 1972 951 Τροίᾳ

264 964 487 1035 ἀγαθοὶ
527 961 670 1036 πρὸς
716 962 816 1018 τὸν
862 962 1105 1035 πόλεμον
1149 964 1453 1037 ἐφάνησαν,
1499 967 1590 1018 καὶ
1640 965 1702 1040 τῇ
1729 969 1969 1040 ἰατρικῇ,

266 1048 340 1114 ὡς
382 1045 482 1119 ἐγὼ
531 1052 695 1118 λέγω,
739 1051 1008 1120 ὲχρῶντο;
1061 1044 1094 1113 ἢ
1145 1047 1209 1103 οὐ
1255 1054 1553 1119 μέμνησαι,
1613 1045 1702 1103 ὅτι
1756 1053 1846 1105 καὶ
1893 1050 1970 1118 τῷ

272 1137 525 1203 Μενέλεῳ
569 1139 625 1188 ἐκ
671 1136 770 1188 τοῦ
815 1132 1139 1204 τραύματος
1182 1125 1247 1188 οὗ
1293 1130 1322 1188 ὁ
1371 1133 1680 1202 Πάνδαρος
1723 1136 1919 1202 ἔβαλεν

349 1216 467 1289 αἷμ’
521 1215 879 1289 ὲκμυζήσαντ’
932 1222 1020 1272 ἐπί
1063 1215 1114 1270 τ’
1157 1215 1296 1282 ἤπια
1340 1215 1593 1291 φάρμακ’
1647 1220 1914 1282 ἔπασσον,

265 1301 295 1358 ὅ
355 1324 407 1358 τι
465 1300 513 1357 δ’
583 1304 746 1373 ἐχρῆν
800 1323 939 1370 μετα
999 1303 1166 1357 τοῦτο
1213 1298 1246 1367 ἡ
1295 1312 1438 1355 πιεῖν
1482 1298 1515 1367 ἢ
1482 1310 1761 1375 ηφαγεῖν
1806 1300 1970 1356 οὐδὲν

262 1390 482 1458 μᾶλλον
527 1382 562 1453 ἢ
606 1389 683 1456 τῷ
736 1385 1038 1459 Εὐρυπύλῳ
1087 1407 1477 1457 προςεταττον,
1523 1383 1596 1449 ὡς
1638 1389 1843 1440 ἱκανῶν
1877 1385 1970 1442 ὅν-

264 1492 374 1525 των
419 1472 530 1525 τῶν
576 1468 887 1544 φαρμάκων
932 1467 1212 1526 ιάσασθαι
1242 1466 1453 1540 ἄνδρας
1494 1467 1602 1542 πρὸ
1646 1474 1756 1524 τῶν
1800 1491 1969 1541 τραυ-

262 1554 455 1628 μάτων
498 1552 773 1623 ὑγιεινούς
822 1576 879 1610 τε
923 1558 1016 1610 καὶ
1069 1561 1329 1626 κοσμίους
1383 1561 1440 1610 ὲν
1494 1557 1707 1632 διαίτῃ,
1762 1553 1869 1612 κᾶν
1922 1559 1970 1613 εὶ

383 1751 432 1794 Ε.
494 1746 562 1791 ὥς
603 1746 728 1790 οὕτε
767 1763 814 1792 π.
843 1774 896 1780 —-
933 1747 1224 1803 λυσιτελῆ;]
1258 1750 1403 1802 Vulgo
1437 1746 1488 1790 ὅς
1517 1773 1572 1780 ——-
1603 1750 1834 1790 λυσιτελεῑ.·
1876 1749 1967 1792 Sed

264 1807 325 1850 ώς
362 1814 483 1851 recte
525 1807 653 1849 codd.
695 1809 786 1850 sere
827 1820 994 1852 ornnes.
1055 1809 1142 1849 Pro
1181 1808 1388 1847 λυσιτελεῖ
1421 1813 1566 1849 antem
1619 1808 1714 1851 Par.
1756 1810 1811 1849 A.
1853 1808 1964 1854 ven.

267 1869 370 1912 ΞΙΙ.
409 1867 558 1908 Αηὼτ.
595 1867 689 1906 Vat.
724 1879 779 1906 m.
810 1865 933 1910 Flor
966 1880 1004 1909 a.
1036 1880 1075 1908 c.
1109 1881 1147 1919 γ.
1181 1867 1391 1918 λυσιτελῆ,
1437 1866 1550 1916 quod
1585 1868 1779 1918 reposuit
1810 1867 1965 1915 Bekk„

262 1939 390 1979 quem
423 1937 520 1965 cum
553 1925 647 1966 aliis
677 1930 886 1977 sequutus
918 1938 1028 1966 sum.
1090 1925 1178 1965 Pro
1213 1936 1265 1965 eo
1298 1924 1546 1963 λυσιτελοῦν
1579 1924 1694 1968 Mon.
1716 1932 1823 1976 Aug.
1847 1925 1964 1969 Flor.

261 1986 309 2038 β.
348 1999 387 2026 x.
434 1981 792 2034 suppeditarunt3
833 1981 950 2036 quod
996 1989 1042 2024 et
1082 1983 1224 2036 ipsum
1268 1981 1496 2024 tolerabile
1538 1987 1617 2022 est
1669 1995 1707 2022 v.
1751 1981 1964 2024 Matthiae

263 2042 341 2084 Gr.
378 2042 417 2093 ἓ
449 2039 550 2086 564.

345 2099 466 2139 -καὶ
499 2096 553 2138 οἱ
590 2095 784 2138 παῖδες
814 2092 991 2138 αὐτοῦ
1022 2092 1343 2137 δεικνύοιει
1373 2091 1459 2144 ἄν,
1495 2091 1574 2135 ὅτι
1605 2097 1690 2150 —]
1724 2095 1965 2139 δεικνύοιεν

265 2157 392 2199 deest
423 2157 464 2198 in
498 2156 598 2196 Par.
636 2159 683 2195 A.
728 2155 873 2196 Ambr.
909 2153 1309 2224 Vat.m.F1qr.a.
1345 2167 1382 2194 c
1419 2158 1463 2194 et
1494 2166 1556 2205 pr.
1589 2154 1659 2205 ΙΙ.,
1693 2161 1866 2197 tuentur
1897 2162 1964 2198 ta-

262 2228 362 2257 men
401 2215 469 2256 alii
512 2226 610 2254 cum
656 2211 1139 2257 vat.&.1>raeterea
1186 2209 1238 2252 ἄν
1277 2211 1547 2252 desideratur
1591 2212 1631 2252 in
1667 2213 1765 2255 Par.
1805 2215 1962 2259 ΑΒΚ.

265 2274 370 2314 Ven.
402 2273 456 2316 11.
486 2271 641 2314 Ambr.
676 2275 783 2324 Ang.
815 2272 936 2314 Mon
969 2271 1087 2314 Flor.
1120 2270 1164 2322 β.
1196 2271 1444 2322 absorptum
1487 2269 1650 2311 scilicet
1682 2272 1846 2340 syllaba
1881 2286 1962 2314 an-

261 2336 472 2381 tegressa.
543 2327 805 2370 Turicenses
852 2330 1102 2371 ediderunt·
1144 2329 1213 2368 καὶ
1253 2326 1299 2367 οἱ
1333 2325 1481 2368 παῖδες
1512 2322 1672 2380 αυτοῦ,
1720 2325 1784 2369 ὅτι
1815 2331 1961 2371 τοιοῦ-

261 2399 336 2429 τος
367 2382 433 2442 ἦν,
466 2402 546 2441 ουχ
577 2382 686 2441 ὁρᾷς
714 2382 774 2427 ὥς
802 2411 856 2419 -
889 2386 1100 2456 ἐχρῶντο,
1159 2387 1290 2430 Quod
1324 2386 1478 2427 merito
1512 2385 1732 2440 displicuit
1767 2388 1962 2443 Sauppio

260 2530 344 2580 git:
390 2527 611 2583 ἐπιχειρεῖν
642 2527 821 2570 διαίταις
847 2554 890 2560 -
915 2534 1066 2573 ποιεῖν.

264 2587 489 2629 Sententia
542 2599 651 2629 vero
698 2587 803 2629 haec
850 2593 935 2629 est:
1003 2589 1068 2629 iis

262 2650 467 2697 autem,
531 2658 765 2698 quorum
832 2659 1068 2699 corpora

262 2704 416 2745 intus
451 2704 673 2744 omnino
707 2704 956 2745 morbida
991 2718 1067 2746 es-

263 2761 1067 2812 sent‚noninstituissediae-

263 2819 333 2860 tis
364 2819 533 2860 vitam
575 2820 798 2874 longam
828 2826 884 2862 et
916 2834 1066 2861 aeru-

263 2889 500 2919 mnosam
545 2877 812 2929 efficere,
858 2877 1067 2920 adhibi-

261 2935 332 2975 tis
381 2935 702 2976 minutatim
749 2937 1064 2978 evacuatio-

260 2992 445 3042 nibus,
487 2998 534 3033 ut
572 2994 634 3034 ita
673 2994 838 3045 dicam,
894 3000 946 3035 et
994 2995 1065 3035 in-

259 3048 600 3092 fusionibus.

322 3133 372 3174 Ε.
423 3132 478 3174 ἐν
508 3135 568 3188 τῇ
604 3137 992 3194 καθεστηκυίᾳ
1023 3152 1065 3178 π.

259 3189 390 3243 ζῆν]
435 3194 720 3236 constitutum
765 3210 786 3235 a
819 3203 972 3237 natura
1003 3196 1066 3238 vi·

259 3254 331 3290 tae
366 3261 538 3290 cursum
574 3254 800 3296 conficere.

319 3336 369 3377 P.
405 3335 507 3382 408.
591 3340 656 3393 τῷ
706 3339 954 3395 Μενέλεῳ
1009 3337 1064 3379 ἐκ

262 3395 357 3435 τοῦ
397 3398 492 3449 tp]
538 3395 685 3438 Hom.
723 3397 773 3440 Il.
814 3398 904 3448 IV,
947 3397 1060 3450 218„

1156 2542 1283 2582 quem
1331 2540 1502 2569 versum
1548 2527 1677 2570 Plato
1727 2531 1962 2583 paullulum

1156 2587 1353 2629 mutavit.

1217 2672 1264 2713 Β.
1298 2671 1546 2714 κυκεῶνα
1578 2668 1851 2725 πιόντες;]
1896 2671 1961 2712 De

1153 2730 1239 2771 hoc
1273 2743 1314 2770 v.
1347 2731 1534 2771 Astius
1576 2730 1628 2770 ad
1662 2729 1882 2783 Theophr.
1917 2742 1957 2781 p.

1154 2789 1225 2832 69.
1277 2793 1371 2836 aut,
1421 2788 1455 2828 si
1509 2788 1675 2839 mavis,
1725 2789 1958 2828 Paasow.

1158 2846 1265 2888 Lex.
1298 2859 1332 2889 s.
1361 2859 1398 2886 v.
1462 2845 1628 2888 Deinde
1653 2851 1755 2898 post
1784 2842 1957 2897 νοσώδη

1153 2928 1209 2935 —
1241 2903 1309 2944 καὶ
1341 2899 1580 2947 ἀκόλαστον
1608 2903 1787 2944 infertur
1812 2906 1956 2956 plura-

1153 2963 1203 3003 lis
1242 2974 1446 3003 numerus
1494 2961 1561 3002 ε’πὶ
1610 2958 1833 3006 τούτοις
1881 2957 1958 3012 τήν

1152 3019 1298 3072 τέχνην
1331 3017 1418 3060 δεῖν
1447 3014 1556 3060 εἶναι
1600 3014 1706 3059 οὐδὲ
1735 3019 1955 3073 θεραπευ-

1152 3078 1249 3119 τέον
1298 3073 1507 3127 αὐτούς,
1547 3077 1666 3130 quod
1718 3077 1954 3119 notandum

1150 3135 1324 3189 quidem
1373 3143 1464 3187 est,
1516 3149 1595 3178 nec
1642 3148 1746 3176 vero
1797 3137 1953 3176 miran-

1151 3195 1267 3234 dum.

1207 3275 1325 3320 οὐδ’
1368 3279 1421 3321 ει
1454 3278 1638 3322 Μίδου
1682 3278 1952 3321 πλουσιώ-

1150 3351 1290 3391 τεροι
1323 3334 1458 3394 εἶεν]
1495 3339 1692 3392 Respicit
1734 3337 1790 3381 ad
1821 3338 1952 3409 Pyr-

1155 3398 1271 3439 taei
1314 3397 1433 3450 Eleg.
1478 3395 1552 3441 ΠΙ
1597 3411 1634 3438 ν.
1673 3396 1723 3442 6ι
1770 3390 1870 3437 οὐδ’
1909 3396 1959 3437 εἰ
