<?xml version="1.0" encoding="UTF-8"?>
<!DOCTYPE html PUBLIC "-//W3C//DTD XHTML 1.0 Transitional//EN"
    "http://www.w3.org/TR/xhtml1/DTD/xhtml1-transitional.dtd">
<html xmlns="http://www.w3.org/1999/xhtml" xml:lang="en" lang="en">
 <head>
  <title>
</title>
<meta http-equiv="Content-Type" content="text/html;charset=utf-8" />
  <meta name='ocr-system' content='tesseract 3.04.00' />
  <meta name='ocr-capabilities' content='ocr_page ocr_carea ocr_par ocr_line ocrx_word'/>
</head>
<body>
  <div class='ocr_page' id='page_1' title='image "./operaomniarecens03platuoft_0071.png"; bbox 0 0 2106 3594; ppageno 0'>
   <div class='ocr_carea' id='block_1_1' title="bbox 0 0 57 3193">
    <p class='ocr_par' dir='ltr' id='par_1_1' title="bbox 0 0 57 3193">
     <span class='ocr_line' id='line_1_1' title="bbox 0 0 57 3193; baseline 0 0"><span class='ocrx_word' id='word_1_1' title='bbox 0 0 57 3193; x_wconf 95' lang='lat' dir='ltr'> </span> 
     </span>
    </p>
   </div>
   <div class='ocr_carea' id='block_1_2' title="bbox 1656 156 1823 211">
    <p class='ocr_par' dir='ltr' id='par_1_2' title="bbox 1656 156 1823 211">
     <span class='ocr_line' id='line_1_2' title="bbox 1656 156 1823 211; baseline 0.012 -2"><span class='ocrx_word' id='word_1_2' title='bbox 1656 156 1823 211; x_wconf 80' lang='lat' dir='ltr'>LXV</span> 
     </span>
    </p>
   </div>
   <div class='ocr_carea' id='block_1_3' title="bbox 107 293 1822 653">
    <p class='ocr_par' dir='ltr' id='par_1_3' title="bbox 107 293 1822 653">
     <span class='ocr_line' id='line_1_3' title="bbox 115 293 1822 367; baseline 0.002 -19"><span class='ocrx_word' id='word_1_3' title='bbox 115 295 428 367; x_wconf 79' lang='lat' dir='ltr'>republica,</span> <span class='ocrx_word' id='word_1_4' title='bbox 457 293 546 346; x_wconf 78' lang='lat' dir='ltr'>ita</span> <span class='ocrx_word' id='word_1_5' title='bbox 579 297 829 346; x_wconf 86' lang='lat' dir='ltr'>versatus</span> <span class='ocrx_word' id='word_1_6' title='bbox 868 299 983 356; x_wconf 83' lang='lat' dir='ltr'>est,</span> <span class='ocrx_word' id='word_1_7' title='bbox 1021 301 1112 361; x_wconf 88' lang='lat' dir='ltr'>ut,</span> <span class='ocrx_word' id='word_1_8' title='bbox 1164 293 1294 349; x_wconf 84' lang='lat' dir='ltr'>dum</span> <span class='ocrx_word' id='word_1_9' title='bbox 1330 294 1564 350; x_wconf 89' lang='lat' dir='ltr'>hominis</span> <span class='ocrx_word' id='word_1_10' title='bbox 1595 296 1672 350; x_wconf 85' lang='lat' dir='ltr'>ad</span> <span class='ocrx_word' id='word_1_11' title='bbox 1711 299 1822 352; x_wconf 86' lang='lat' dir='ltr'>vir-</span> 
     </span>
     <span class='ocr_line' id='line_1_4' title="bbox 109 362 1822 438; baseline 0.002 -18"><span class='ocrx_word' id='word_1_12' title='bbox 109 375 283 422; x_wconf 83' lang='lat' dir='ltr'>tutem</span> <span class='ocrx_word' id='word_1_13' title='bbox 328 363 586 420; x_wconf 81' lang='lat' dir='ltr'>indolem</span> <span class='ocrx_word' id='word_1_14' title='bbox 617 362 674 415; x_wconf 87' lang='lat' dir='ltr'>in</span> <span class='ocrx_word' id='word_1_15' title='bbox 721 363 939 433; x_wconf 85' lang='lat' dir='ltr'>privata</span> <span class='ocrx_word' id='word_1_16' title='bbox 985 366 1196 436; x_wconf 80' lang='lat' dir='ltr'>pariter</span> <span class='ocrx_word' id='word_1_17' title='bbox 1241 374 1410 437; x_wconf 84' lang='lat' dir='ltr'>atque</span> <span class='ocrx_word' id='word_1_18' title='bbox 1447 366 1677 438; x_wconf 84' lang='lat' dir='ltr'>publica·</span> <span class='ocrx_word' id='word_1_19' title='bbox 1706 371 1822 424; x_wconf 83' lang='lat' dir='ltr'>vita</span> 
     </span>
     <span class='ocr_line' id='line_1_5' title="bbox 110 433 1816 512; baseline 0.001 -19"><span class='ocrx_word' id='word_1_20' title='bbox 110 440 469 510; x_wconf 78' lang='lat' dir='ltr'>conspicuam</span> <span class='ocrx_word' id='word_1_21' title='bbox 539 433 869 504; x_wconf 77' lang='lat' dir='ltr'>illustravit,</span> <span class='ocrx_word' id='word_1_22' title='bbox 929 435 1120 490; x_wconf 87' lang='lat' dir='ltr'>eadem</span> <span class='ocrx_word' id='word_1_23' title='bbox 1179 457 1351 511; x_wconf 86' lang='lat' dir='ltr'>opera</span> <span class='ocrx_word' id='word_1_24' title='bbox 1413 439 1816 512; x_wconf 76' lang='lat' dir='ltr'><strong>philosophiam</strong></span> 
     </span>
     <span class='ocr_line' id='line_1_6' title="bbox 108 506 1815 583; baseline 0.002 -18"><span class='ocrx_word' id='word_1_25' title='bbox 108 513 272 565; x_wconf 80' lang='lat' dir='ltr'>ctiam</span> <span class='ocrx_word' id='word_1_26' title='bbox 323 522 504 563; x_wconf 75' lang='lat' dir='ltr'>rerum</span> <span class='ocrx_word' id='word_1_27' title='bbox 604 506 905 562; x_wconf 88' lang='lat' dir='ltr'>ublicarum</span> <span class='ocrx_word' id='word_1_28' title='bbox 951 508 1198 580; x_wconf 83' lang='lat' dir='ltr'>reginam</span> <span class='ocrx_word' id='word_1_29' title='bbox 1261 519 1319 566; x_wconf 89' lang='lat' dir='ltr'>et</span> <span class='ocrx_word' id='word_1_30' title='bbox 1375 510 1815 583; x_wconf 77' lang='lat' dir='ltr'>gubernatricem</span> 
     </span>
     <span class='ocr_line' id='line_1_7' title="bbox 107 581 1814 653; baseline 0.002 -16"><span class='ocrx_word' id='word_1_31' title='bbox 107 598 230 637; x_wconf 81' lang='lat' dir='ltr'>esse</span> <span class='ocrx_word' id='word_1_32' title='bbox 265 587 522 653; x_wconf 74' lang='lat' dir='ltr'>oportere</span> <span class='ocrx_word' id='word_1_33' title='bbox 599 581 1050 650; x_wconf 79' lang='lat' dir='ltr'>emonstraverit,</span> <span class='ocrx_word' id='word_1_34' title='bbox 1101 590 1165 635; x_wconf 90' lang='lat' dir='ltr'>ut</span> <span class='ocrx_word' id='word_1_35' title='bbox 1210 582 1290 636; x_wconf 87' lang='lat' dir='ltr'>ini</span> <span class='ocrx_word' id='word_1_36' title='bbox 1337 583 1432 636; x_wconf 88' lang='lat' dir='ltr'>uni</span> <span class='ocrx_word' id='word_1_37' title='bbox 1477 602 1644 638; x_wconf 84' lang='lat' dir='ltr'>verae</span> <span class='ocrx_word' id='word_1_38' title='bbox 1678 584 1814 641; x_wconf 81' lang='lat' dir='ltr'>artis</span> 
     </span>
    </p>
   </div>
   <div class='ocr_carea' id='block_1_4' title="bbox 103 647 974 725">
    <p class='ocr_par' dir='ltr' id='par_1_4' title="bbox 103 647 974 725">
     <span class='ocr_line' id='line_1_8' title="bbox 103 647 974 725; baseline -0.005 -17"><span class='ocrx_word' id='word_1_39' title='bbox 103 649 284 708; x_wconf 73' lang='lat' dir='ltr'>civilis</span> <span class='ocrx_word' id='word_1_40' title='bbox 320 653 444 725; x_wconf 78' lang='lat' dir='ltr'>laus</span> <span class='ocrx_word' id='word_1_41' title='bbox 478 647 778 704; x_wconf 79' lang='lat' dir='ltr'>deferenda</span> <span class='ocrx_word' id='word_1_42' title='bbox 813 658 974 706; x_wconf 84' lang='lat' dir='ltr'>esset.</span> 
     </span>
    </p>
   </div>
   <div class='ocr_carea' id='block_1_5' title="bbox 782 780 1118 795">
    <p class='ocr_par' dir='ltr' id='par_1_5' title="bbox 782 780 1118 795">
     <span class='ocr_line' id='line_1_9' title="bbox 782 780 1118 795; baseline 0 0"><span class='ocrx_word' id='word_1_43' title='bbox 782 780 1118 795; x_wconf 95' lang='lat' dir='ltr'> </span> 
     </span>
    </p>
   </div>
   <div class='ocr_carea' id='block_1_6' title="bbox 94 865 1814 1442">
    <p class='ocr_par' dir='ltr' id='par_1_6' title="bbox 94 865 1814 1442">
     <span class='ocr_line' id='line_1_10' title="bbox 107 865 1814 943; baseline 0.001 -19"><span class='ocrx_word' id='word_1_44' title='bbox 107 903 113 906; x_wconf 58' lang='lat'><strong>&lt;</strong></span> <span class='ocrx_word' id='word_1_45' title='bbox 167 898 169 905; x_wconf 29' lang='grc' dir='ltr'>ι</span> <span class='ocrx_word' id='word_1_46' title='bbox 243 866 623 943; x_wconf 84' lang='lat' dir='ltr'>Exposuimus</span> <span class='ocrx_word' id='word_1_47' title='bbox 674 866 969 936; x_wconf 86' lang='lat' dir='ltr'>hactenus,</span> <span class='ocrx_word' id='word_1_48' title='bbox 1019 865 1156 936; x_wconf 90' lang='lat' dir='ltr'>quid</span> <span class='ocrx_word' id='word_1_49' title='bbox 1206 867 1474 922; x_wconf 74' lang='lat' dir='ltr'>Platoin</span> <span class='ocrx_word' id='word_1_50' title='bbox 1520 871 1814 926; x_wconf 84' lang='lat' dir='ltr'>scribenda</span> 
     </span>
     <span class='ocr_line' id='line_1_11' title="bbox 100 939 1812 1013; baseline 0.001 -17"><span class='ocrx_word' id='word_1_51' title='bbox 100 943 307 996; x_wconf 75' lang='lat' dir='ltr'>Pdlitia</span> <span class='ocrx_word' id='word_1_52' title='bbox 353 941 616 1011; x_wconf 82' lang='lat' dir='ltr'>tanquam</span> <span class='ocrx_word' id='word_1_53' title='bbox 676 957 957 992; x_wconf 84' lang='lat' dir='ltr'>summum</span> <span class='ocrx_word' id='word_1_54' title='bbox 1006 947 1173 1009; x_wconf 86' lang='lat' dir='ltr'>atque</span> <span class='ocrx_word' id='word_1_55' title='bbox 1232 939 1486 995; x_wconf 80' lang='lat' dir='ltr'>ultimum</span> <span class='ocrx_word' id='word_1_56' title='bbox 1542 953 1812 1013; x_wconf 81' lang='lat' dir='ltr'>sequutus</span> 
     </span>
     <span class='ocr_line' id='line_1_12' title="bbox 101 1009 1811 1079; baseline 0.002 -12"><span class='ocrx_word' id='word_1_57' title='bbox 101 1028 222 1070; x_wconf 80' lang='lat' dir='ltr'>esse</span> <span class='ocrx_word' id='word_1_58' title='bbox 275 1013 545 1067; x_wconf 78' lang='lat' dir='ltr'>videatur.</span> <span class='ocrx_word' id='word_1_59' title='bbox 633 1009 793 1079; x_wconf 83' lang='lat' dir='ltr'>Quae</span> <span class='ocrx_word' id='word_1_60' title='bbox 827 1011 878 1064; x_wconf 80' lang='lat' dir='ltr'>si</span> <span class='ocrx_word' id='word_1_61' title='bbox 914 1013 1238 1079; x_wconf 64' lang='lat' dir='ltr'>vera‘sunt‚</span> <span class='ocrx_word' id='word_1_62' title='bbox 1290 1019 1438 1066; x_wconf 88' lang='lat' dir='ltr'>certe</span> <span class='ocrx_word' id='word_1_63' title='bbox 1476 1014 1643 1067; x_wconf 86' lang='lat' dir='ltr'>etiam</span> <span class='ocrx_word' id='word_1_64' title='bbox 1680 1034 1811 1070; x_wconf 89' lang='lat' dir='ltr'>con·</span> 
     </span>
     <span class='ocr_line' id='line_1_13' title="bbox 99 1083 1811 1158; baseline 0.001 -17"><span class='ocrx_word' id='word_1_65' title='bbox 99 1104 336 1158; x_wconf 85' lang='lat' dir='ltr'>sequens</span> <span class='ocrx_word' id='word_1_66' title='bbox 383 1087 503 1139; x_wconf 85' lang='lat' dir='ltr'>fore</span> <span class='ocrx_word' id='word_1_67' title='bbox 548 1101 576 1137; x_wconf 86' lang='lat' dir='ltr'>s</span> <span class='ocrx_word' id='word_1_68' title='bbox 620 1100 774 1137; x_wconf 85' lang='lat' dir='ltr'>erare</span> <span class='ocrx_word' id='word_1_69' title='bbox 819 1083 982 1151; x_wconf 85' lang='lat' dir='ltr'>licet,</span> <span class='ocrx_word' id='word_1_70' title='bbox 1030 1096 1095 1135; x_wconf 81' lang='lat' dir='ltr'>ut</span> <span class='ocrx_word' id='word_1_71' title='bbox 1124 1083 1391 1153; x_wconf 69' lang='lat' dir='ltr'>reliquae</span> <span class='ocrx_word' id='word_1_72' title='bbox 1437 1083 1811 1143; x_wconf 71' lang='lat' dir='ltr'>dubitationes</span> 
     </span>
     <span class='ocr_line' id='line_1_14' title="bbox 98 1155 1811 1227; baseline 0.001 -14"><span class='ocrx_word' id='word_1_73' title='bbox 98 1176 320 1227; x_wconf 56' lang='lat' dir='ltr'>omnem,</span> <span class='ocrx_word' id='word_1_74' title='bbox 370 1175 511 1227; x_wconf 86' lang='lat' dir='ltr'>quae</span> <span class='ocrx_word' id='word_1_75' title='bbox 600 1174 629 1210; x_wconf 92' lang='lat' dir='ltr'>e</span> <span class='ocrx_word' id='word_1_76' title='bbox 666 1155 989 1227; x_wconf 84' lang='lat' dir='ltr'>amplissimi</span> <span class='ocrx_word' id='word_1_77' title='bbox 1025 1155 1208 1226; x_wconf 86' lang='lat' dir='ltr'>operis</span> <span class='ocrx_word' id='word_1_78' title='bbox 1246 1156 1422 1209; x_wconf 87' lang='lat' dir='ltr'>forma</span> <span class='ocrx_word' id='word_1_79' title='bbox 1458 1164 1625 1227; x_wconf 87' lang='lat' dir='ltr'>atque</span> <span class='ocrx_word' id='word_1_80' title='bbox 1662 1178 1811 1213; x_wconf 91' lang='lat' dir='ltr'>com-</span> 
     </span>
     <span class='ocr_line' id='line_1_15' title="bbox 96 1224 1805 1356; baseline 0.001 -72"><span class='ocrx_word' id='word_1_81' title='bbox 96 1231 392 1356; x_wconf 61' lang='lat' dir='ltr'>positione,</span> <span class='ocrx_word' id='word_1_82' title='bbox 423 1224 818 1298; x_wconf 78' lang='lat' dir='ltr'>inscriptione,</span> <span class='ocrx_word' id='word_1_83' title='bbox 857 1227 1092 1280; x_wconf 83' lang='lat' dir='ltr'>arctiore</span> <span class='ocrx_word' id='word_1_84' title='bbox 1118 1245 1243 1280; x_wconf 90' lang='lat' dir='ltr'>cum</span> <span class='ocrx_word' id='word_1_85' title='bbox 1269 1227 1498 1282; x_wconf 79' lang='lat' dir='ltr'>Timaeo</span> <span class='ocrx_word' id='word_1_86' title='bbox 1538 1234 1595 1283; x_wconf 89' lang='lat' dir='ltr'>et</span> <span class='ocrx_word' id='word_1_87' title='bbox 1632 1230 1718 1285; x_wconf 88' lang='lat' dir='ltr'>Le</span> <span class='ocrx_word' id='word_1_88' title='bbox 1760 1231 1805 1285; x_wconf 88' lang='lat' dir='ltr'>i-</span> 
     </span>
     <span class='ocr_line' id='line_1_16' title="bbox 134 1251 1809 1375; baseline 0 -18"><span class='ocrx_word' id='word_1_89' title='bbox 134 1322 200 1357; x_wconf 88' lang='lat' dir='ltr'>us</span> <span class='ocrx_word' id='word_1_90' title='bbox 236 1300 650 1370; x_wconf 84' lang='lat' dir='ltr'>coniunctione,</span> <span class='ocrx_word' id='word_1_91' title='bbox 689 1306 871 1353; x_wconf 88' lang='lat' dir='ltr'>motae</span> <span class='ocrx_word' id='word_1_92' title='bbox 907 1305 1062 1366; x_wconf 87' lang='lat' dir='ltr'>sunt,</span> <span class='ocrx_word' id='word_1_93' title='bbox 1102 1299 1320 1353; x_wconf 88' lang='lat' dir='ltr'>facilem</span> <span class='ocrx_word' id='word_1_94' title='bbox 1357 1298 1598 1355; x_wconf 77' lang='lat' dir='ltr'>habeant</span> <span class='ocrx_word' id='word_1_95' title='bbox 1635 1251 1809 1375; x_wconf 48' lang='lat' dir='ltr'>equi-</span> 
     </span>
     <span class='ocr_line' id='line_1_17' title="bbox 94 1370 1808 1442; baseline 0 -13"><span class='ocrx_word' id='word_1_96' title='bbox 94 1375 384 1429; x_wconf 77' lang='lat' dir='ltr'>cationem.</span> <span class='ocrx_word' id='word_1_97' title='bbox 458 1371 551 1426; x_wconf 84' lang='lat' dir='ltr'>De</span> <span class='ocrx_word' id='word_1_98' title='bbox 600 1371 803 1442; x_wconf 86' lang='lat' dir='ltr'>quibus</span> <span class='ocrx_word' id='word_1_99' title='bbox 847 1370 1014 1425; x_wconf 87' lang='lat' dir='ltr'>rebus</span> <span class='ocrx_word' id='word_1_100' title='bbox 1051 1370 1251 1424; x_wconf 89' lang='lat' dir='ltr'>dehinc</span> <span class='ocrx_word' id='word_1_101' title='bbox 1287 1375 1452 1441; x_wconf 81' lang='lat' dir='ltr'>quam</span> <span class='ocrx_word' id='word_1_102' title='bbox 1490 1373 1808 1430; x_wconf 77' lang='lat' dir='ltr'>brevissime</span> 
     </span>
    </p>
   </div>
   <div class='ocr_carea' id='block_1_7' title="bbox 16 1444 1807 3458">
    <p class='ocr_par' dir='ltr' id='par_1_7' title="bbox 59 1444 1644 1519">
     <span class='ocr_line' id='line_1_18' title="bbox 59 1444 1644 1519; baseline -0.006 -19"><span class='ocrx_word' id='word_1_103' title='bbox 59 1458 73 1467; x_wconf 68' lang='lat'><em>⁶</em></span> <span class='ocrx_word' id='word_1_104' title='bbox 94 1455 378 1519; x_wconf 75' lang='lat' dir='ltr'>exponere</span> <span class='ocrx_word' id='word_1_105' title='bbox 405 1444 610 1499; x_wconf 85' lang='lat' dir='ltr'>licebit.</span> <span class='ocrx_word' id='word_1_106' title='bbox 1637 1494 1644 1500; x_wconf 69' lang='grc'>,</span> 
     </span>
    </p>

    <p class='ocr_par' dir='ltr' id='par_1_8' title="bbox 16 1512 1807 3458">
     <span class='ocr_line' id='line_1_19' title="bbox 237 1512 1805 1590; baseline 0.001 -19"><span class='ocrx_word' id='word_1_107' title='bbox 237 1518 434 1588; x_wconf 85' lang='lat' dir='ltr'>Itaque</span> <span class='ocrx_word' id='word_1_108' title='bbox 478 1516 713 1587; x_wconf 85' lang='lat' dir='ltr'>primum</span> <span class='ocrx_word' id='word_1_109' title='bbox 762 1512 983 1583; x_wconf 88' lang='lat' dir='ltr'>quidem</span> <span class='ocrx_word' id='word_1_110' title='bbox 1031 1514 1129 1568; x_wconf 91' lang='lat' dir='ltr'>ubi</span> <span class='ocrx_word' id='word_1_111' title='bbox 1168 1514 1254 1568; x_wconf 87' lang='lat' dir='ltr'>de·</span> <span class='ocrx_word' id='word_1_112' title='bbox 1272 1516 1447 1570; x_wconf 85' lang='lat' dir='ltr'>forma</span> <span class='ocrx_word' id='word_1_113' title='bbox 1486 1524 1543 1570; x_wconf 86' lang='lat' dir='ltr'>et</span> <span class='ocrx_word' id='word_1_114' title='bbox 1581 1535 1805 1590; x_wconf 81' lang='lat' dir='ltr'>compo-</span> 
     </span>
     <span class='ocr_line' id='line_1_20' title="bbox 94 1583 1807 1660; baseline -0.001 -16"><span class='ocrx_word' id='word_1_115' title='bbox 94 1589 296 1644; x_wconf 79' lang='lat' dir='ltr'>sitione</span> <span class='ocrx_word' id='word_1_116' title='bbox 341 1594 528 1660; x_wconf 83' lang='lat' dir='ltr'>operis</span> <span class='ocrx_word' id='word_1_117' title='bbox 580 1583 971 1655; x_wconf 67' lang='lat' dir='ltr'>disquirimus,</span> <span class='ocrx_word' id='word_1_118' title='bbox 992 1624 994 1629; x_wconf 69' lang='lat'>,</span> <span class='ocrx_word' id='word_1_119' title='bbox 1018 1585 1179 1639; x_wconf 72' lang='lat' dir='ltr'>facile</span> <span class='ocrx_word' id='word_1_120' title='bbox 1216 1587 1327 1640; x_wconf 79' lang='lat' dir='ltr'>iam</span> <span class='ocrx_word' id='word_1_121' title='bbox 1350 1587 1703 1642; x_wconf 80' lang='lat' dir='ltr'>intellectum</span> <span class='ocrx_word' id='word_1_122' title='bbox 1739 1590 1807 1644; x_wconf 91' lang='lat' dir='ltr'>iri</span> 
     </span>
     <span class='ocr_line' id='line_1_21' title="bbox 92 1654 1805 1734; baseline 0.001 -19"><span class='ocrx_word' id='word_1_123' title='bbox 92 1668 351 1734; x_wconf 72' lang='lat' dir='ltr'>putamus</span> <span class='ocrx_word' id='word_1_124' title='bbox 366 1696 384 1729; x_wconf 79' lang='lat'>‚</span> <span class='ocrx_word' id='word_1_125' title='bbox 431 1657 567 1729; x_wconf 87' lang='lat' dir='ltr'>quid</span> <span class='ocrx_word' id='word_1_126' title='bbox 618 1654 689 1711; x_wconf 86' lang='lat' dir='ltr'>de</span> <span class='ocrx_word' id='word_1_127' title='bbox 733 1675 800 1710; x_wconf 79' lang='lat' dir='ltr'>ea</span> <span class='ocrx_word' id='word_1_128' title='bbox 835 1656 1258 1712; x_wconf 78' lang='lat' dir='ltr'>existimandum</span> <span class='ocrx_word' id='word_1_129' title='bbox 1294 1659 1383 1713; x_wconf 82' lang='lat' dir='ltr'>sit.</span> <span class='ocrx_word' id='word_1_130' title='bbox 1456 1660 1624 1714; x_wconf 82' lang='lat' dir='ltr'>Patet</span> <span class='ocrx_word' id='word_1_131' title='bbox 1661 1662 1805 1716; x_wconf 89' lang='lat' dir='ltr'>enim</span> 
     </span>
     <span class='ocr_line' id='line_1_22' title="bbox 90 1729 1803 1805; baseline 0.001 -19"><span class='ocrx_word' id='word_1_132' title='bbox 90 1733 326 1805; x_wconf 87' lang='lat' dir='ltr'>primum</span> <span class='ocrx_word' id='word_1_133' title='bbox 392 1730 614 1800; x_wconf 86' lang='lat' dir='ltr'>quidem</span> <span class='ocrx_word' id='word_1_134' title='bbox 674 1746 825 1782; x_wconf 87' lang='lat' dir='ltr'>nunc</span> <span class='ocrx_word' id='word_1_135' title='bbox 883 1729 1216 1798; x_wconf 82' lang='lat' dir='ltr'>clarissime,</span> <span class='ocrx_word' id='word_1_136' title='bbox 1279 1747 1380 1784; x_wconf 82' lang='lat' dir='ltr'>cur</span> <span class='ocrx_word' id='word_1_137' title='bbox 1439 1731 1803 1805; x_wconf 85' lang='lat' dir='ltr'>philosophus</span> 
     </span>
     <span class='ocr_line' id='line_1_23' title="bbox 91 1800 1801 1875; baseline 0.001 -18"><span class='ocrx_word' id='word_1_138' title='bbox 91 1803 469 1875; x_wconf 84' lang='lat' dir='ltr'>quaestionem</span> <span class='ocrx_word' id='word_1_139' title='bbox 506 1801 578 1855; x_wconf 83' lang='lat' dir='ltr'>de</span> <span class='ocrx_word' id='word_1_140' title='bbox 616 1800 850 1855; x_wconf 87' lang='lat' dir='ltr'>hominis</span> <span class='ocrx_word' id='word_1_141' title='bbox 886 1800 1098 1855; x_wconf 81' lang='lat' dir='ltr'>iustitia</span> <span class='ocrx_word' id='word_1_142' title='bbox 1135 1819 1259 1855; x_wconf 90' lang='lat' dir='ltr'>cum</span> <span class='ocrx_word' id='word_1_143' title='bbox 1305 1802 1516 1856; x_wconf 84' lang='lat' dir='ltr'>iustitia</span> <span class='ocrx_word' id='word_1_144' title='bbox 1557 1804 1801 1860; x_wconf 80' lang='lat' dir='ltr'>civitatis</span> 
     </span>
     <span class='ocr_line' id='line_1_24' title="bbox 90 1871 1802 1945; baseline 0 -14"><span class='ocrx_word' id='word_1_145' title='bbox 90 1874 436 1931; x_wconf 87' lang='lat' dir='ltr'>coniunxerit</span> <span class='ocrx_word' id='word_1_146' title='bbox 472 1882 654 1944; x_wconf 67' lang='lat' dir='ltr'>&#39;atque</span> <span class='ocrx_word' id='word_1_147' title='bbox 705 1871 912 1944; x_wconf 77' lang='lat' dir='ltr'>pariter</span> <span class='ocrx_word' id='word_1_148' title='bbox 948 1872 1215 1942; x_wconf 51' lang='lat' dir='ltr'>¹speciem</span> <span class='ocrx_word' id='word_1_149' title='bbox 1276 1874 1515 1945; x_wconf 79' lang='lat' dir='ltr'>perfecti·</span> <span class='ocrx_word' id='word_1_150' title='bbox 1564 1874 1802 1931; x_wconf 86' lang='lat' dir='ltr'>hominis</span> 
     </span>
     <span class='ocr_line' id='line_1_25' title="bbox 88 1944 1802 2019; baseline 0.001 -18"><span class='ocrx_word' id='word_1_151' title='bbox 88 1955 248 2019; x_wconf 68' lang='lat' dir='ltr'>atque</span> <span class='ocrx_word' id='word_1_152' title='bbox 268 1945 770 2019; x_wconf 80' lang='lat' dir='ltr'>praestantissimae</span> <span class='ocrx_word' id='word_1_153' title='bbox 804 1944 1140 2016; x_wconf 78' lang='lat' dir='ltr'>reipublicae</span> <span class='ocrx_word' id='word_1_154' title='bbox 1158 1946 1546 2016; x_wconf 78' lang='lat' dir='ltr'>proposuerit.&#39;</span> <span class='ocrx_word' id='word_1_155' title='bbox 1570 1946 1802 2003; x_wconf 76' lang='lat' dir='ltr'>Utrum-</span> 
     </span>
     <span class='ocr_line' id='line_1_26' title="bbox 87 2015 1800 2091; baseline 0.001 -17"><span class='ocrx_word' id='word_1_156' title='bbox 87 2035 196 2091; x_wconf 83' lang='lat' dir='ltr'>que</span> <span class='ocrx_word' id='word_1_157' title='bbox 230 2019 376 2073; x_wconf 88' lang='lat' dir='ltr'>enim</span> <span class='ocrx_word' id='word_1_158' title='bbox 411 2015 575 2072; x_wconf 82' lang='lat' dir='ltr'>sicuti</span> <span class='ocrx_word' id='word_1_159' title='bbox 612 2015 682 2070; x_wconf 90' lang='lat' dir='ltr'>ad</span> <span class='ocrx_word' id='word_1_160' title='bbox 721 2033 888 2069; x_wconf 88' lang='lat' dir='ltr'>unum</span> <span class='ocrx_word' id='word_1_161' title='bbox 924 2015 1180 2087; x_wconf 77' lang='lat' dir='ltr'>idemque</span> <span class='ocrx_word' id='word_1_162' title='bbox 1216 2017 1399 2072; x_wconf 78' lang='lat' dir='ltr'>tendit</span> <span class='ocrx_word' id='word_1_163' title='bbox 1435 2020 1800 2091; x_wconf 78' lang='lat' dir='ltr'>propositum,-</span> 
     </span>
     <span class='ocr_line' id='line_1_27' title="bbox 85 2083 1802 2163; baseline 0.001 -17"><span class='ocrx_word' id='word_1_164' title='bbox 85 2092 166 2146; x_wconf 79' lang='lat' dir='ltr'>it‘a</span> <span class='ocrx_word' id='word_1_165' title='bbox 181 2088 353 2146; x_wconf 55' lang='lat' dir='ltr'>etiam*</span> <span class='ocrx_word' id='word_1_166' title='bbox 371 2104 562 2161; x_wconf 81' lang='lat' dir='ltr'>parem</span> <span class='ocrx_word' id='word_1_167' title='bbox 584 2083 885 2159; x_wconf 83' lang='lat' dir='ltr'>quaerendi</span> <span class='ocrx_word' id='word_1_168' title='bbox 914 2095 1084 2158; x_wconf 82' lang='lat' dir='ltr'>atque</span> <span class='ocrx_word' id='word_1_169' title='bbox 1111 2087 1432 2161; x_wconf 80' lang='lat' dir='ltr'>disputandi</span> <span class='ocrx_word' id='word_1_170' title='bbox 1457 2090 1802 2163; x_wconf 75' lang='lat' dir='ltr'>diligentiam</span> 
     </span>
     <span class='ocr_line' id='line_1_28' title="bbox 87 2160 1801 2236; baseline 0.001 -19"><span class='ocrx_word' id='word_1_171' title='bbox 87 2163 407 2236; x_wconf 72' lang='lat' dir='ltr'>postulavit.</span> <span class='ocrx_word' id='word_1_172' title='bbox 447 2160 568 2216; x_wconf 81' lang='lat' dir='ltr'>Nec</span> <span class='ocrx_word' id='word_1_173' title='bbox 593 2175 725 2214; x_wconf 82' lang='lat' dir='ltr'>vero</span> <span class='ocrx_word' id='word_1_174' title='bbox 741 2160 852 2212; x_wconf 75' lang='lat' dir='ltr'>iam</span> <span class='ocrx_word' id='word_1_175' title='bbox 874 2160 1172 2214; x_wconf 82' lang='lat' dir='ltr'>obscurum</span> <span class='ocrx_word' id='word_1_176' title='bbox 1198 2161 1327 2230; x_wconf 70' lang='lat' dir='ltr'>erit,</span> <span class='ocrx_word' id='word_1_177' title='bbox 1351 2175 1614 2232; x_wconf 84' lang='lat' dir='ltr'>quorsum</span> <span class='ocrx_word' id='word_1_178' title='bbox 1629 2165 1801 2236; x_wconf 88' lang='lat' dir='ltr'>perti-</span> 
     </span>
     <span class='ocr_line' id='line_1_29' title="bbox 19 2231 1799 2307; baseline 0.001 -17"><span class='ocrx_word' id='word_1_179' title='bbox 19 2237 21 2245; x_wconf 61' lang='lat'><strong>⁴</strong></span> <span class='ocrx_word' id='word_1_180' title='bbox 84 2243 217 2290; x_wconf 66' lang='lat' dir='ltr'>neat</span> <span class='ocrx_word' id='word_1_181' title='bbox 238 2233 541 2307; x_wconf 73' lang='lat' dir='ltr'>disputatio</span> <span class='ocrx_word' id='word_1_182' title='bbox 565 2231 634 2286; x_wconf 86' lang='lat' dir='ltr'>de</span> <span class='ocrx_word' id='word_1_183' title='bbox 664 2232 881 2289; x_wconf 74' lang='lat' dir='ltr'>iustitia</span> <span class='ocrx_word' id='word_1_184' title='bbox 892 2232 1172 2287; x_wconf 64' lang='lat' dir='ltr'>instituta,</span> <span class='ocrx_word' id='word_1_185' title='bbox 1207 2233 1357 2287; x_wconf 85' lang='lat' dir='ltr'>Nam</span> <span class='ocrx_word' id='word_1_186' title='bbox 1385 2253 1556 2304; x_wconf 88' lang='lat' dir='ltr'>quum</span> <span class='ocrx_word' id='word_1_187' title='bbox 1577 2236 1799 2292; x_wconf 77' lang='lat' dir='ltr'>virtutis</span> 
     </span>
     <span class='ocr_line' id='line_1_30' title="bbox 18 2303 1798 2380; baseline 0.001 -18"><span class='ocrx_word' id='word_1_188' title='bbox 18 2326 19 2329; x_wconf 72' lang='grc'>’</span> <span class='ocrx_word' id='word_1_189' title='bbox 84 2307 362 2362; x_wconf 69' lang='lat' dir='ltr'>humanae</span> <span class='ocrx_word' id='word_1_190' title='bbox 378 2305 573 2372; x_wconf 76' lang='lat' dir='ltr'>omnis,</span> <span class='ocrx_word' id='word_1_191' title='bbox 596 2304 714 2359; x_wconf 79' lang='lat' dir='ltr'>sive</span> <span class='ocrx_word' id='word_1_192' title='bbox 730 2303 791 2357; x_wconf 85' lang='lat' dir='ltr'>in</span> <span class='ocrx_word' id='word_1_193' title='bbox 807 2304 1040 2376; x_wconf 87' lang='lat' dir='ltr'>singulis</span> <span class='ocrx_word' id='word_1_194' title='bbox 1059 2303 1375 2360; x_wconf 80' lang='lat' dir='ltr'>hominibus</span> <span class='ocrx_word' id='word_1_195' title='bbox 1397 2307 1513 2361; x_wconf 81' lang='lat' dir='ltr'>sive</span> <span class='ocrx_word' id='word_1_196' title='bbox 1536 2307 1594 2362; x_wconf 90' lang='lat' dir='ltr'>in</span> <span class='ocrx_word' id='word_1_197' title='bbox 1612 2308 1798 2380; x_wconf 83' lang='lat' dir='ltr'>reipu-</span> 
     </span>
     <span class='ocr_line' id='line_1_31' title="bbox 16 2376 1797 2449; baseline 0 -15"><span class='ocrx_word' id='word_1_198' title='bbox 16 2391 17 2425; x_wconf 63' lang='grc' dir='ltr'>ἐ</span> <span class='ocrx_word' id='word_1_199' title='bbox 86 2379 263 2434; x_wconf 90' lang='lat' dir='ltr'>blicae</span> <span class='ocrx_word' id='word_1_200' title='bbox 297 2378 687 2432; x_wconf 83' lang='lat' dir='ltr'>communitate</span> <span class='ocrx_word' id='word_1_201' title='bbox 726 2383 992 2449; x_wconf 81' lang='lat' dir='ltr'>emergat,</span> <span class='ocrx_word' id='word_1_202' title='bbox 1031 2376 1298 2448; x_wconf 76' lang='lat' dir='ltr'>perfectio</span> <span class='ocrx_word' id='word_1_203' title='bbox 1336 2386 1391 2432; x_wconf 90' lang='lat' dir='ltr'>et</span> <span class='ocrx_word' id='word_1_204' title='bbox 1428 2379 1700 2434; x_wconf 88' lang='lat' dir='ltr'>absolutio</span> <span class='ocrx_word' id='word_1_205' title='bbox 1738 2381 1797 2434; x_wconf 90' lang='lat' dir='ltr'>in</span> 
     </span>
     <span class='ocr_line' id='line_1_32' title="bbox 83 2448 1795 2517; baseline 0.002 -12"><span class='ocrx_word' id='word_1_206' title='bbox 83 2450 299 2505; x_wconf 81' lang='lat' dir='ltr'>iustitia</span> <span class='ocrx_word' id='word_1_207' title='bbox 349 2449 721 2517; x_wconf 86' lang='lat' dir='ltr'>contineatur,</span> <span class='ocrx_word' id='word_1_208' title='bbox 777 2456 929 2502; x_wconf 87' lang='lat' dir='ltr'>certe</span> <span class='ocrx_word' id='word_1_209' title='bbox 981 2466 1084 2502; x_wconf 90' lang='lat' dir='ltr'>nec</span> <span class='ocrx_word' id='word_1_210' title='bbox 1131 2448 1369 2504; x_wconf 90' lang='lat' dir='ltr'>hominis</span> <span class='ocrx_word' id='word_1_211' title='bbox 1417 2469 1519 2505; x_wconf 87' lang='lat' dir='ltr'>nec</span> <span class='ocrx_word' id='word_1_212' title='bbox 1556 2451 1795 2509; x_wconf 85' lang='lat' dir='ltr'>civitatis</span> 
     </span>
     <span class='ocr_line' id='line_1_33' title="bbox 84 2518 1796 2595; baseline 0 -17"><span class='ocrx_word' id='word_1_213' title='bbox 84 2523 328 2595; x_wconf 81' lang='lat' dir='ltr'>optimae</span> <span class='ocrx_word' id='word_1_214' title='bbox 362 2528 541 2576; x_wconf 82' lang='lat' dir='ltr'>status</span> <span class='ocrx_word' id='word_1_215' title='bbox 576 2519 690 2574; x_wconf 90' lang='lat' dir='ltr'>ullo</span> <span class='ocrx_word' id='word_1_216' title='bbox 728 2518 892 2575; x_wconf 91' lang='lat' dir='ltr'>modo</span> <span class='ocrx_word' id='word_1_217' title='bbox 929 2520 1203 2591; x_wconf 82' lang='lat' dir='ltr'>potuisset</span> <span class='ocrx_word' id='word_1_218' title='bbox 1239 2520 1504 2576; x_wconf 86' lang='lat' dir='ltr'>declarari</span> <span class='ocrx_word' id='word_1_219' title='bbox 1541 2530 1637 2577; x_wconf 81' lang='lat' dir='ltr'>aut</span> <span class='ocrx_word' id='word_1_220' title='bbox 1669 2524 1796 2578; x_wconf 90' lang='lat' dir='ltr'>illu-</span> 
     </span>
     <span class='ocr_line' id='line_1_34' title="bbox 81 2590 1792 2662; baseline 0 -12"><span class='ocrx_word' id='word_1_221' title='bbox 81 2594 244 2651; x_wconf 77' lang='lat' dir='ltr'>strari</span> <span class='ocrx_word' id='word_1_222' title='bbox 264 2633 283 2662; x_wconf 86' lang='lat'>‚</span> <span class='ocrx_word' id='word_1_223' title='bbox 332 2592 441 2647; x_wconf 86' lang='lat' dir='ltr'>nisi</span> <span class='ocrx_word' id='word_1_224' title='bbox 489 2591 655 2646; x_wconf 80' lang='lat' dir='ltr'>huius</span> <span class='ocrx_word' id='word_1_225' title='bbox 691 2590 915 2646; x_wconf 74' lang='lat' dir='ltr'>virtutis</span> <span class='ocrx_word' id='word_1_226' title='bbox 950 2592 1038 2647; x_wconf 77' lang='lat' dir='ltr'>vis</span> <span class='ocrx_word' id='word_1_227' title='bbox 1074 2599 1131 2646; x_wconf 85' lang='lat' dir='ltr'>et</span> <span class='ocrx_word' id='word_1_228' title='bbox 1166 2600 1371 2647; x_wconf 61' lang='lat' dir='ltr'>natura</span> <span class='ocrx_word' id='word_1_229' title='bbox 1398 2602 1550 2649; x_wconf 84' lang='lat' dir='ltr'>esset</span> <span class='ocrx_word' id='word_1_230' title='bbox 1580 2595 1641 2648; x_wconf 86' lang='lat' dir='ltr'>iu</span> <span class='ocrx_word' id='word_1_231' title='bbox 1680 2594 1792 2651; x_wconf 83' lang='lat' dir='ltr'>dis-</span> 
     </span>
     <span class='ocr_line' id='line_1_35' title="bbox 82 2659 1796 2750; baseline 0.001 -30"><span class='ocrx_word' id='word_1_232' title='bbox 82 2660 451 2750; x_wconf 73' lang='lat' dir='ltr'>ceptationem</span> <span class='ocrx_word' id='word_1_233' title='bbox 497 2670 712 2718; x_wconf 83' lang='lat' dir='ltr'>vocata.</span> <span class='ocrx_word' id='word_1_234' title='bbox 798 2659 1065 2718; x_wconf 84' lang='lat' dir='ltr'>Continet</span> <span class='ocrx_word' id='word_1_235' title='bbox 1109 2664 1254 2718; x_wconf 85' lang='lat' dir='ltr'>enim</span> <span class='ocrx_word' id='word_1_236' title='bbox 1305 2666 1563 2736; x_wconf 71' lang='lat' dir='ltr'>quaestio</span> <span class='ocrx_word' id='word_1_237' title='bbox 1596 2665 1664 2721; x_wconf 89' lang='lat' dir='ltr'>de</span> <span class='ocrx_word' id='word_1_238' title='bbox 1700 2666 1796 2722; x_wconf 87' lang='lat' dir='ltr'>illa</span> 
     </span>
     <span class='ocr_line' id='line_1_36' title="bbox 82 2731 1792 2812; baseline 0.001 -21"><span class='ocrx_word' id='word_1_239' title='bbox 82 2746 294 2812; x_wconf 62' lang='lat' dir='ltr'>agitata</span> <span class='ocrx_word' id='word_1_240' title='bbox 339 2737 531 2808; x_wconf 83' lang='lat' dir='ltr'>utique</span> <span class='ocrx_word' id='word_1_241' title='bbox 579 2731 1024 2804; x_wconf 69' lang='lat' dir='ltr'>fundamentum,</span> <span class='ocrx_word' id='word_1_242' title='bbox 1074 2734 1165 2791; x_wconf 84' lang='lat' dir='ltr'>cui</span> <span class='ocrx_word' id='word_1_243' title='bbox 1210 2736 1502 2808; x_wconf 80' lang='lat' dir='ltr'>primariae</span> <span class='ocrx_word' id='word_1_244' title='bbox 1553 2737 1632 2792; x_wconf 84' lang='lat' dir='ltr'>rei</span> <span class='ocrx_word' id='word_1_245' title='bbox 1679 2737 1792 2794; x_wconf 85' lang='lat' dir='ltr'>dis-</span> 
     </span>
     <span class='ocr_line' id='line_1_37' title="bbox 82 2802 1791 2881; baseline 0.001 -17"><span class='ocrx_word' id='word_1_246' title='bbox 82 2810 301 2881; x_wconf 68' lang='lat' dir='ltr'>putatio</span> <span class='ocrx_word' id='word_1_247' title='bbox 345 2817 611 2879; x_wconf 68' lang='lat' dir='ltr'>tanquam</span> <span class='ocrx_word' id='word_1_248' title='bbox 657 2813 1036 2878; x_wconf 75' lang='lat' dir='ltr'>superstructa</span> <span class='ocrx_word' id='word_1_249' title='bbox 1083 2811 1197 2862; x_wconf 57' lang='lat' dir='ltr'>est„</span> <span class='ocrx_word' id='word_1_250' title='bbox 1270 2802 1385 2867; x_wconf 81' lang='lat' dir='ltr'>Sed</span> <span class='ocrx_word' id='word_1_251' title='bbox 1434 2827 1605 2880; x_wconf 79' lang='lat' dir='ltr'>quum</span> <span class='ocrx_word' id='word_1_252' title='bbox 1655 2809 1791 2865; x_wconf 90' lang='lat' dir='ltr'>haec</span> 
     </span>
     <span class='ocr_line' id='line_1_38' title="bbox 83 2878 1789 3004; baseline 0.001 -68"><span class='ocrx_word' id='word_1_253' title='bbox 83 2881 266 2936; x_wconf 71' lang='lat' dir='ltr'>omnia</span> <span class='ocrx_word' id='word_1_254' title='bbox 310 2881 420 2935; x_wconf 86' lang='lat' dir='ltr'>iam</span> <span class='ocrx_word' id='word_1_255' title='bbox 470 2879 606 2935; x_wconf 79' lang='lat' dir='ltr'>satis</span> <span class='ocrx_word' id='word_1_256' title='bbox 653 2878 803 2933; x_wconf 82' lang='lat' dir='ltr'>clara</span> <span class='ocrx_word' id='word_1_257' title='bbox 837 2885 895 2932; x_wconf 80' lang='lat' dir='ltr'>et</span> <span class='ocrx_word' id='word_1_258' title='bbox 928 2886 1123 3004; x_wconf 46' lang='lat' dir='ltr'>aperta</span> <span class='ocrx_word' id='word_1_259' title='bbox 1151 2878 1282 2948; x_wconf 83' lang='lat' dir='ltr'>sint,</span> <span class='ocrx_word' id='word_1_260' title='bbox 1317 2887 1434 2934; x_wconf 80' lang='lat' dir='ltr'>tum</span> <span class='ocrx_word' id='word_1_261' title='bbox 1473 2881 1637 2936; x_wconf 86' lang='lat' dir='ltr'>etiam</span> <span class='ocrx_word' id='word_1_262' title='bbox 1676 2901 1789 2937; x_wconf 88' lang='lat' dir='ltr'>ser-</span> 
     </span>
     <span class='ocr_line' id='line_1_39' title="bbox 81 2949 1786 3027; baseline -0.001 -18"><span class='ocrx_word' id='word_1_263' title='bbox 81 2949 260 3021; x_wconf 65' lang='lat' dir='ltr'>monis</span> <span class='ocrx_word' id='word_1_264' title='bbox 294 2960 555 3024; x_wconf 70' lang='lat' dir='ltr'>tanquam</span> <span class='ocrx_word' id='word_1_265' title='bbox 591 2965 805 3020; x_wconf 83' lang='lat' dir='ltr'>cursus,</span> <span class='ocrx_word' id='word_1_266' title='bbox 842 2950 939 3021; x_wconf 85' lang='lat' dir='ltr'>qni</span> <span class='ocrx_word' id='word_1_267' title='bbox 997 2949 1100 3004; x_wconf 88' lang='lat' dir='ltr'>deo</span> <span class='ocrx_word' id='word_1_268' title='bbox 1136 2951 1296 3006; x_wconf 74' lang='lat' dir='ltr'>visus</span> <span class='ocrx_word' id='word_1_269' title='bbox 1331 2949 1786 3027; x_wconf 68' lang='lat' dir='ltr'>est&#39;impeditior,</span> 
     </span>
     <span class='ocr_line' id='line_1_40' title="bbox 81 3019 1789 3097; baseline 0 -17"><span class='ocrx_word' id='word_1_270' title='bbox 81 3022 220 3096; x_wconf 76' lang='lat' dir='ltr'>quia</span> <span class='ocrx_word' id='word_1_271' title='bbox 261 3042 400 3095; x_wconf 78' lang='lat' dir='ltr'>quae</span> <span class='ocrx_word' id='word_1_272' title='bbox 448 3020 518 3079; x_wconf 88' lang='lat' dir='ltr'>de</span> <span class='ocrx_word' id='word_1_273' title='bbox 564 3023 772 3096; x_wconf 83' lang='lat' dir='ltr'>optimo</span> <span class='ocrx_word' id='word_1_274' title='bbox 820 3020 1040 3077; x_wconf 80' lang='lat' dir='ltr'>homine</span> <span class='ocrx_word' id='word_1_275' title='bbox 1089 3031 1155 3078; x_wconf 86' lang='lat' dir='ltr'>ac</span> <span class='ocrx_word' id='word_1_276' title='bbox 1201 3019 1271 3091; x_wconf 74' lang='lat' dir='ltr'>de</span> <span class='ocrx_word' id='word_1_277' title='bbox 1318 3024 1789 3097; x_wconf 70' lang='lat' dir='ltr'>praestantissima</span> 
     </span>
     <span class='ocr_line' id='line_1_41' title="bbox 80 3092 1785 3169; baseline 0.001 -19"><span class='ocrx_word' id='word_1_278' title='bbox 80 3096 306 3150; x_wconf 72' lang='lat' dir='ltr'>civitate</span> <span class='ocrx_word' id='word_1_279' title='bbox 339 3094 700 3164; x_wconf 68' lang='lat' dir='ltr'>disseruntur,</span> <span class='ocrx_word' id='word_1_280' title='bbox 738 3092 947 3149; x_wconf 83' lang='lat' dir='ltr'>crebris</span> <span class='ocrx_word' id='word_1_281' title='bbox 980 3093 1330 3165; x_wconf 66' lang='lat' dir='ltr'>iisquesatis</span> <span class='ocrx_word' id='word_1_282' title='bbox 1376 3092 1676 3169; x_wconf 86' lang='lat' dir='ltr'>repentinis</span> <span class='ocrx_word' id='word_1_283' title='bbox 1717 3099 1785 3153; x_wconf 87' lang='lat' dir='ltr'>ab</span> 
     </span>
     <span class='ocr_line' id='line_1_42' title="bbox 82 3165 1785 3250; baseline 0.001 -29"><span class='ocrx_word' id='word_1_284' title='bbox 82 3182 193 3222; x_wconf 85' lang='lat' dir='ltr'>uuo</span> <span class='ocrx_word' id='word_1_285' title='bbox 230 3176 553 3250; x_wconf 69' lang='lat' dir='ltr'>argumento</span> <span class='ocrx_word' id='word_1_286' title='bbox 590 3167 662 3223; x_wconf 77' lang='lat' dir='ltr'>ad</span> <span class='ocrx_word' id='word_1_287' title='bbox 690 3166 921 3221; x_wconf 76' lang='lat' dir='ltr'>alterum</span> <span class='ocrx_word' id='word_1_288' title='bbox 956 3165 1375 3223; x_wconf 71' lang='lat' dir='ltr'>transitionibus</span> <span class='ocrx_word' id='word_1_289' title='bbox 1408 3167 1662 3224; x_wconf 74' lang='lat' dir='ltr'>admissis</span> <span class='ocrx_word' id='word_1_290' title='bbox 1700 3189 1785 3223; x_wconf 87' lang='lat' dir='ltr'>ar-</span> 
     </span>
     <span class='ocr_line' id='line_1_43' title="bbox 82 3235 1785 3312; baseline 0.002 -20"><span class='ocrx_word' id='word_1_291' title='bbox 82 3235 370 3294; x_wconf 75' lang='lat' dir='ltr'>tificiosms</span> <span class='ocrx_word' id='word_1_292' title='bbox 418 3238 798 3312; x_wconf 80' lang='lat' dir='ltr'>conglutinata</span> <span class='ocrx_word' id='word_1_293' title='bbox 847 3245 906 3293; x_wconf 87' lang='lat' dir='ltr'>et</span> <span class='ocrx_word' id='word_1_294' title='bbox 953 3237 1111 3309; x_wconf 77' lang='lat' dir='ltr'>quasi</span> <span class='ocrx_word' id='word_1_295' title='bbox 1171 3242 1431 3293; x_wconf 76' lang='lat' dir='ltr'>contexta</span> <span class='ocrx_word' id='word_1_296' title='bbox 1493 3248 1650 3311; x_wconf 81' lang='lat' dir='ltr'>sunt,</span> <span class='ocrx_word' id='word_1_297' title='bbox 1718 3259 1785 3295; x_wconf 86' lang='lat' dir='ltr'>ex</span> 
     </span>
     <span class='ocr_line' id='line_1_44' title="bbox 80 3304 1783 3382; baseline 0.002 -18"><span class='ocrx_word' id='word_1_298' title='bbox 80 3305 332 3382; x_wconf 76' lang='lat' dir='ltr'>diligenti</span> <span class='ocrx_word' id='word_1_299' title='bbox 365 3307 836 3368; x_wconf 82' lang='lat' dir='ltr'>animadversione</span> <span class='ocrx_word' id='word_1_300' title='bbox 873 3320 1083 3380; x_wconf 79' lang='lat' dir='ltr'>eorum,</span> <span class='ocrx_word' id='word_1_301' title='bbox 1120 3317 1261 3382; x_wconf 66' lang='lat' dir='ltr'>quae</span> <span class='ocrx_word' id='word_1_302' title='bbox 1297 3304 1367 3365; x_wconf 81' lang='lat' dir='ltr'>de</span> <span class='ocrx_word' id='word_1_303' title='bbox 1402 3321 1613 3368; x_wconf 80' lang='lat' dir='ltr'>summo</span> <span class='ocrx_word' id='word_1_304' title='bbox 1652 3331 1783 3368; x_wconf 91' lang='lat' dir='ltr'>con-</span> 
     </span>
     <span class='ocr_line' id='line_1_45' title="bbox 80 3380 1783 3458; baseline 0.004 -24"><span class='ocrx_word' id='word_1_305' title='bbox 80 3380 207 3435; x_wconf 77' lang='lat' dir='ltr'>silio</span> <span class='ocrx_word' id='word_1_306' title='bbox 243 3388 299 3435; x_wconf 86' lang='lat' dir='ltr'>et</span> <span class='ocrx_word' id='word_1_307' title='bbox 328 3382 584 3452; x_wconf 82' lang='lat' dir='ltr'>primario</span> <span class='ocrx_word' id='word_1_308' title='bbox 622 3390 942 3457; x_wconf 80' lang='lat' dir='ltr'>argumento</span> <span class='ocrx_word' id='word_1_309' title='bbox 980 3381 1233 3453; x_wconf 83' lang='lat' dir='ltr'>exposita</span> <span class='ocrx_word' id='word_1_310' title='bbox 1268 3388 1418 3453; x_wconf 86' lang='lat' dir='ltr'>sunt,</span> <span class='ocrx_word' id='word_1_311' title='bbox 1453 3380 1631 3441; x_wconf 81' lang='lat' dir='ltr'>lucem</span> <span class='ocrx_word' id='word_1_312' title='bbox 1667 3384 1783 3458; x_wconf 87' lang='lat' dir='ltr'>ple-</span> 
     </span>
    </p>
   </div>
   <div class='ocr_carea' id='block_1_8' title="bbox 1412 3498 1442 3547">
    <p class='ocr_par' dir='ltr' id='par_1_9' title="bbox 1412 3498 1442 3547">
     <span class='ocr_line' id='line_1_46' title="bbox 1412 3498 1442 3547; baseline 0 -1"><span class='ocrx_word' id='word_1_313' title='bbox 1412 3498 1442 3547; x_wconf 76' lang='grc' dir='ltr'>ἴ)</span> 
     </span>
    </p>
   </div>
  </div>
 </body>
</html>
