2098 3658
325 172 427 224 314
880 119 1273 220 AR'GUMEN
1281 163 1458 220 TUM

325 310 426 365 κόν
476 319 531 362 ct
580 308 643 363 τὸ
693 312 997 377 θυμοειδὲς
1042 310 1247 379 pariter
1295 317 1460 378 atque
1508 308 1565 360 in
1603 308 1825 362 civitate
1862 309 2013 377 prin-

323 383 472 453 cipes
526 389 582 433 et
630 378 889 434 custodes
938 381 1148 434 musica
1194 389 1248 434 et
1286 380 1627 452 gymnastica
1660 380 1882 433 formari
1920 379 2014 432 de-

323 455 430 507 bet.
482 483 548 491 —-
621 450 760 505 Cum
801 452 896 504 tali
946 471 1077 506 vero
1112 453 1323 507 iustitia
1371 452 1662 505 coniuncta
1708 451 1810 504 erit
1846 451 2008 505 etiam

322 523 710 592 fortitudO,
766 543 906 593 quae
956 523 1144 579 sedem
1188 543 1342 578 suam
1376 523 1434 575 in
1469 527 1549 590 τῷ
1587 526 1882 592 θυμοειδεῖ
1920 523 2014 576 ha—

321 597 450 664 bet,
495 603 661 664 atque
699 596 758 647 in
792 614 856 648 eo
892 595 1158 664 cernitur,
1209 603 1271 648 ut
1306 595 1444 647 haec
1480 595 1645 647 animi
1681 613 1809 665 pars
1844 595 2011 648 ratio-

320 668 406 722 nis
445 668 629 735 iussa,
684 666 931 736 quamvis
969 666 1123 735 dura,
1163 673 1477 720 constanter
1513 674 1730 719 tueatur
1767 674 1822 719 et
1859 685 2014 719 exse-

323 746 540 809 quatur.
624 738 822 807 Neque
868 738 1049 791 deerit
1094 739 1487 807 sapientia,
1539 757 1679 807 quae
1717 738 1772 790 in
1809 740 1888 806 τῷ
1925 742 2013 791 ito·

319 813 551 880 γιστικῷ
597 808 931 865 domicilium
976 810 1114 863 fixit.
1159 828 1350 878 suum,
1409 817 1573 879 atque
1629 810 2018 881 cognoscit·et

323 881 611 954 prospicit,
648 881 784 950 quid
817 889 935 934 tum
972 881 1207 953 singulis
1245 882 1410 934 animi
1433 882 1707 953 partibus,
1739 890 1855 934 tum
1896 882 2014 934 uni-

319 973 480 1008 verso
521 954 702 1007 animo
745 954 879 1006 utile
918 954 992 1006 sit
1022 953 1283 1006 futurum,-
1356 953 1612 1022 Denique
1648 953 1813 1006 etiam
1849 961 2015 1006 tem-

320 1026 658 1097 perantia
707 1024 1158 1095 exsplendescet,
1200 1043 1357 1094 >quae
1409 1025 1701 1078 amicitiam
1767 1021 2012 1078 continet

320 1105 375 1151 et
420 1096 771 1164 concordiam
819 1097 983 1149 trium
1035 1097 1200 1150 animi
1251 1096 1517 1167 partium,
1558 1104 1618 1149 ut
1651 1095 1879 1149 rationis
1917 1096 2016 1148 im-

319 1169 471 1241 perio
509 1176 722 1223 ceterae
762 1188 873 1222 non
907 1167 1280 1222 adversentur.
1355 1168 1420 1221 P.
1457 1170 1579 1222 441.
1619 1167 1903 1221 B.--442.
1943 1167 2016 1220 D.

459 1278 707 1335 Eandem
742 1301 872 1336 vero
910 1301 1032 1336 esse
1069 1282 1309 1335 civitatis
1359 1285 1427 1334 ac‘
1459 1281 1795 1353 singulorum
1843 1282 2016 1342 homi-

319 1372 448 1408 num
485 1353 884 1422 iustitiam,
933 1354 980 1407 si
1028 1353 1115 1406 cui
1155 1351 1395 1410 noudum
1434 1371 1754 1424 persuasum
1792 1354 1879 1422 sit,
1919 1374 2015 1424 po-

318 1423 469 1479 terit
500 1421 638 1478 illud
690 1425 851 1477 etiam
902 1422 1099 1486 clarius
1145 1424 1463 1494 certiusque
1503 1423 1828 1479 confirmari.
1864 1488 1866 1491 Ι
1902 1424 2018 1488 Ne-

318 1517 424 1567 que
475 1496 620 1550 enim
657 1495 783 1550 talis
820 1497 934 1564 vir,
985 1495 1042 1549 in
1076 1496 1232 1550 cuius
1270 1495 1454 1549 animo
1490 1495 1726 1565 iustitia,
1783 1494 1946 1550 modo
1986 1518 2018 1551 a
2096 1506 2098 1509 '

317 1568 475 1623 nobis
515 1567 822 1640 descripta,
862 1566 1103 1636 habitat,
1144 1587 1383 1639 unquam
1423 1568 1762 1636 committet,
1796 1576 1858 1638 ut
1933 1566 2015 1622 er-

318 1640 458 1708 fide,
509 1639 744 1708 iniuste,
793 1640 988 1711 impie,
1037 1638 1245 1693 nefarie
1294 1639 1471 1712 egisse
1508 1638 1795 1707 videatur,
1851 1641 1867 1692 i
1911 1638 2014 1710 que

319 1733 428 1766 non
466 1712 626 1765 aliam
679 1710 749 1766 ob
793 1719 1013 1765 cauSam
1052 1731 1212 1781 quam
1249 1719 1475 1782 propter
1510 1709 1568 1778 id
1604 1712 1814 1784 ipsum,
1868 1711 2017 1794 quod

318 1781 566 1856 singulae
614 1781 780 1836 animi
834 1789 1020 1855 partes
1067 1803 1176 1838 sem
1221 1803 1279 1836 er
1328 1791 1384 1835 et
1421 1782 1625 1853 ubique
1661 1803 1762 1838 suo
1800 1785 2016 1838 satlsfa-

318 1855 471 1909 ciunt
518 1854 730 1908 muneri
779 1861 834 1908 et
881 1853 1081 1909 officio,
1175 1805 1372 1910 gervat
1418 1855 1587 1926 igitur
1623 1854 1885 1908 iustitiam
1924 1855 2016 1926 qui

317 1946 533 1999 semper
569 1945 671 1980 sua
705 1926 808 1980 rite
845 1925 902 1979 in
941 1925 1186 1980 ordinem
1223 1925 1511 1998 disposuit,
1552 1926 1645 1996 qui
1682 1931 1897 1998 semper
1932 1947 2015 1982 se-

318 2019 444 2054 cum
479 1998 596 2069 ipse
636 1999 928 2067 consentit,
970 1998 1064 2067 qui
1102 2005 1212 2051 tres
1251 1997 1372 2051 illas
1413 1999 1497 2052 sui
1534 2005 1721 2070 partes,
1755 2005 2014 2068 tanquam

317 2078 428 2124 tres
465 2070 727 2124 terminos
763 2069 1107 2139 harmoniae,
1146 2070 1322 2138 imae,
1363 2089 1624 2137 summae,
1662 2069 1892 2139 mediae,
1929 2090 2014 2123 se-

318 2161 442 2195 cum
487 2141 724 2195 invicem
770 2141 1086 2195 conciliavit
1121 2148 1177 2194 et
1214 2142 1542 2210 connexuit,
1600 2149 1766 2210 atque
1805 2141 1883 2194 ita
1918 2161 2014 2213 per

317 2212 464 2267 hunc
516 2218 839 2267 concentum
879 2212 1050 2284 plane
1101 2232 1135 2283 e*
1178 2212 1361 2266 multis
1423 2213 1614 2275 factus,
1649 2221 1732 2268 est
1768 2232 1910 2266 unus
1951 2233 2013 2266 ac

318 2283 580 2356 simplex3
634 2292 749 2337 tum
795 2303 925 2337 vero
964 2285 1124 2345 etiam
1163 2284 1338 2355 qualis
1376 2285 1686 2339 intus-esse
1723 2284 1892 2354 solet,
1932 2293 2012 2338 ta-

317 2356 423 2410 lem
471 2374 530 2409 se
579 2356 712 2410 foris
760 2362 1010 2426 praestat
1043 2357 1100 2408 in
1133 2356 1369 2427 pecunia
1407 2349 1775 2426 quaerenda,
1801 2357 1857 2408 in
1895 2376 2013 2409 cor-

318 2432 452 2499 p'ore
489 2426 738 2496 colendo,
778 2427 836 2479 in
872 2428 1050 2498 pactis
1086 2426 1340 2481 ineundis
1379 2427 1795 2498 servandisque,
1834 2428 1891 2480 in
1927 2447 2013 2481 re-

317 2501 420 2553 bus
469 2499 720 2554 civilibus
771 2498 1245 2568 administrandis,
1294 2500 1348 2552 in
1394 2499 1480 2553 his
1527 2500 1776 2554 omnibus
1814 2499 2013 2553 iustam

320 2571 534 2625 ducens
568 2572 875 2639 actionem,
925 2591 1064 2641 quae
1113 2571 1266 2624 illum
1313 2571 1479 2625 animi
1514 2571 1760 2626 habitum
1794 2571 2011 2639 referat,

321 2651 611 2710 conservet
657 2662 721 2697 ac
769 2641 1054 2716 perficiat,
1099 2643 1356 2697 iniustam
1406 2663 1536 2697 vero
1575 2663 1726 2712 eam,
1767 2662 1907 2712 quae
1944 2643 2011 2713 ab

318 2714 412 2768 illo
458 2715 649 2769 habitu
696 2713 990 2787 discrepet.
1075 2713 1140 2770 P.
1191 2717 1312 2769 442.
1366 2713 1438 2770 D.
1479 2716 1547 2754 -'-.
1583 2717 1706 2771 44⁶2.
1741 2714 1808 2768 E.
1886 2712 2010 2781 Quo

322 2785 542 2856 quidem
603 2787 726 2840 loco
773 2793 1038 2857 ,apertum
1095 2801 1181 2840 est
1243 2785 1590 2840 definitiones
1655 2786 1895 2840 iustitiae
1954 2786 2007 2838 in

319 2858 492 2928 primo
530 2858 670 2912 libro
707 2858 1019 2930 propositas
1056 2858 1279 2911 tandem
1315 2859 1394 2912 ita
1429 2858 1620 2929 perfici
1657 2865 1713 2910 et
1737 2856 2008 2929 emendari

320 2936 381 2981 ut
426 2949 556 2983 vera
599 2930 840 2984 iustitiae
889 2930 974 2984 vis
1025 2948 1088 2983 ac
1138 2936 1333 2985 natura
1379 2930 1491 2995 iam'
1532 2928 1840 3001 planissime
1890 2948 2008 3000 per-

319 3001 598 3071 spiciatur.
1264 3005 1265 3008 ’

462 3103 768 3175 Explorata
820 3123 949 3157 vero
997 3103 1205 3156 iustitia
1238 3122 1348 3156 non
1381 3098 1487 3155 ian‘i
1524 3102 1747 3155 difficile
1786 3109 1870 3156 est
1905 3103 2007 3154 in-

322 3173 657 3227 iustitiae
697 3182 947 3228 naturam
984 3193 1338 3246 cognoscere.
1414 3174 1516 3227 Est
1553 3175 1693 3226 enim
1734 3174 1839 3227 ista
1874 3174 2006 3227 nihil

322 3244 473 3297 aliud
506 3246 611 3299 nisi
649 3245 925 3300 discordia
960 3266 1024 3300 ac
1060 3244 1255 3300 seditio
1283 3244 1559 3314 ‘quaedam
1596 3245 1759 3298 trium
1795 3245 2005 3298 illarum

323 3316 487 3370 animi
519 3317 799 3387 partium,
850 3317 977 3372 dum
1028 3336 1388 3387 unaquaeque
1423 3317 1670 3388 pluribus
1707 3317 2004 3385 alienisque

323 3386 556 3461 negotiis
595 3398 923 3459 occupatur,
965 3409 1139 3459 neque
1176 3389 1330 3456 illae,
1379 3408 1518 3458 quae
1555 3408 1746 3460 parere
1785 3388 2003 3453 debent,
