2106 3594
283 143 462 198 XXII

279 290 467 354 potest
521 281 652 351 quin
714 278 869 350 ruina
932 277 1166 333 civitatis
1231 279 1567 334 acceleretur
1628 281 1702 348 ³²).
1798 280 1974 334 Porro

279 374 366 408 res
406 352 733 406 domesticae
770 350 848 403 sic
875 347 1208 405 ordinandae
1241 360 1368 405 sunt
1408 359 1462 404 et
1494 350 1973 420 administrandae,

278 434 340 479 ut
375 443 442 478 ne
480 423 589 475 ulla
622 441 793 492 prava
831 419 1134 490 cupiditas,
1188 441 1324 492 quae
1375 423 1576 476 civium
1625 423 1809 476 turbet
1845 441 1974 475 con-

280 495 548 558 cordiam,
614 494 670 546 in
730 491 1116 563 rempublicam
1177 493 1434 548 invadere
1500 502 1679 563 queat.
1777 493 1974 563 Itaque

279 564 975 635 custodes..-possessionem
1012 582 1175 633 quum
1215 573 1520 620 ceterorum
1559 565 1823 619 bonorum
1859 573 1973 618 tum

277 656 508 690 uxorum
545 643 615 711 ets
635 634 926 688 liberorum
966 653 1304 692 communem
1341 637 1540 690 habere
1581 643 1827 707 oportet,
1866 655 1976 705 qua

275 708 485 761 ratione
535 707 765 760 maxime
814 704 1112 776 efficietur,
1164 715 1225 761 ut
1283 728 1384 762 nec
1432 709 1678 779 privatae
1724 707 1974 760 utilitatis

277 778 517 832 studium
568 779 625 830 in
673 777 852 831 locum
902 777 1161 831 succedat
1214 779 1330 833 eius
1368 798 1559 847 curae,
1618 798 1757 848 quae
1795 777 1975 851 reipu-

275 850 450 905 blicae
491 849 743 916 debetur,
798 856 854 902 et
914 847 1114 903 civium
1159 850 1452 904 concordia
1499 849 1819 904 firmissimis
1856 849 1975 903 vin-

276 922 411 976 culis
462 921 823 974 contineatur.
880 951 949 959 —
1032 920 1109 974 Et
1158 941 1267 992 quo
1315 923 1488 995 magis
1539 922 1699 974 etiam
1749 921 1976 975 exsistat

275 993 519 1064 aequalis
569 992 768 1046 civium
831 990 1101 1061 conditiO,
1174 993 1404 1046 feminae
1472 1012 1692 1063 quoque
1750 1011 1973 1046 necesse

275 1073 360 1132 est
397 1063 615 1133 eadem,
676 1083 783 1134 qua
830 1063 961 1133 viri,
1012 1070 1238 1118 utantur
1275 1063 1629 1133 educatione,
1670 1071 1757 1132 ut,
1807 1083 1974 1134 quum

275 1136 412 1190 aliae
463 1134 533 1188 ad
582 1134 753 1205 aliud*
781 1154 978 1188 munus
1028 1143 1187 1207 aptae
1237 1136 1376 1204 sint,
1430 1155 1568 1206 quae
1606 1134 1676 1188 ad
1714 1135 1841 1188 belli
1878 1154 1974 1188 ne-

274 1209 428 1280 gotia
462 1207 806 1278 reperiantur
840 1205 1088 1276 idoneae,
1130 1227 1224 1260 eae
1259 1207 1518 1276 rnilitum,
1557 1227 1695 1277 quae
1736 1226 1865 1260 vero
1905 1205 1975 1259 ad

273 1278 567 1351 gerendam
627 1277 1045 1350 rempublicam,
1123 1298 1218 1331 eae
1281 1279 1695 1350 magistratuum
1752 1297 1975 1335 munere

272 1353 572 1404 suno-antur
609 1350 700 1414 **).
750 1381 809 1391 -
893 1349 998 1403 His
1056 1349 1225 1419 igitur
1283 1350 1660 1420 similibusque
1706 1349 1974 1403 institutis

272 1397 410 1475 illud
449 1422 748 1490 efficietur,
788 1428 850 1474 ut
886 1421 1111 1489 civitas,
1153 1421 1365 1491 qualem
1407 1421 1822 1494 descripsimus,
1864 1429 1974 1474 sta-

273 1493 398 1548 bilis
448 1493 546 1546 fiat
600 1501 764 1562 atque
824 1492 1010 1561 firma,
1071 1492 1369 1562 praeclusis
1438 1492 1744 1547 discordiae
1796 1492 1972 1546 civilis

270 1565 548 1635 fontibus,
614 1563 861 1633 adeoque
914 1582 1031 1616 eam
1083 1563 1342 1621 virtutem
1393 1571 1448 1617 et
1506 1570 1872 1633 consequatur
1919 1570 1976 1616 et

272 1644 525 1706 tueatur,
591 1654 732 1706 quae
792 1635 848 1688 in
909 1634 1114 1706 optimo
1174 1634 1505 1706 reipublicae
1552 1642 1700 1690 statu
1748 1634 1977 1706 reperiri

274 1707 485 1762 debeat.
514 1739 582 1746 —-
634 1707 742 1761 His
768 1725 899 1760 vero
936 1705 1198 1776 expositis
1236 1706 1398 1759 etiam
1437 1705 1762 1773 declaratur,
1800 1725 1973 1776 quan-

271 1787 387 1832 tum
423 1777 507 1832 ‘ad
555 1778 874 1832 beatitatem
914 1784 968 1829 et
1004 1777 1323 1831 felicitatem
1362 1777 1573 1831 iustitia
1609 1776 1784 1831 civilis
1822 1784 1974 1832 ante--

272 1851 433 1904 cellat
478 1849 797 1903 iniustitiae.
882 1848 1027 1901 Nam
1077 1847 1531 1918 quemadmodum
1572 1848 1720 1902 salus
1761 1855 1816 1901 et
1850 1848 1974 1902 feli-

271 1925 409 1977 citas
455 1921 792 2003 singulorum
854 1919 1132 1972 hominum
1184 1938 1249 1972 ex
1301 1919 1543 1990 ipsorum
1590 1919 1790 1973 virtute
1880 1939 1974 1974 en-

281 1993 410 2047 dere
460 1991 677 2061 dicltur,
719 1992 798 2045 ita
835 1990 995 2044 etiam
1030 1990 1404 2044 universarum
1444 1991 1726 2045 civitatum
1763 1991 1818 2044 iu
1862 1992 1974 2045 ica-

269 2075 360 2118 tur
409 2084 521 2118 non
571 2082 734 2135 posse
789 2081 909 2116 esse
955 2062 1117 2116 beata
1164 2061 1436 2131 conditio,
1498 2063 1605 2116 nisi
1659 2081 1796 2133 quae
1849 2083 1974 2116 cum

269 2137 475 2190 virtute
514 2136 805 2190 coniuncta
842 2134 927 2187 sit.
1005 2133 1165 2188 Sicut
1202 2133 1372 2205 igitur
1408 2135 1454 2187 is
1499 2145 1583 2187 est
1620 2134 1969 2204 miserrinmS,

271 2208 426 2262 cuius
476 2207 688 2261 animus
736 2205 935 2260 misera
985 2203 1228 2259 libidinis
1279 2213 1335 2258 et
1371 2205 1686 2277 cupiditatis
1726 2204 1972 2259 domina-

270 2279 419 2333 tione
470 2286 785 2345 exercetur,
835 2276 1179 2330 beatissimus
1231 2296 1358 2330 vero
1406 2278 1526 2347 ille,
1577 2277 1672 2348 qui
1708 2276 1972 2331 iustitiam

268 2351 632 2421 virtutemque
669 2347 914 2404 studiose
940 2347 1097 2412 colit;
1137 2348 1217 2400 ita
1255 2350 1416 2402 etiam
1445 2350 1717 2421 impotens
1752 2349 1974 2420 tyranni

269 2421 555 2494 imperium
604 2420 853 2475 miseriae
914 2419 1078 2491 longe
1138 2418 1512 2492 plenissimum
1576 2433 1706 2489 est„
1751 2420 1969 2490 ἀριστο-

358 2694 408 2750 *)
450 2693 500 2734 V.
532 2693 633 2734 libr.
669 2692 741 2734 lv.
777 2705 815 2744 p.
848 2690 948 2735 424.
981 2689 1031 2732 C.
1090 2693 1213 2733 Idem
1253 2695 1557 2743 argumentum
1597 2690 1742 2742 attigit
1771 2687 1968 2741 philoso-

442 2752 556 2805 phus
594 2751 736 2803 Legg.
768 2750 870 2791 Vll.
900 2764 941 2803 p.
974 2749 1074 2793 798.
1113 2751 1147 2791 Β
1179 2763 1297 2803 sqq„
1338 2750 1411 2790 ubi
1454 2750 1606 2790 laudat
1645 2749 1977 2800 Aegyptiorum«

439 2811 524 2850 hoc
557 2810 600 2850 in
633 2821 793 2860 genere
824 2809 1050 2860 instituta,
1084 2822 1196 2862 quae
1225 2809 1343 2849 haud
1375 2807 1467 2848 seio
1500 2820 1556 2846 an
1586 2807 1632 2846 in
1664 2805 1830 2846 Politia
1860 2816 1967 2859 quo-

443 2881 527 2920 que
558 2868 614 2907 ob
649 2868 801 2907 oeulos
831 2867 1046 2909 habuerit.

327 2967 392 3019 *Ἴ
439 2964 804 3063 g.e1{23uxg.lin.
839 2963 1103 3074 ‘''p4‘i2s0A'
1161 2962 1664 3063 Diffuiirsssstdssevissss
1696 2961 1967 3071 {imsissiripi’i}

758 3053 767 3064 .
811 3036 845 3065 c.
915 3053 926 3062 .
1074 3037 1093 3064 s
1159 3052 1170 3062 .
1283 3036 1302 3062 s
1399 3052 1401 3054 -

441 3081 618 3122 Platon.
650 3092 692 3132 p.
723 3078 822 3122 343.
856 3086 898 3119 et
927 3037 1352 3133 Morgii‘istern.
1389 3081 1414 3118 Ι.
1450 3092 1484 3121 c.
1517 3092 1558 3130 p.
1588 3077 1833 3121 224-237.
1866 3077 1964 3117 coll.

441 3152 485 3192 ρ.
516 3135 780 3186 305—314.‚
815 3150 903 3188 quo
935 3139 1034 3180 loeo
1068 3139 1287 3178 subtiliter
1307 3136 1706 3177 docuitPlatonem
1737 3135 1791 3176 ob
1814 3135 1964 3175 oculos

376 3218 378 3220 ·
438 3196 645 3237 habuisse
686 3205 829 3234 mores
880 3201 922 3234 et
973 3198 1176 3238 instituta
1222 3195 1684 3236 Lacedaemoniorum.
1761 3191 1964 3233 Ceterum

439 3252 728 3307 philosophus
760 3253 888 3291 etiam
919 3252 1057 3307 Legg.
1095 3254 1182 3296 Vll.
1213 3267 1254 3306 p.
1282 3252 1381 3296 805.
1415 3253 1453 3292 D
1504 3250 1570 3292 δεῖ
1596 3249 1789 3292 παιδείας
1820 3265 1860 3290 τε
1896 3251 1964 3289 καὶ

442 3313 526 3351 τῶν
555 3309 691 3352 ἄλλων
722 3304 748 3349 ὅ
776 3322 811 3349 τι
840 3306 1015 3359 μάλιστα
1047 3316 1271 3352 κοινωνείν
1293 3307 1339 3351 τὸ
1371 3310 1487 3363 θῆλυ
1515 3307 1642 3364 γένος
1663 3305 1759 3363 ἡμῖν
1790 3309 1848 3363 τῷ
1882 3307 1964 3348 τῶν

441 3365 635 3423 ἀῤῥὲνων
661 3365 787 3421 γένει,
