2124 3744
291 187 392 241 432
882 183 1362 237 PLATONIS

293 338 330 392 δ’
388 342 559 403 ἔλεγεν
605 331 639 386 ἃ
690 341 796 387 ἐκεῖ
851 336 987 387 ἴδοι..
1025 337 1130 407 ἔφη
1172 336 1242 395 δέ,
1291 331 1470 398 ἐπειδὴ
1518 326 1587 387 οὗ
1615 339 1842 408 ἐκβῆναι
1887 336 1987 404 τὴν

292 422 506 499 ψυχήν,
565 416 909 488 πορεύεσθαι
964 416 1106 486 μετὰ
1160 420 1406 481 πολλῶν,
1474 425 1564 471 καὶ
1620 419 1989 494 ἀφικνεῖσθαι

200 514 245 566 C
297 510 446 579 σφᾶς
489 510 564 567 εἰς
608 502 787 556 τόπον
833 501 957 555 τινὰ
1005 500 1314 571 δαιμόνιον,
1365 498 1435 555 ὲν
1465 494 1507 570 ᾧ
1553 506 1652 569 τῆς
1681 523 1743 560 τε
1781 509 1879 575 γῆς
1907 502 1983 560 δύ’

294 593 434 646 εἶναι
482 587 747 659 χάσματα
804 593 1038 656 ἐχομένω
1100 585 1368 651 ἀλλήλοιν
1433 594 1522 641 καὶ
1583 592 1681 643 τοῦ
1741 590 1987 659 οὐρανοῦ

296 668 368 729 αὖ
417 683 473 730 ὲν
518 675 593 740 τῷ
641 671 755 723 ἄνω
802 672 946 723 ἄλλα
992 670 1348 741 καταντικρύ.
1419 671 1680 737 δικαστὰς
1728 678 1782 728 δὲ
1825 697 1990 745 μετα·

294 760 356 827 ξι)
402 757 616 813 τούτων
645 758 970 821 καθ-ἧσθαι,
1021 752 1135 819 οὕς,
1184 751 1366 820 ἐπειδὴ
1414 753 1816 827 διαδικάσειαν,
1861 757 1991 822 τοὺς

297 850 398 916 μὲν
444 846 688 902 δικαίους
732 838 967 894 κελεύειν
1013 839 1360 909 πορεύεσθαι
1425 838 1524 905 τὴν
1579 848 1653 906 εὶς
1709 841 1890 908 δεξιάν
1933 828 1993 897 τε

299 933 388 985 καὶ
436 926 551 981 ἄνω
601 923 691 979 διὰ
738 927 837 978 τοῦ
884 923 1153 1002 οὐρανοῦ,
1202 933 1397 993 σημεῖα
1444 927 1835 1002 περιάψαντας
1883 930 1993 982 τῶν

302 1015 698 1079 δεδικασμένων
757 1016 814 1063 ἐν
870 1011 945 1077 τῷ
993 1008 1281 1078 πρόσθεν,
1334 1006 1466 1072 τοὺς
1523 1013 1578 1067 δὲ
1624 1012 1848 1076 ἀδίκους
1892 1009 1994 1078 τὴν

302 1106 376 1163 εἰς
419 1094 724 1167 ἀριστεράν
780 1113 836 1147 τε
893 1097 984 1147 καὶ
1042 1095 1207 1158 κάτω,
1252 1096 1483 1162 ἔχοντας
1527 1098 1619 1149 καὶ
1662 1096 1895 1160 τούτους
1938 1102 1996 1150 ἐν

207 1196 261 1249 D
303 1186 378 1254 τῷ
424 1180 670 1237 ὄπισθεν
710 1188 913 1259 ’σημεῖα
959 1178 1186 1232 πάντων
1230 1169 1307 1231 ὧν
1353 1179 1615 1248 ἔπραξαν.
1689 1184 1894 1238 ἑαυτοῦ
1941 1183 1997 1234 δὲ

301 1262 717 1338 προςελθόντος
765 1267 949 1326 εἰπεῖν,
995 1260 1083 1316 ὅτι
1128 1266 1236 1321 δέοι
1263 1260 1440 1318 αὐτὸν
1486 1261 1723 1333 ἄγγελον
1766 1264 1998 1335 ἀνθρώ·

300 1375 427 1416 ποις
469 1351 738 1420 γενέσθαι
781 1350 892 1401 τῶν
933 1354 1056 1411 ἐκεῖ,
1099 1350 1191 1401 καὶ
1237 1346 1642 1403 διακελεύοιντό
1690 1354 1743 1405 οἱ
1773 1349 1999 1405 ἀκούειν

301 1459 359 1492 τε
404 1438 495 1491 καὶ
542 1435 812 1498 θεᾶσθαι
855 1430 1045 1509 πάντα
1106 1430 1176 1485 τὰ
1233 1437 1290 1485 ἐν
1346 1434 1422 1501 τῷ
1469 1433 1641 1502 τόπῳ.
1733 1432 1876 1506 ὁρᾶν
1932 1430 1998 1499 δὴ

425 1599 475 1639 O.
509 1598 597 1652 τῆς
628 1611 679 1637 τε
711 1597 810 1650 γῆς
842 1591 936 1637 δύ’
967 1591 1134 1650 εἶναι]
1178 1596 1252 1638 Sic
1280 1598 1394 1645 Ven.
1432 1598 1480 1642 Ξ.
1531 1598 1630 1640 Par.
1666 1596 1717 1640 Κ.
1750 1597 1869 1639 Mon.
1905 1598 2000 1639 Vnt.

309 1674 366 1702 m.
399 1671 433 1699 r.
472 1656 590 1713 Flet.
624 1655 668 1707 β.
703 1669 781 1708 pro
812 1656 926 1707 vulg.
966 1656 1042 1709 τῆς
1073 1669 1120 1709 γε
1142 1655 1234 1708 γῆς.
1284 1658 1374 1706 Pro
1400 1654 1588 1708 χάσματα
1609 1656 1726 1698 Flor.
1749 1656 1796 1709 β.
1820 1661 1865 1698 et
1881 1656 1999 1699 Mon.

307 1714 502 1771 χάσματε.
539 1713 652 1756 conf.
688 1714 759 1755 ΙΙΙ.
794 1727 836 1766 p.
867 1712 966 1758 395.
1000 1716 1058 1755 A.

424 1773 482 1814 D.
517 1771 719 1812 ἑαυτοῦ
754 1769 814 1812 δὲ
845 1768 1279 1826 προςελθόντοε]
1311 1769 1471 1814 ἑαυτὸν
1502 1769 1549 1813 δὲ
1579 1767 1876 1824 προεελθόντα
1903 1771 2002 1814 Par.

309 1833 363 1876 K.
400 1832 505 1872 Dein
539 1831 642 1871 vat..
680 1827 726 1870 Θ.
761 1843 794 1871 r.
829 1828 1087 1871 διακελεύειν
1126 1844 1180 1869 τε.
1224 1831 1329 1873 ven.
1365 1830 1412 1875 Ξ.
1459 1826 1716 1870 διακελεύειν
1746 1841 1806 1882 γε.
1841 1829 2002 1876 Euseb.

310 1888 653 1991 ffgheodoret.
694 1884 884 1940 Therap.
918 1889 996 1929 XI.
1039 1902 1080 1942 p.
1114 1888 1212 1932 635.
1247 1889 1297 1930 C.
1339 1890 1389 1930 D.
1425 1883 1761 1935 διακελεύεσθαι,
1794 1887 2006 1940 probante

353 1962 372 1989 s
397 1961 451 1989 ιο.
492 1960 494 1962 ’

420 2000 554 2045 ’καθ’
586 1987 840 2056 ἑκάτερόν
875 2000 930 2043 ’τὸ
962 2002 1152 2057 χάσμα]
1188 2002 1292 2045 κατὰ
1323 2003 1515 2057 θάτερον
1545 2003 1664 2044 Mon.
1697 1978 1814 2042 Fini.
1846 2001 1892 2054 β.

410 2059 620 2104 ἀν’ταῖς
659 2060 969 2113 δικασθείη]
1031 2062 1106 2103 Sic
1140 2067 1232 2104 Par.
1264 2065 1322 2104 A.
1365 2061 1482 2103 Vind.
1517 2062 1633 2112 Ang.
1669 2060 1763 2100 Vat.
1797 2073 1854 2100 m.
1888 2058 2005 2100 Flor.

313 2138 353 2164 a.
386 2135 422 2164 c.
456 2134 498 2163 x.
532 2133 572 2161 α.
606 2134 644 2173 γ.
710 2120 849 2173 Vulgo
881 2114 1021 2160 αὐτοῦ
1050 2119 1311 2170 δικασθεῐεν,
1341 2119 1455 2174 quod
1490 2119 1673 2160 mutavit
1700 2118 1909 2169 Bekker.,
1939 2129 2006 2158 re-

316 2181 442 2222 tinuit
475 2183 568 2220 Ast.

325 2311 328 2314 ·
373 2266 559 2347 ἐπειδὴ
594 2283 657 2332 οὗ
689 2291 1020 2344 ἐκβῆναι-]
1052 2293 1122 2333 1¹¹·
1206 2295 1308 2340 591.
1357 2292 1409 2334 C.
1439 2304 1568 2333 unum
1601 2279 1736 2342 χάσμα
1768 2289 1904 2343 ponit,
1935 2303 2010 2344 per

313 2348 523 2395 finitivum
569 2356 668 2404 post
698 2348 847 2404 ἐπειδή
878 2352 919 2390 in
954 2351 1120 2392 oratio-

313 2425 368 2454 ne
420 2411 595 2461 obliqua
642 2410 832 2461 positum
877 2409 1123 2450 notavimus

316 2469 369 2511 ad
384 2468 588 2524 Symp'os.
604 2465 806 2518 p.174.D.
819 2468 917 2508 con.
930 2466 973 2506 Μ
987 2477 1010 2507 a
1023 2471 1040 2507 t
1054 2465 1121 2507 th.

316 2528 395 2568 Gr.
409 2527 450 2578 §-
460 2525 562 2569 538.
575 2524 654 2565 Ro
669 2529 730 2565 st.
746 2524 786 2577 ξ.
801 2524 902 2576 121,
923 2530 1064 2565 annot.
1077 2523 1122 2566 3.

318 2590 363 2626 et
391 2584 434 2627 4.
455 2607 458 2610 <
477 2597 519 2637 p.
550 2581 652 2626 466.
712 2582 880 2624 Deinde
918 2582 1123 2623 advertus

315 2643 548 2684 infinitivos
608 2641 850 2694 praesentis
915 2639 1125 2692 temporie

319 2697 614 2756 πορεύεσθαι,
646 2693 950 2750 ἀφικνεῖσθαι,
984 2697 1126 2750 καθ’ἥ-

319 2758 428 2800 σθαι
458 2758 559 2809 -κτλ.,
593 2768 775 2809 quorum
811 2762 936 2797 usum
961 2756 1128 2809 optime

320 2816 550 2870 explicavit
580 2813 772 2856 Matth.
804 2816 831 2856 l.
869 2827 907 2855 c.
949 2813 989 2865 ξ.
1029 2813 1128 2856 499.

319 2876 451 2916 Plura
492 2873 583 2915 eius
622 2873 794 2926 generis
827 2873 1020 2924 exempla
1053 2871 1129 2911 ad-

323 2931 580 2986 scripsimus
621 2930 677 2971 ad
709 2929 913 2983 Sympos.
953 2943 993 2982 p.
1036 2929 1130 2972 172.

326 2992 380 3031 B.
445 2988 647 3041 Pertinet
695 2987 775 3028 huc
829 2989 960 3029 etiam
1011 2988 1132 3029 locus

323 3048 517 3100 Gorgiee
535 3060 576 3099 p.
599 3045 702 3090 489.
733 3045 800 3096 C.,
839 3046 1131 3087 ubiCoraio

324 3102 490 3145 ἐδόκεις
541 3102 846 3145 ἐνδείκνυσθαι
901 3102 1132 3157 corrigenti

326 3176 410 3204 non
442 3163 670 3204 assentior.

386 3221 436 3260 C.
508 3214 587 3260 δύ’
663 3213 802 3261 εἶναι
866 3216 1131 3275 χάσματα]

326 3277 458 3329 „Duo
491 3279 628 3328 ostia,
659 3279 869 3329 alterum,
911 3291 988 3332 per
1017 3279 1132 3332 quod

325 3336 494 3377 animae
541 3334 806 3376 descendant
845 3337 887 3377 in
923 3349 1134 3390 corporn3

325 3394 539 3444 alterum,
579 3405 656 3446 per
685 3392 802 3444 quod
835 3406 859 3435 e
891 3395 978 3435 vita
1010 3394 1132 3436 rede-

329 3456 417 3494 ant.
454 3449 737 3492 Plutarch.
769 3451 880 3492 Gen.
922 3451 1046 3494 Socr.
1088 3466 1128 3505 p.

1209 2350 1324 2406 quod
1355 2352 1522 2394 animae
1551 2349 1818 2391 adscendunt
1852 2361 1906 2388 ac
1935 2348 2010 2391 de·

1211 2409 1436 2455 scendunt.
1462 2423 1501 2449 v.
1520 2407 1734 2461 Wytten
1749 2407 1792 2447 b.
1813 2406 1869 2448 ad
1892 2406 2010 2456 Pkut.

1209 2469 1275 2511 De
1307 2467 1354 2508 S.
1371 2466 1424 2509 N.
1450 2467 1506 2506 V.
1523 2479 1566 2518 p.
1587 2463 1686 2510 114.
1718 2469 1762 2506 et
1797 2464 1850 2506 ad
1874 2464 2011 2513 Phue-

1211 2527 1313 2568 don.
1344 2539 1385 2578 p.
1417 2523 1555 2572 XLn.
1584 2522 1700 2565 Vide
1727 2534 1837 2576 quae
1867 2522 1921 2564 de
1950 2522 2012 2564 his

1211 2597 1334 2628 more
1351 2595 1432 2624 suo
1451 2582 1636 2635 exponit
1653 2581 1689 2622 P
1705 2593 1731 2621 o
1743 2580 1919 2634 rphyn
1949 2581 2014 2627 De

1211 2647 1338 2694 antro
1368 2639 1539 2694 nymph.
1571 2638 1732 2693 2264.
1754 2636 1856 2683 268.
1877 2639 2012 2684 269.“

1214 2704 1247 2742 A
1261 2714 1281 2743 s
1293 2699 1372 2740 tiu
1386 2713 1422 2742 s.
1798 2702 1803 2712 '

1269 2753 1454 2809 ἐπειδὴ
1477 2749 1878 2807 διαδικάσειαν]
1899 2753 2013 2794 Ver-

1211 2816 1315 2857 bum
1332 2810 1590 2866 διαδικάζειν
1608 2812 1662 2854 de
1679 2813 1893 2854 indicibus
1911 2823 2013 2851 cuu-

1214 2886 1308 2921 sam
1327 2869 1670 2925 disceptantibus
1697 2870 2013 2922 frequentatum

1215 2931 1346 2973 docte
1382 2930 1616 2978 inlustravit
1645 2925 2010 2980 Wyttenbach.

1216 2988 1270 3032 ad
1292 2987 1528 3034 Phaedon.
1542 3001 1585 3042 p.
1598 2985 1765 3034 1021).
1778 2997 1836 3024 Ξ
1861 2997 1902 3037 p.
1914 2984 2013 3028 191.

1218 3046 1287 3090 ed.
1321 3046 1418 3087 Bat.
1666 3071 1669 3074 ,

1275 3105 1353 3145 eis·
1382 3099 1567 3154 δεξιάν
1597 3113 1646 3140 τε
1676 3100 1763 3139 καὶ
1792 3096 1895 3139 ἅνω
1933 3096 2016 3139 διὰ

1219 3163 1313 3204 τοῦ
1347 3157 1628 3214 οὐρανοῦ]
1661 3157 2016 3198 dextrorsum

1219 3227 1272 3263 et·
1300 3231 1510 3266 sursum
1550 3228 1644 3270 per
1675 3216 1895 3256 eoelum.
1950 3208 2016 3255 En

1217 3278 1380 3323 iudices
1425 3276 1518 3328 pias
1558 3276 1724 3316 animas
1763 3273 1817 3313 ad
1864 3272 2017 3314 dexte-

1217 3349 1311 3378 ram
1330 3345 1518 3382 sursum,
1547 3330 1700 3383 impias
1719 3331 1772 3372 ad
1799 3331 2017 3371 sinistram

1217 3395 1419 3435 deorsum
1451 3391 1718 3443 ablegantes.
1766 3389 1894 3432 Quae
1923 3389 2018 3439 quis

1217 3463 1298 3493 non
1331 3449 1451 3492 videt
1474 3460 1566 3490 cum
1587 3446 1856 3489 orientalium
1881 3458 2016 3499 popu-
