2098 3658
278 143 382 193 200
892 136 1263 193 PLATON
1285 139 1367 193 IS

278 290 380 342 νῦν
439 284 590 355 ἡμεῖς
647 283 816 355 λόγον
873 286 1172 354 ζητοῦμεν,
1232 289 1323 342 καὶ
1379 288 1621 352 λεκτέον,
1679 285 1752 351 ὡς
1805 286 1835 342 ὁ
1878 292 1980 358 μὲν

280 368 416 433 θεὸς
461 373 645 424 δίκαια
676 391 733 424 τε
778 371 870 424 καὶ
912 367 1118 436 ἀγαθὰ
1166 370 1465 440 εἰργάζετο,
1511 375 1564 425 οἱ
1609 373 1666 424 δὲ
1703 370 1978 428 ὠνίναντο

276 453 671 552 κολαζόμενοι·
731 451 803 516 ὡς
861 455 918 508 δὲ
974 450 1175 508 ἄθλιοι
1231 458 1333 524 μὲν
1395 458 1447 508 οἱ
1504 458 1660 521 δίκην
1718 454 1979 520 διδόντες,

277 530 346 604 ἦν
395 541 451 591 δὲ
497 537 560 602 δὴ
611 535 640 591 ὁ
683 540 829 608 δρῶν
880 539 1059 592 ταῦτα
1099 536 1256 602 θεός,
1302 537 1404 593 οὐκ
1428 544 1620 594 ἐατέον
1663 542 1736 608 λε,
1742 561 1834 594 ειν
1879 538 1980 596 τὸν

277 621 549 687 ποιητήν·
596 619 725 675 ἀλλ’
779 628 823 676 εὶ
863 627 989 691 μέν,
1036 620 1124 676 ὅτι
1168 620 1491 689 ἐδεήθησαν
1537 620 1850 693 κολάσεως,
1896 629 1982 679 λέ·

275 727 453 775 poter,
512 702 584 769 ὡς
637 703 840 759 ἄθλιοι
885 711 936 760 οἱ
983 710 1171 771 κακοί,
1240 704 1392 761 διδόν
1385 728 1485 769 τες
1543 710 1599 762 δὲ
1645 710 1800 774 δίκην
1843 707 1987 782 ὠφε-

279 793 483 844 λοῦντο
528 787 638 844 ὑπὸ
687 793 788 844 τοῦ
837 793 1018 853 θεοῦ,
1045 796 1263 846 ἐατέον·
1313 793 1497 844 κακῶν
1543 794 1598 846 δὲ
1644 790 1827 845 αἴτιον
1873 791 1982 867 ᾳοὶ-

280 896 375 928 ναι
425 874 568 928 θεόν
612 895 721 928 τινι
766 879 1062 944 γίγνεσθαι
1105 871 1343 942 ἀγαθὸν
1389 871 1556 939 ὅντα,
1611 877 1983 946 διαμαχητέον

280 962 451 1013 παντὶ
514 955 702 1028 τρόπῳ
758 959 896 1029 μήτε
957 956 1082 1014 τινὰ
1143 962 1314 1027 λέγειν
1368 962 1546 1015 ταῦτα
1592 966 1650 1014 ἐν
1695 963 1760 1037 τῇ
1806 959 1984 1016 αὑτοῦ

281 1043 465 1108 πόλει,
524 1049 569 1097 εὶ
623 1046 803 1113 μέλλει
858 1040 1307 1114 εὐνομήσεσθαι,
1363 1042 1501 1113 μήτε
1561 1040 1685 1098 τινὰ
1740 1042 1986 1110 ἀκούειν,

280 1127 419 1195 μήτε
462 1127 730 1198 νεώτερον
771 1126 910 1197 μήτε
948 1126 1342 1198 πρεσβύτερον,
1374 1126 1512 1197 μήτε
1555 1135 1612 1182 ἐν
1638 1133 1817 1198 μέτρῳ
1848 1129 1986 1198 μήτε
2065 1124 2098 1202 ζ-

282 1208 417 1266 ἄνεν
459 1219 662 1283 μέτρου
706 1214 1181 1283 μυθολογοῦντα,
1242 1208 1316 1275 ὠς
1371 1209 1499 1268 οὔτε
1543 1210 1671 1267 ὅσια
1714 1211 1789 1268 ἂν
1832 1213 1987 1283 λεγό-

398 1406 503 1459 Cap.
533 1405 654 1449 XIX.
718 1405 770 1447 P.
803 1406 902 1450 380.
965 1406 1017 1447 Β.
1082 1423 1142 1458 ην
1185 1407 1238 1447 δὲ
1278 1406 1334 1460 δὴ
1373 1406 1395 1448 ὁ
1430 1407 1596 1460 δρῶν]
1629 1405 1678 1459 δὴ
1713 1421 1801 1450 om.
1835 1407 1986 1463 steph.

282 1475 378 1502 cum
412 1463 523 1504 Ven.
555 1464 604 1504 Ξ.
664 1464 832 1505 Deinde
865 1477 997 1518 prave
1030 1465 1338 1518 interpungnnt
1368 1467 1456 1507 sic·
1498 1461 1616 1516 om',
1650 1465 1686 1505 εὶ
1714 1468 1792 1520 μὲν
1822 1484 1896 1508 οτι
1925 1467 1984 1509 ἑὸ.

280 1520 369 1562 unz
403 1521 578 1572 λε’,γοιεν
616 1518 671 1566 ὡς
700 1521 859 1562 ἄθλιοι
888 1538 924 1562 κ.
957 1538 997 1563 τ.
1028 1522 1064 1562 λ.
1096 1523 1210 1574 qnod
1245 1535 1356 1564 nnnc
1387 1525 1674 1566 correximus.

396 1584 581 1621 κακῶν
613 1578 664 1620 δὲ
712 1581 902 1619 αἴτιον
943 1578 1141 1634 φαναι]
1190 1580 1362 1624 laudat
1401 1581 1570 1623 Theod.
1615 1580 1804 1634 Tilerap.
1843 1582 1902 1623 V.
1943 1596 1985 1637 p.

282 1634 366 1680 549
422 1638 583 1687 (212,
623 1639 693 1690 qni
731 1636 810 1677 τὸν
850 1636 961 1678 θεὸν
1000 1639 1104 1690 legit
1134 1640 1302 1681 omisso
1345 1641 1429 1681 τινὶ
1459 1642 1704 1695 γίγνεσθαι.
1767 1640 1856 1681 Pro
1889 1641 1984 1680 δια-

281 1698 513 1747 μαχετέον
549 1696 667 1747 quod
702 1697 803 1746 iulg
788 1708 831 1735 ro
865 1696 1159 1742 scribebatur,
1202 1697 1362 1741 Enseu
1397 1704 1441 1739 ot
1470 1699 1639 1740 Theoti.
1674 1699 1986 1751 διαμαχητέον,

281 1764 408 1801 quam
451 1754 711 1806 scripturam
755 1753 911 1806 probat
949 1755 1096 1795 Astins
1135 1768 1222 1795 non
1269 1756 1623 1798 dissentientibus
1667 1756 1891 1798 lobeckio
1932 1757 1987 1798 ad

281 1810 500 1866 Phr—ympn
507 1811 633 1856 ,446
690 1809 901 1853 Matthiae
943 1811 1144 1856 Gramm.
1188 1815 1328 1866 Amph
1360 1815 1415 1857 T.
1445 1815 1475 1855 l.
1510 1829 1549 1867 p.
1581 1814 1682 1859 419.
1719 1814 1772 1854 Ε.
1815 1815 1989 1856 firmant

282 1868 572 1923 διαμαχητέον
602 1868 705 1914 vat.
740 1868 793 1914 Θ.
826 1866 956 1910 Vind.
992 1865 1111 1911 Mon.
1149 1875 1257 1922 Ano.
1291 1873 1438 1914 Ambr.
1476 1871 1572 1917 vat.
1605 1887 1638 1916 r.
1678 1885 1772 1914 cum
1807 1869 1986 1914 Schnei-

283 1926 374 1967 deri
406 1928 606 1970 LochV.
640 1926 765 1971 vind.
802 1926 902 1969 BE.
963 1927 1128 1969 ineerta
1170 1929 1271 1970 item
1313 1931 1526 1984 scriptura
1559 1932 1767 1984 μαχετέον
1806 1935 1874 1972 est
1905 1931 1987 1972 So·

284 1983 414 2038 phist.
454 2001 494 2040 p
537 1984 637 2030 241.
679 1987 729 2030 D
771 1991 816 2026 et
858 1998 899 2036 p.
940 1984 1040 2030 249.
1079 1985 1127 2026 C.
1199 1986 1378 2028 Scilicet
1414 1989 1711 2043 praevaluisse
1751 1988 1792 2029 in
1833 1988 1988 2029 talibus

286 2042 542 2097 effingendis
581 2044 752 2085 videtur
789 2043 899 2084 ratio
939 2043 1148 2097 temporis
1187 2045 1396 2098 perfecti,
1450 2047 1567 2099 quod
1611 2050 1679 2089 est
1715 2042 1986 2101 μεμάχημαι.

289 2191 324 2231 Β
347 2204 439 2245 sqq.
472 2192 766 2243 disputantur,
793 2187 870 2227 ubi
889 2189 994 2228 item
1016 2189 1095 2228 do-

288 2254 411 2290 cetur
443 2245 503 2290 ώε
532 2248 683 2289 ἄθλιοι
726 2244 773 2285 οἱ
800 2246 948 2296 κακοί,
990 2259 1095 2299 poe

288 2319 533 2360 uarumque
571 2308 702 2347 finem
742 2317 838 2344 esse
867 2305 1008 2354 hune,
1048 2309 1097 2343 ut

286 2367 490 2406 homines
558 2363 858 2415 improbitatis
918 2363 1097 2403 miseria

285 2424 542 2464 liberentur.
614 2421 745 2470 Quod
793 2418 958 2472 λέγοιεν
995 2426 1098 2472 post

287 2479 363 2524 τὸν
410 2477 594 2535 ποιητήν
639 2481 850 2525 insertur,
911 2479 1096 2530 pluralis

286 2546 389 2594 post
418 2541 714 2593 singularem,
757 2537 803 2577 id
837 2549 925 2576 non
955 2538 1096 2589 magis

288 2600 513 2641 offendere
562 2602 737 2651 potest
788 2607 919 2647 quam
956 2595 1096 2664 quod

286 2657 437 2711 paullo
472 2663 573 2698 unte
612 2651 863 2705 ἐξευρετέον
903 2647 1097 2692 αυτοῖς

288 2717 424 2760 dixit,
465 2717 570 2755 lieet
609 2712 848 2767 praecedat
885 2705 976 2751 ἀλλ’
1020 2707 1097 2751 ἐάν

288 2785 350 2814 ‘HS
389 2775 505 2826 1012}-

346 2832 395 2872 C.
468 2828 593 2884 μήτε
639 2827 694 2868 ἐν
749 2824 920 2879 μέτρῳ
965 2822 1097 2878 μήτε

288 2887 424 2930 ἄνευ
454 2888 658 2940 μέτρου
701 2883 1095 2936 μυθολογοῦν·

290 2949 372 3001 τα]
435 2947 476 2988 Α
500 2961 520 2988 s
540 2953 558 2986 t
576 2947 590 2986 i
611 2959 640 2985 u
658 2957 679 2984 s
728 2940 1096 2994 μυθολογούμενα

288 3007 564 3046 scribendum
585 3003 846 3054 suspicatur
901 3000 1096 3053 Elegans

289 3065 554 3113 coniectura,
588 3071 853 3114 quanquam,
883 3071 981 3099 mea
1001 3059 1095 3111 qui-

290 3122 388 3161 dem
434 3121 675 3160 sententia
717 3129 807 3156 non
848 3115 980 3167 piane
1019 3129 1094 3156 ne-

289 3179 494 3219 cessaria
530 3178 726 3217 Additur
743 3173 1094 3227 μυθολογοῦντα,

286 3237 471 3289 perinde
502 3247 553 3275 ae
584 3235 621 3274 si
653 3233 760 3271 nihil
781 3233 1096 3283 praecessisset

288 3294 374 3335 nisi
435 3293 567 3334 haee.
628 3287 909 3341 διαμαχητέον
969 3289 1094 3330 παντὶ

290 3347 436 3405 τρόπῳ
467 3344 627 3402 μηδένα
649 3347 781 3387 ταῦτα
800 3345 1092 3402 15ye‹2,quae

290 3422 420 3463 quum
443 3406 695 3461 primariam
723 3405 977 3447 contineant
996 3419 1092 3447 sen-

1181 2189 1377 2235 tentiam,
1393 2188 1640 2229 mirandum
1661 2202 1753 2230 non
1771 2193 1851 2238 est,
1871 2188 1988 2242 quod

1180 2247 1416 2287 verborum
1446 2247 1714 2299 reliquorum
1749 2247 1871 2287 nulla
1902 2248 1989 2286 inm

1181 2306 1369 2357 amplius
1399 2304 1513 2345 ratio
1553 2304 1752 2348 habetur.
1816 2305 1989 2344 Confir-

1181 2369 1303 2403 mant
1369 2363 1456 2403 hoc
1515 2368 1714 2404 nostrum
1771 2363 1987 2403 iudicium

1183 2434 1294 2474 quae
1353 2421 1560 2471 deinceps
1619 2422 1866 2470 adduntur,
1929 2415 1990 2460 ὥς

1185 2474 1297 2519 οὔθ’
1349 2475 1449 2519 ὅσια
1503 2475 1557 2519 ἂν
1605 2477 1892 2533 λεγόμενα,
1941 2477 1993 2518 εἰ

1180 2537 1421 2590 λέγοιτο.

1236 2624 1294 2668 D.
1334 2623 1397 2665 Τι’
1424 2622 1483 2665 δὲ
1513 2621 1573 2677 δὴ
1611 2618 1636 2664 ὁ
1674 2620 1985 2676 δεύτερος,·]

1179 2682 1334 2723 Possis
1368 2681 1492 2723 δοκεῖ
1526 2694 1596 2722 σοι
1633 2682 1901 2734 intelligere3
1945 2695 1987 2724 v,

1179 2741 1236 2781 ad
1268 2738 1407 2793 Gorg.
1440 2754 1482 2793 p.
1511 2740 1611 2783 501.
1637 2739 1694 2780 Ε.
1727 2739 1908 2780 Politia.
1942 2753 1986 2791 p.

1179 2797 1280 2840 308.
1310 2798 1369 2840 A.
1400 2799 1601 2839 Matth.
1637 2796 1714 2840 Gr.
1748 2797 1780 2847 ,8.
1815 2797 1915 2841 630.
1945 2811 1987 2849 p.

1181 2855 1309 2900 1516.
1342 2857 1409 2899 ed.
1441 2857 1482 2900 3.
1542 2856 1612 2896 De
1650 2856 1787 2896 verbo
1821 2851 1984 2904 φαντά-

1178 2914 1345 2966 ζεσθαι,
1377 2914 1497 2967 quod
1525 2926 1642 2954 nunc
1660 2918 1726 2953 est
1756 2926 1928 2965 appar
1942 2926 1986 2953 e-

1179 2986 1259 3018 re,
1292 2974 1423 3014 docta
1451 2976 1518 3012 est
1551 2971 1790 3023 disputatio
1823 2970 1985 3011 Oreu-

1181 3032 1297 3070 zeri
1337 3030 1394 3070 ad
1427 3027 1596 3070 Plotin.
1637 3029 1692 3069 de
1725 3029 1911 3070 Pulerit.
1940 3043 1983 3083 p.

1181 3087 1266 3132 135
1296 3101 1361 3140 sq.

1239 3171 1357 3212 τοτὲ
1391 3169 1485 3222 μὲν
1523 3163 1695 3212 αυτὸν
1725 3185 1847 3225 γιγι
1863 3168 1985 3220 όμε-

1181 3244 1239 3271 νυ
1258 3229 1302 3284 ν]
1335 3230 1533 3270 Astius
1566 3235 1609 3268 et
1644 3230 1984 3271 Benedictus

1177 3299 1260 3342 pro
1308 3282 1445 3328 αὐτόν
1505 3287 1741 3338 legendum
1805 3292 1985 3329 censent

1180 3344 1327 3394 ἄλλοι,
1388 3345 1507 3412 quod
1556 3345 1796 3388 Fieinus
1854 3347 1986 3386 etiam

1178 3405 1354 3447 videtur
1404 3403 1448 3443 in
1488 3402 1601 3444 libro
1644 3417 1723 3446 sno
1762 3403 1983 3445 habuisse.
