2098 3658
261 156 324 206 10

258 296 387 362 sit,
430 297 567 348 bene
605 298 802 359 facere,
845 292 1118 353 inimicum
1156 304 1366 367 autem,
1407 298 1522 367 qui
1561 298 1784 350 malus
1824 299 1946 365 sit,

254 366 486 419 laedere.
564 366 780 434 Quibus
832 364 908 417 ita
945 366 1139 436 positis
1177 366 1434 422 Socrates
1470 388 1632 439 porro
1670 370 1766 422 sic·
1788 388 1949 440 argu·

255 443 543 491 mentatui·.
619 437 721 491 Est
758 455 908 507 erge,
950 437 1157 506 inquit,
1194 438 1324 491 iusti
1369 440 1472 492 viri
1508 439 1723 493 laedere
1763 460 1950 510 quem-

254 507 389 560 libet
434 509 738 580 improbum
791 515 847 560 et
892 507 1184 563 inimicum.
1257 510 1426 564 Laesi
1474 531 1605 565 vero
1653 510 1951 566 deteriores

254 577 497 632 evadunt
545 581 792 648 fiuntque
839 578 966 632 ideo
1022 580 1184 633 etiam
1231 580 1300 634 ad
1358 583 1613 636 virtutem
1660 583 1952 636 humanam

254 649 651 706 imbecilliores.
702 652 891 719 Atque
913 651 1033 723 ipsa
1054 651 1262 705 iustitia
1283 671 1501 722 quoque
1520 654 1694 708 virtus
1717 654 1953 707 humana

256 728 358 774 est.
430 723 583 795 Ergo
607 723 741 776 laesi
762 721 1004 776 homines
1044 742 1266 779 necesse
1306 732 1391 776 est
1427 725 1738 779 iniustiores
1777 726 1950 779 exsis-

255 800 403 850 tant,
461 796 579 848 Iam
624 813 752 848 vero
803 795 896 862 qui
926 802 1116 847 artem
1167 795 1404 864 aliquam
1451 803 1667 865 tenent,
1716 798 1754 850 ii
1806 805 1951 851 certe

254 882 364 918 non
411 876 644 936 possunt
689 865 930 919 eiusdem
963 865 1113 919 ¹artis
1165 884 1269 918 usu
1319 868 1451 919 artis
1501 876 1753 938 expertes
1815 869 1950 922 fieri.

256 935 451 1006 Itaque
498 958 602 992 nec
654 937 786 991 iusti
833 944 1094 1008 poterunt
1139 957 1239 1007 per
1284 938 1548 992 iustitiam
1587 940 1706 993 fieri
1741 940 1950 1007 iniusti,

256 1027 417 1076 quem
468 1009 537 1064 ad
586 1007 807 1064 modum
847 1007 1066 1062 omnino
1109 1008 1234 1061 'fieri
1287 1029 1396 1062 non
1445 1018 1658 1079 potest,
1708 1019 1772 1065 ut
1821 1011 1950 1064 boni

253 1080 375 1150 ipsa
411 1081 612 1135 virtute
659 1082 717 1134 in
753 1080 925 1134 malos
962 1088 1254 1133 mutentur.
1330 1080 1515 1135 Iustus
1554 1090 1734 1135 autem
1774 1082 1950 1147 bonus

253 1159 353 1204 est.
435 1153 590 1226 Ergo
638 1172 750 1205 non
786 1160 882 1206 ⁴est
929 1151 1058 1205 iusti
1107 1170 1434 1220 quemquam
1479 1153 1723 1223 laedere,
1772 1172 1951 1222 neque

251 1224 485 1278 amicum
534 1243 719 1294 neque>
764 1242 1090 1293 quemquam
1140 1223 1335 1291 alium,
1376 1223 1476 1277 sed
1522 1226 1708 1294 potius
1746 1224 1952 1278 iniusti.

254 1294 316 1349 Si
364 1296 486 1364 quis
535 1296 706 1368 igitur
752 1302 940 1349 censet
991 1294 1178 1347 debita
1225 1295 1422 1363 cuique
1471 1295 1699 1349 reddere
1736 1296 1952 1355 ,iustum

253 1385 426 1435 esse,
450 1367 686 1436 ideoque
739 1386 773 1420 a
821 1367 940 1420 viro
987 1366 1132 1418 iusto
1169 1365 1401 1418 inimicis
1442 1366 1726 1435 damnum,
1765 1367 1951 1422 amicis

251 1438 597 1492 commodum
636 1447 691 1492 et
726 1438 1018 1493 utilitatem
1053 1437 1354 1506 comparari
1381 1445 1651 1508 oportere,
1677 1447 1827 1492 certe
1849 1439 1953 1492 ille

251 1527 358 1561 non
413 1518 496 1563 est
557 1511 809 1579 sapiens,
861 1505 1303 1578 quandoquidem
1364 1528 1472 1563 non
1519 1517 1667 1563 recte
1715 1528 1952 1579 vereque

252 1579 476 1634 iudicat.
523 1619 525 1621 ·
552 1580 712 1648 Quae
739 1579 958 1650 quidem
986 1578 1168 1633 omnia
1192 1597 1319 1631 vere
1358 1580 1437 1632 ita
1459 1581 1644 1649 statui,
1674 1581 1952 1636 Polemar-

252 1651 386 1706 chus
420 1652 564 1707 ultro
603 1653 856 1724 largitur,
894 1651 987 1720 qui
1031 1649 1204 1702 virum
1241 1650 1621 1707 tantummodo,
1658 1653 1954 1722 superbum

252 1730 416 1791 atque
440 1725 676 1778 ferocem
704 1725 781 1777 ita
809 1731 1044 1777 statuere
1075 1729 1130 1774 et
1152 1720 1393 1777 iudicare
1430 1742 1592 1793 posse
1627 1724 1785 1777 facile
1822 1743 1952 1779 con-

250 1794 414 1848 cedit.
452 1798 515 1849 P.
555 1797 677 1849 334.
717 1796 954 1849 D-336
1008 1797 1077 1846 A.
1742 1827 1744 1830 <
1892 1817 1902 1822 »

393 1867 469 1919 Et
529 1867 793 1921 hactenus
857 1864 1079 1935 quidem
1141 1863 1400 1918 Socrates
1463 1863 1723 1918 adversus
1790 1866 1952 1920 Pole-

249 1938 547 2008 marchum,
561 1940 616 1991 in
645 1939 800 1992 cuius
813 1938 992 1992 locum
1011 1935 1207 1988 dehinc
1223 1935 1470 1988 succedit
1492 1936 1951 2007 ThrasymaclmS,

249 2029 552 2064 sermonem
610 2009 866 2064 ulterius-2
898 2007 1303 2079 profligaturus.
1403 2006 1622 2060 Iuvabit
1682 2027 1811 2061 ,vero
1863 2008 1952 2062 hic

248 2081 545 2152 paullisper
594 2081 902 2135 substitisse
956 2079 1303 2147 breviterque
1342 2078 1748 2148 disquisivisse,
1785 2099 1952 2150 vquor-

250 2171 369 2205 sum
407 2153 663 2206 universa
711 2153 848 2206 haec
885 2150 1184 2220 disputatio
1223 2149 1458 2219 denique
1497 2150 1692 2203 tendat
1726 2159 1782 2204 et
1819 2151 1952 2222 quid

249 2223 449 2278 habeat
483 2224 846 2295 propositum.
923 2221 1088 2289 Quod
1140 2229 1322 2274 tamen
1373 2222 1451 2274 ita
1500 2222 1696 2274 facturi
1743 2241 1951 2293 sumuS,

250 2303 311 2348 ut
345 2296 515 2349 misso
545 2296 882 2366 singularum
910 2292 1439 2365 argumentationum
1463 2300 1514 2345 et
1539 2293 1952 2348 conclusionum

249 2368 498 2420 examine
548 2367 802 2420 universe
860 2373 1069 2419 tantum
1131 2382 1496 2433 exponamus,
1560 2383 1827 2434 quaenam
1879 2366 1953 2420 sit

246 2445 438 2492 nostra
487 2437 555 2491 de
608 2457 671 2491 ea
717 2459 777 2491 re
829 2436 1116 2492 sententia.
1198 2434 1487 2489 Videmur*
1515 2444 1693 2489 autem
1732 2436 1953 2491 minime

249 2529 280 2562 a
329 2518 482 2564 recto
531 2510 781 2563 aberrare
817 2510 1103 2563 Platonem
1157 2506 1246 2559 hic
1293 2506 1350 2559 id
1389 2508 1726 2577 spectavisse
1763 2508 1952 2563 existi-

247 2590 491 2649 manteS,
543 2589 608 2634 ut
653 2581 1021 2654 cognitionem
1070 2578 1312 2632 iustitiae
1360 2579 1639 2650 vulgarem
1687 2578 1954 2634 doceatur

247 2653 541 2706 admodum
577 2666 775 2725 vagam
813 2659 868 2706 et
919 2650 1246 2705 instabilem>
1275 2669 1426 2719 esse,
1467 2657 1657 2721 utpote
1687 2670 1766 2706 ex
1791 2670 1950 2704 -mero

248 2725 391 2778 vitae
428 2743 533 2777 usu
568 2743 856 2794 rerumque
894 2721 1244 2794 experientia,
1272 2741 1381 2775 non
1421 2741 1487 2774 ex
1525 2729 1746 2777 aeterna
1778 2721 1952 2793 ipsius

246 2796 429 2866 specie
467 2803 631 2865 atque
667 2796 824 2864 idea,
857 2794 1182 2866 repetitam,
1219 2807 1397 2863 neque
1443 2812 1574 2846 vero
1612 2792 1950 2847 dialecticam

247 2886 280 2919 a
335 2866 593 2937 sophistis
648 2886 942 2937 eorumque
995 2864 1280 2934 discipulis
1327 2871 1657 2936 'usurpatam
1713 2863 1782 2917 ad
1832 2883 1950 2918 eam

245 2937 565 2990 firmandam
616 2938 1030 3010 augendamque
1067 2936 1278 3002 valere,
1320 2936 1524 3005 quippe
1563 2944 1702 3004 quae
1740 2943 1795 2987 et
1829 2935 1951 3006 ipsa

246 3010 303 3062 in
341 3009 569 3079 singulis
605 3029 785 3063 rerum
821 3010 1008 3063 formis
1049 3015 1213 3076 atque
1249 3006 1380 3060 visis
1415 3006 1656 3074 haereat,
1693 3004 1764 3059 ad
1801 3025 1948 3060 com-

248 3098 438 3132 munes
486 3099 663 3133 rerum
710 3081 964 3134 notiones
996 3075 1625 3147 ›nunquamescendan
1664 3077 1742 3130 ita
1778 3085 1842 3131 ut
1878 3097 1949 3132 ne

246 3159 312 3204 e'a
348 3148 567 3220 quidem
613 3152 856 3205 iustitiae
910 3149 1162 3220 vestigia,
1203 3167 1360 3217 ¹quae
1410 3148 1477 3203 in¹
1510 3148 1629 3200 :vita
1674 3150 1948 3204 communi

245 3230 508 3291 tanquam
559 3241 819 3294 expressa
866 3230 1190 3287 cernantur,
1234 3226 1381 3273 recte
1428 3218 1732 3291 intelligere
1783 3229 1948 3290 atque

246 3293 493 3347 iudicare
549 3292 763 3347 doceat.
850 3293 1070 3346 Etenim
1123 3290 1386 3347 iustitiam
1419 3290 1692 3360 plerique
1758 3308 1945 3346 omnes

247 3365 506 3419 volebant
538 3365 596 3418 in
634 3385 698 3419 eo
738 3383 855 3419 esse
891 3364 1157 3433 positam,
1209 3368 1271 3415 ut
1319 3363 1725 3432 suum'cuique
1774 3363 1947 3416 tribu-

249 3443 458 3503 eretur,
503 3435 636 3490 nihil
675 3436 829 3489 alteri
868 3435 1243 3488 detraheretur
1287 3442 1380 3486 aut
1419 3432 1750 3497 debereturi
1774 3453 1947 3503 quan-
