2106 3594
271 151 413 206 LVI

269 292 382 352 suis
411 291 584 363 ipsius
613 289 856 344 consiliis
880 287 1181 359 prudenter
1207 285 1719 342 accommodaverit.
1792 286 1972 340 Nimi-

266 383 387 417 rum
424 362 585 416 finxit
623 361 848 430 quidem¹
883 359 1100 430 philoso
1142 359 1246 414 hus
1282 360 1339 412 in
1376 360 1530 414 libris
1569 357 1640 411 de
1664 357 1974 428 Republica

269 434 434 487 talem
473 433 780 501 civitatem,
809 432 987 500 qualis
1026 433 1083 484 in
1157 431 1202 484 is
1226 432 1386 484 terris
1417 449 1685 499 nusquam
1709 429 1973 497 reperire-

268 513 360 559 tur
397 511 467 571 (v,
504 503 602 558 lX.
640 523 693 573 p.
736 504 857 557 592.
897 502 1020 557 coll.
1054 503 1112 555 ll.
1150 522 1203 572 p.
1241 505 1363 557 376.
1402 502 1477 556 D.
1517 502 1590 555 V.
1614 521 1669 571 p.
1692 502 1816 552 472.
1855 500 1975 568 Α.).

268 576 417 630 Nam
465 573 924 644 quemadmodum
983 574 1178 644 aliquis
1224 573 1445 626 virtutis
1483 573 1760 642 perfectae
1809 570 1976 623 intui-

270 655 359 700 tus
399 645 640 716 speciem
677 645 867 717 optimi
913 644 1147 700 hominis
1194 645 1451 698 informet
1487 643 1800 714 imaginem,
1841 659 1978 710 qua-

269 717 377 771 lem
424 715 608 770 nullus
655 735 886 786 usquam
925 716 1166 770 mortalis
1214 716 1433 786 penitus
1470 715 1696 778 referat3
1745 713 1979 783 ita'ipse

270 807 329 843 se
377 787 670 858 profitetur
719 788 958 859 optimae
1004 787 1242 842 civitatis
1280 786 1586 856 exemplum
1644 784 1980 853 depinxisse,

268 870 334 913 ut
380 858 693 912 ostenderet
736 878 801 912 ac
848 858 1213 930 patefaceret,
1264 858 1399 927 quid
1447 857 1679 909 maxime
1729 854 1801 907 ad
1849 855 1982 908 civi-

271 929 401 983 tatis
449 930 840 1001 perfectionem
895 949 959 984 ac
1009 930 1327 983 felicitatem
1379 927 1714 985 conduceret
1763 926 1840 995 (v.
1894 926 1983 978 De

269 1001 409 1073 Rep.
447 1001 519 1055 V.
557 1020 612 1071 p.
648 1003 771 1055 472.
810 1001 988 1074 Legg.
1027 1002 1099 1055 V.
1139 1021 1190 1071 p.
1243 1002 1363 1054 739.
1405 1000 1473 1052 E.
1497 1000 1540 1067 ).
1615 996 1985 1051 Nihilominus

270 1091 402 1127 vero
456 1091 600 1141 quae
652 1071 724 1125 ad
774 1073 923 1125 illam
945 1071 1321 1126 adornandam
1360 1089 1501 1140 opus
1536 1069 1874 1136 viderentur,
1915 1086 1986 1121 ex

271 1144 394 1215 ipsa
446 1142 730 1196 hominum
777 1145 894 1197 vita
939 1145 1191 1215 repetiit,
1245 1144 1293 1197 si
1344 1161 1483 1211 quae
1523 1147 1880 1211 suppeterent
1915 1138 1985 1192 ad

273 1234 391 1268 eam
441 1233 557 1281 rem
616 1215 750 1269 satis
801 1214 1016 1270 idonea.
1106 1214 1232 1282 Quo
1282 1213 1514 1267 consilio
1565 1231 1732 1281 quum
1769 1217 1988 1280 praeter

271 1286 692 1358 peregrinorum
730 1286 1075 1355 quorundam
1112 1285 1442 1357 populorum
1463 1284 1719 1337 instituta
1748 1281 1988 1335 omnium

274 1357 495 1412 omnino
547 1354 887 1411 Graecorum
954 1358 1106 1429 leges
1161 1365 1217 1410 et
1261 1374 1440 1410 mores
1486 1353 1885 1425 pervestigavit
1934 1359 1990 1406 et

273 1435 649 1499 perscrutatus
701 1436 814 1497 est,
871 1437 988 1482 tum
1025 1428 1289 1499 imprimis
1329 1426 1676 1480 Cretensium
1715 1443 1778 1479 ac
1818 1423 1857 1478 S
1902 1443 1988 1476 ar-

278 1509 526 1552 tanorum
612 1499 864 1553 civitates
952 1500 1264 1552 accuratius
1351 1516 1684 1567 cognoscere
1758 1445 1988 1549 stud3uit.

275 1569 499 1624 Etenim
541 1577 733 1641 gentes
773 1571 1076 1624 Dorienses
1128 1589 1296 1640 quum
1346 1569 1549 1621 maiore
1588 1566 1826 1636 quadam
1864 1586 1989 1638 gra-

275 1643 450 1695 vitate
500 1649 666 1710 atque
714 1642 1006 1695 severitate
1046 1640 1406 1708 excellerent,
1462 1647 1580 1693 tum
1618 1639 1782 1692 etiam
1820 1637 1991 1692 bona-

276 1733 398 1766 rum
457 1712 642 1784 legum
702 1721 756 1766 et
817 1714 1191 1767 institutorum
1266 1711 1582 1782 diciplinam
1651 1709 1992 1764 constantius

278 1791 648 1838 servaverant.
739 1784 832 1837 Ab
872 1784 957 1838 his
999 1784 1171 1856 igitur
1206 1783 1264 1836 in
1302 1781 1591 1836 condenda
1629 1781 1851 1834 civitate
1892 1798 1993 1834 sua

278 1854 501 1926 repetiit
537 1873 649 1907 non
681 1873 889 1925 pauca,
930 1875 1070 1925 quae
1109 1853 1337 1908 consilio
1377 1871 1478 1907 suo
1516 1851 1833 1906 viderentur
1870 1869 1991 1904 esse

267 1925 682 1994 'convenientia,
724 1927 982 1995 quoniam
1019 1926 1271 1981 civitates
1311 1943 1497 1978 eorum
1534 1925 1764 1995 propius
1803 1942 1835 1976 a
1870 1941 1994 1994 per-

281 1997 519 2051 fectione
571 1997 830 2053 abessent
878 2017 1042 2068 quam
1080 2004 1328 2064 ceterae,
1377 1996 1508 2049 licet
1544 2009 1599 2048 et
1634 1996 1786 2066 ipsae
1822 1994 1993 2065 pluri-

279 2088 427 2122 mum
474 2067 603 2120 mali
649 2068 809 2122 bonis
855 2068 1154 2122 admixtum
1211 2068 1477 2122 haberent
1525 2067 1710 2137 (Reip.
1760 2065 1893 2119 Vlll.
1939 2085 1992 2147 p.

282 2140 405 2192 547.
464 2140 584 2192 548.
637 2139 727 2209 C.)
769 2141 841 2210 ³¹⁶).
933 2139 1263 2208 Quanquam
1323 2157 1424 2191 nec
1482 2139 1694 2209 sprevit
1753 2137 1994 2190 civitatls

282 2210 642 2265 Atheniensis
681 2211 845 2280 bona,
886 2230 1051 2280 quam
1086 2219 1268 2263 tamen
1295 2229 1464 2279 quum
1488 2211 1725 2263 virorum
1753 2207 1994 2261 civilium

283 2290 402 2336 tum
448 2281 816 2352 sophistarum
877 2290 932 2335 et
989 2290 1284 2349 oratorum,
1335 2288 1453 2333 tum
1502 2281 1664 2337 etiam
1714 2279 1995 2351 popularis

284 2353 563 2425 regiminis
614 2354 823 2407 artibus
882 2353 1079 2407 misere
1139 2359 1452 2422 corruptam
1512 2371 1577 2406 ac
1641 2349 1996 2421 depravatam

286 2443 407 2478 esse
457 2425 686 2479 censuit.
773 2423 938 2478 Certe
988 2423 1209 2494 quidem
1264 2423 1644 2477 educationem
1683 2430 1739 2475 et
1775 2421 1996 2475 institu-

286 2496 496 2548 tionem
534 2495 592 2547 in
630 2514 694 2548 ea
729 2496 989 2549 usitatam
1028 2496 1193 2549 talem
1233 2514 1352 2548 esse
1390 2495 1624 2566 putavit,
1666 2512 1774 2563 qua
1808 2491 1998 2545 melio-

286 2585 399 2619 rem
451 2566 545 2620 vix
591 2567 830 2637 reperire
868 2567 1077 2635 liceret,
1120 2587 1176 2620 v.
1217 2566 1379 2636 Reip.
1417 2567 1473 2619 ll.
1514 2587 1567 2638 p.
1606 2567 1728 2619 376.
1765 2563 1835 2617 E.
1873 2582 1996 2633 sqq.

281 2657 383 2690 nec
435 2656 565 2691 vero
618 2638 724 2691 alia
769 2639 916 2691 illius
966 2639 1216 2692 instituta
1250 2637 1468 2691 videtur
1503 2636 1832 2710 neglexisse,
1868 2634 2000 2687 licet

286 2708 508 2762 omnino
549 2710 809 2779 optimam
848 2710 1126 2763 civitatem
1166 2728 1320 2762 suam
1354 2708 1774 2762 Atheniensium
1813 2705 1998 2758 demo-

286 2780 493 2833 cratiae
546 2780 771 2852 eiusque
809 2782 1093 2849 licentiae,
1151 2801 1310 2851 quam
1374 2781 1527 2834 iuxta
1576 2798 1699 2832 cum
1750 2776 1997 2846 plurimis

285 2851 407 2905 aliis
448 2850 792 2924 philosophis
830 2852 992 2907 valde
1031 2852 1272 2920 odisset,
1313 2851 1638 2923 opposuisse
1682 2849 1997 2902 existiman-

372 3139 418 3191 *)
459 3139 527 3179 De
578 3138 878 3179 fundamentis
921 3139 1114 3178 civitatis
1161 3134 1414 3177 Platonicae
1456 3136 1680 3176 historicis
1720 3137 1848 3176 docte
1880 3148 1995 3176 com-

455 3198 638 3238 mentati
675 3199 777 3236 sunt
806 3195 1238 3248 Morgenstern.
1283 3194 1527 3234 Comment.
1573 3194 1626 3233 de
1662 3194 1834 3235 Platon.
1868 3206 1995 3246 repu-

459 3255 575 3294 blica
617 3267 658 3306 p.
698 3251 799 3296 305.
833 3266 929 3306 sqq.
964 3259 1007 3294 et
1039 3252 1087 3295 C.
1122 3252 1206 3294 Fr.
1241 3252 1540 3292 Hermann.
1586 3252 1860 3292 Vermischte
1904 3252 1996 3291 Ab·

458 3311 743 3364 handlungen
782 3315 864 3354 etc.
910 3324 937 3362 p
994 3311 1094 3354 132.
1136 3323 1226 3362 sqq.
1303 3308 1398 3348 Nec
1443 3309 1766 3361 Aegyptiorum
1795 3310 1996 3350 instituta

461 3382 487 3410 a
518 3369 707 3411 Platone
742 3369 936 3421 neglect-a
971 3369 1111 3411 videri
1145 3370 1230 3408 iam
1264 3380 1396 3419 supra
1427 3367 1831 3410 animadvertimus.
