<?xml version="1.0" encoding="UTF-8"?>
<!DOCTYPE html PUBLIC "-//W3C//DTD XHTML 1.0 Transitional//EN"
    "http://www.w3.org/TR/xhtml1/DTD/xhtml1-transitional.dtd">
<html xmlns="http://www.w3.org/1999/xhtml" xml:lang="en" lang="en">
 <head>
  <title>
</title>
<meta http-equiv="Content-Type" content="text/html;charset=utf-8" />
  <meta name='ocr-system' content='tesseract 3.04.00' />
  <meta name='ocr-capabilities' content='ocr_page ocr_carea ocr_par ocr_line ocrx_word'/>
</head>
<body>
  <div class='ocr_page' id='page_1' title='image "./operaomniarecens03platuoft_0039.png"; bbox 0 0 2106 3594; ppageno 0'>
   <div class='ocr_carea' id='block_1_1' title="bbox 1563 139 1834 195">
    <p class='ocr_par' dir='ltr' id='par_1_1' title="bbox 1563 139 1834 195">
     <span class='ocr_line' id='line_1_1' title="bbox 1563 139 1834 195; baseline -0.007 -1"><span class='ocrx_word' id='word_1_1' title='bbox 1563 139 1834 195; x_wconf 80' lang='lat' dir='ltr'>XXXIII</span> 
     </span>
    </p>
   </div>
   <div class='ocr_carea' id='block_1_2' title="bbox 121 280 1835 785">
    <p class='ocr_par' dir='ltr' id='par_1_2' title="bbox 121 280 1835 785">
     <span class='ocr_line' id='line_1_2' title="bbox 124 280 1832 358; baseline -0.002 -21"><span class='ocrx_word' id='word_1_2' title='bbox 124 296 327 358; x_wconf 77' lang='grc' dir='ltr'><em>κρατία</em></span> <span class='ocrx_word' id='word_1_3' title='bbox 355 285 688 354; x_wconf 20' lang='lat' dir='ltr'>autem-:sive</span> <span class='ocrx_word' id='word_1_4' title='bbox 737 283 1007 352; x_wconf 83' lang='lat' dir='ltr'>optima</span> <span class='ocrx_word' id='word_1_5' title='bbox 1044 280 1456 352; x_wconf 78' lang='lat' dir='ltr'>respublica</span> <span class='ocrx_word' id='word_1_6' title='bbox 1495 289 1648 345; x_wconf 80' lang='lat' dir='ltr'>tanta</span> <span class='ocrx_word' id='word_1_7' title='bbox 1685 302 1832 335; x_wconf 86' lang='lat' dir='ltr'>com-</span> 
     </span>
     <span class='ocr_line' id='line_1_3' title="bbox 125 351 1834 427; baseline -0.003 -15"><span class='ocrx_word' id='word_1_8' title='bbox 125 357 290 412; x_wconf 83' lang='lat' dir='ltr'>moda</span> <span class='ocrx_word' id='word_1_9' title='bbox 326 366 491 427; x_wconf 82' lang='lat' dir='ltr'>atque</span> <span class='ocrx_word' id='word_1_10' title='bbox 530 357 676 409; x_wconf 88' lang='lat' dir='ltr'>bona</span> <span class='ocrx_word' id='word_1_11' title='bbox 712 353 925 407; x_wconf 87' lang='lat' dir='ltr'>civibus</span> <span class='ocrx_word' id='word_1_12' title='bbox 964 351 1156 422; x_wconf 78' lang='lat' dir='ltr'>affert,</span> <span class='ocrx_word' id='word_1_13' title='bbox 1208 364 1413 422; x_wconf 80' lang='lat' dir='ltr'>quanta</span> <span class='ocrx_word' id='word_1_14' title='bbox 1463 353 1700 406; x_wconf 74' lang='lat' dir='ltr'>maxima</span> <span class='ocrx_word' id='word_1_15' title='bbox 1738 353 1834 407; x_wconf 82' lang='lat' dir='ltr'>ho·</span> 
     </span>
     <span class='ocr_line' id='line_1_4' title="bbox 124 423 1832 501; baseline -0.005 -16"><span class='ocrx_word' id='word_1_16' title='bbox 124 431 363 485; x_wconf 80' lang='lat' dir='ltr'>minibus</span> <span class='ocrx_word' id='word_1_17' title='bbox 414 447 515 501; x_wconf 87' lang='lat' dir='ltr'>per</span> <span class='ocrx_word' id='word_1_18' title='bbox 567 426 781 479; x_wconf 86' lang='lat' dir='ltr'>civilem</span> <span class='ocrx_word' id='word_1_19' title='bbox 834 424 1156 478; x_wconf 88' lang='lat' dir='ltr'>societatem</span> <span class='ocrx_word' id='word_1_20' title='bbox 1203 431 1443 495; x_wconf 84' lang='lat' dir='ltr'>possunt</span> <span class='ocrx_word' id='word_1_21' title='bbox 1495 423 1832 498; x_wconf 83' lang='lat' dir='ltr'>contingere.</span> 
     </span>
     <span class='ocr_line' id='line_1_5' title="bbox 125 494 1834 567; baseline -0.004 -12"><span class='ocrx_word' id='word_1_22' title='bbox 125 502 456 555; x_wconf 87' lang='lat' dir='ltr'>Dominatur</span> <span class='ocrx_word' id='word_1_23' title='bbox 505 499 648 556; x_wconf 89' lang='lat' dir='ltr'>enim</span> <span class='ocrx_word' id='word_1_24' title='bbox 698 495 908 551; x_wconf 85' lang='lat' dir='ltr'>iustitia</span> <span class='ocrx_word' id='word_1_25' title='bbox 953 495 1075 567; x_wconf 87' lang='lat' dir='ltr'>lege</span> <span class='ocrx_word' id='word_1_26' title='bbox 1126 494 1313 550; x_wconf 86' lang='lat' dir='ltr'>divina</span> <span class='ocrx_word' id='word_1_27' title='bbox 1362 505 1631 566; x_wconf 86' lang='lat' dir='ltr'>perpetuo</span> <span class='ocrx_word' id='word_1_28' title='bbox 1667 497 1834 551; x_wconf 85' lang='lat' dir='ltr'>etiam</span> 
     </span>
     <span class='ocr_line' id='line_1_6' title="bbox 123 567 1835 646; baseline -0.003 -19"><span class='ocrx_word' id='word_1_29' title='bbox 123 593 220 646; x_wconf 84' lang='lat' dir='ltr'>per</span> <span class='ocrx_word' id='word_1_30' title='bbox 272 580 445 627; x_wconf 87' lang='lat' dir='ltr'>totam</span> <span class='ocrx_word' id='word_1_31' title='bbox 493 589 678 624; x_wconf 87' lang='lat' dir='ltr'>rerum</span> <span class='ocrx_word' id='word_1_32' title='bbox 727 567 1181 635; x_wconf 82' lang='lat' dir='ltr'>universitatem,</span> <span class='ocrx_word' id='word_1_33' title='bbox 1231 576 1294 621; x_wconf 88' lang='lat' dir='ltr'>ut</span> <span class='ocrx_word' id='word_1_34' title='bbox 1332 567 1631 640; x_wconf 82' lang='lat' dir='ltr'>iniustitiae</span> <span class='ocrx_word' id='word_1_35' title='bbox 1671 569 1835 636; x_wconf 80' lang='lat' dir='ltr'>etiam</span> 
     </span>
     <span class='ocr_line' id='line_1_7' title="bbox 122 637 1834 717; baseline -0.003 -18"><span class='ocrx_word' id='word_1_36' title='bbox 122 652 251 717; x_wconf 88' lang='lat' dir='ltr'>post</span> <span class='ocrx_word' id='word_1_37' title='bbox 301 642 469 697; x_wconf 83' lang='lat' dir='ltr'>vitam</span> <span class='ocrx_word' id='word_1_38' title='bbox 523 640 807 695; x_wconf 80' lang='lat' dir='ltr'><strong>mortalem</strong></span> <span class='ocrx_word' id='word_1_39' title='bbox 848 639 993 693; x_wconf 88' lang='lat' dir='ltr'>vices</span> <span class='ocrx_word' id='word_1_40' title='bbox 1029 637 1365 710; x_wconf 75' lang='lat' dir='ltr'>rependiac</span> <span class='ocrx_word' id='word_1_41' title='bbox 1401 638 1644 709; x_wconf 86' lang='lat' dir='ltr'>persolvi</span> <span class='ocrx_word' id='word_1_42' title='bbox 1700 659 1834 695; x_wconf 88' lang='lat' dir='ltr'>con-</span> 
     </span>
     <span class='ocr_line' id='line_1_8' title="bbox 121 713 1244 785; baseline -0.006 -15"><span class='ocrx_word' id='word_1_43' title='bbox 121 730 442 785; x_wconf 74' lang='lat' dir='ltr'>sentaneum</span> <span class='ocrx_word' id='word_1_44' title='bbox 479 713 555 768; x_wconf 89' lang='lat' dir='ltr'>sit</span> <span class='ocrx_word' id='word_1_45' title='bbox 588 713 660 783; x_wconf 78' lang='lat'>²⁸²).</span> <span class='ocrx_word' id='word_1_46' title='bbox 699 744 769 750; x_wconf 93' lang='lat'><strong>—</strong></span> <span class='ocrx_word' id='word_1_47' title='bbox 1241 734 1244 745; x_wconf 63' lang='lat'>¹</span> 
     </span>
    </p>
   </div>
   <div class='ocr_carea' id='block_1_3' title="bbox 102 809 1867 3181">
    <p class='ocr_par' dir='ltr' id='par_1_3' title="bbox 102 809 1867 3092">
     <span class='ocr_line' id='line_1_9' title="bbox 263 809 1834 886; baseline -0.004 -17"><span class='ocrx_word' id='word_1_48' title='bbox 263 815 357 869; x_wconf 51' lang='lat' dir='ltr'>En*</span> <span class='ocrx_word' id='word_1_49' title='bbox 389 809 561 886; x_wconf 87' lang='lat' dir='ltr'>igitur</span> <span class='ocrx_word' id='word_1_50' title='bbox 598 811 878 881; x_wconf 82' lang='lat' dir='ltr'>duplicem</span> <span class='ocrx_word' id='word_1_51' title='bbox 912 809 1219 882; x_wconf 84' lang='lat' dir='ltr'>imaginem·</span> <span class='ocrx_word' id='word_1_52' title='bbox 1245 828 1277 862; x_wconf 88' lang='lat' dir='ltr'>a</span> <span class='ocrx_word' id='word_1_53' title='bbox 1314 809 1547 862; x_wconf 86' lang='lat' dir='ltr'>Platone</span> <span class='ocrx_word' id='word_1_54' title='bbox 1585 809 1643 861; x_wconf 88' lang='lat' dir='ltr'>in</span> <span class='ocrx_word' id='word_1_55' title='bbox 1687 810 1834 863; x_wconf 89' lang='lat' dir='ltr'>Poli-</span> 
     </span>
     <span class='ocr_line' id='line_1_10' title="bbox 118 881 1835 959; baseline -0.005 -18"><span class='ocrx_word' id='word_1_56' title='bbox 118 889 199 941; x_wconf 85' lang='lat' dir='ltr'>tia</span> <span class='ocrx_word' id='word_1_57' title='bbox 232 887 602 959; x_wconf 80' lang='lat' dir='ltr'>propositam,</span> <span class='ocrx_word' id='word_1_58' title='bbox 652 883 879 936; x_wconf 86' lang='lat' dir='ltr'>alteram</span> <span class='ocrx_word' id='word_1_59' title='bbox 918 881 1154 936; x_wconf 89' lang='lat' dir='ltr'>hominis</span> <span class='ocrx_word' id='word_1_60' title='bbox 1169 897 1189 948; x_wconf 77' lang='lat'>,¹</span> <span class='ocrx_word' id='word_1_61' title='bbox 1237 881 1462 937; x_wconf 78' lang='lat' dir='ltr'>alteram</span> <span class='ocrx_word' id='word_1_62' title='bbox 1499 881 1835 951; x_wconf 85' lang='lat' dir='ltr'>reipublicae</span> 
     </span>
     <span class='ocr_line' id='line_1_11' title="bbox 118 952 1837 1026; baseline -0.005 -13"><span class='ocrx_word' id='word_1_63' title='bbox 118 960 206 1013; x_wconf 85' lang='lat' dir='ltr'>vel</span> <span class='ocrx_word' id='word_1_64' title='bbox 238 958 510 1026; x_wconf 84' lang='lat' dir='ltr'>civitatis,</span> <span class='ocrx_word' id='word_1_65' title='bbox 567 963 735 1025; x_wconf 87' lang='lat' dir='ltr'>atque</span> <span class='ocrx_word' id='word_1_66' title='bbox 769 953 934 1008; x_wconf 89' lang='lat' dir='ltr'>simul</span> <span class='ocrx_word' id='word_1_67' title='bbox 971 953 1301 1023; x_wconf 80' lang='lat' dir='ltr'><strong>exquisitam</strong></span> <span class='ocrx_word' id='word_1_68' title='bbox 1353 953 1460 1004; x_wconf 91' lang='lat' dir='ltr'>vim</span> <span class='ocrx_word' id='word_1_69' title='bbox 1498 952 1743 1006; x_wconf 87' lang='lat' dir='ltr'>iustitiae</span> <span class='ocrx_word' id='word_1_70' title='bbox 1781 962 1837 1006; x_wconf 77' lang='lat' dir='ltr'>et</span> 
     </span>
     <span class='ocr_line' id='line_1_12' title="bbox 118 1024 1836 1098; baseline -0.004 -14"><span class='ocrx_word' id='word_1_71' title='bbox 118 1031 440 1084; x_wconf 86' lang='lat' dir='ltr'>iniustitiae.</span> <span class='ocrx_word' id='word_1_72' title='bbox 528 1027 680 1096; x_wconf 77' lang='lat' dir='ltr'>Quid</span> <span class='ocrx_word' id='word_1_73' title='bbox 713 1024 920 1098; x_wconf 82' lang='lat' dir='ltr'>igitur?</span> <span class='ocrx_word' id='word_1_74' title='bbox 947 1042 1101 1077; x_wconf 72' lang='lat' dir='ltr'>&#39;num</span> <span class='ocrx_word' id='word_1_75' title='bbox 1159 1024 1351 1077; x_wconf 87' lang='lat' dir='ltr'>horum</span> <span class='ocrx_word' id='word_1_76' title='bbox 1401 1043 1571 1076; x_wconf 87' lang='lat' dir='ltr'>unum</span> <span class='ocrx_word' id='word_1_77' title='bbox 1622 1033 1836 1077; x_wconf 83' lang='lat' dir='ltr'>tantum</span> 
     </span>
     <span class='ocr_line' id='line_1_13' title="bbox 119 1095 1835 1174; baseline -0.003 -18"><span class='ocrx_word' id='word_1_78' title='bbox 119 1103 415 1174; x_wconf 79' lang='lat' dir='ltr'>praecipue</span> <span class='ocrx_word' id='word_1_79' title='bbox 453 1119 520 1155; x_wconf 88' lang='lat' dir='ltr'>ac</span> <span class='ocrx_word' id='word_1_80' title='bbox 565 1118 670 1170; x_wconf 87' lang='lat' dir='ltr'>per</span> <span class='ocrx_word' id='word_1_81' title='bbox 705 1117 764 1152; x_wconf 88' lang='lat' dir='ltr'>se</span> <span class='ocrx_word' id='word_1_82' title='bbox 811 1097 1059 1151; x_wconf 82' lang='lat' dir='ltr'>seorsum</span> <span class='ocrx_word' id='word_1_83' title='bbox 1098 1095 1458 1168; x_wconf 87' lang='lat' dir='ltr'>spectandum</span> <span class='ocrx_word' id='word_1_84' title='bbox 1496 1096 1835 1166; x_wconf 78' lang='lat' dir='ltr'>putabinmS,</span> 
     </span>
     <span class='ocr_line' id='line_1_14' title="bbox 118 1166 1837 1239; baseline -0.004 -12"><span class='ocrx_word' id='word_1_85' title='bbox 118 1176 295 1228; x_wconf 84' lang='lat' dir='ltr'>itaut</span> <span class='ocrx_word' id='word_1_86' title='bbox 331 1181 429 1226; x_wconf 89' lang='lat' dir='ltr'>aut</span> <span class='ocrx_word' id='word_1_87' title='bbox 463 1171 731 1225; x_wconf 87' lang='lat' dir='ltr'>iustitiam</span> <span class='ocrx_word' id='word_1_88' title='bbox 779 1177 836 1222; x_wconf 85' lang='lat' dir='ltr'>et</span> <span class='ocrx_word' id='word_1_89' title='bbox 872 1168 1140 1238; x_wconf 86' lang='lat' dir='ltr'>optimum</span> <span class='ocrx_word' id='word_1_90' title='bbox 1178 1166 1487 1236; x_wconf 84' lang='lat' dir='ltr'>hominem,</span> <span class='ocrx_word' id='word_1_91' title='bbox 1537 1176 1631 1221; x_wconf 87' lang='lat' dir='ltr'>aut</span> <span class='ocrx_word' id='word_1_92' title='bbox 1678 1187 1837 1239; x_wconf 88' lang='lat' dir='ltr'>prae—</span> 
     </span>
     <span class='ocr_line' id='line_1_15' title="bbox 117 1238 1835 1315; baseline -0.004 -16"><span class='ocrx_word' id='word_1_93' title='bbox 117 1243 510 1315; x_wconf 81' lang='lat' dir='ltr'>stantissimam</span> <span class='ocrx_word' id='word_1_94' title='bbox 563 1243 842 1296; x_wconf 88' lang='lat' dir='ltr'>civitatem</span> <span class='ocrx_word' id='word_1_95' title='bbox 890 1238 1027 1292; x_wconf 87' lang='lat' dir='ltr'>illud</span> <span class='ocrx_word' id='word_1_96' title='bbox 1065 1257 1186 1293; x_wconf 89' lang='lat' dir='ltr'>esse</span> <span class='ocrx_word' id='word_1_97' title='bbox 1226 1239 1579 1307; x_wconf 73' lang='lat' dir='ltr'>arbitremur,</span> <span class='ocrx_word' id='word_1_98' title='bbox 1631 1240 1688 1292; x_wconf 91' lang='lat' dir='ltr'>in</span> <span class='ocrx_word' id='word_1_99' title='bbox 1727 1259 1835 1310; x_wconf 91' lang='lat' dir='ltr'>quo</span> 
     </span>
     <span class='ocr_line' id='line_1_16' title="bbox 120 1310 1838 1389; baseline -0.003 -19"><span class='ocrx_word' id='word_1_100' title='bbox 120 1316 457 1389; x_wconf 73' lang='lat' dir='ltr'>quaestionis</span> <span class='ocrx_word' id='word_1_101' title='bbox 503 1323 779 1383; x_wconf 79' lang='lat' dir='ltr'>&#39;tanquam</span> <span class='ocrx_word' id='word_1_102' title='bbox 837 1310 1007 1366; x_wconf 85' lang='lat' dir='ltr'>cardo</span> <span class='ocrx_word' id='word_1_103' title='bbox 1041 1318 1334 1377; x_wconf 37' lang='lat' dir='ltr'>«vertatur,</span> <span class='ocrx_word' id='word_1_104' title='bbox 1394 1311 1606 1380; x_wconf 86' lang='lat' dir='ltr'>reliqua</span> <span class='ocrx_word' id='word_1_105' title='bbox 1657 1313 1838 1364; x_wconf 82' lang='lat' dir='ltr'>omnia</span> 
     </span>
     <span class='ocr_line' id='line_1_17' title="bbox 105 1382 1838 1459; baseline -0.004 -16"><span class='ocrx_word' id='word_1_106' title='bbox 105 1386 231 1443; x_wconf 78' lang='lat' dir='ltr'>‘non</span> <span class='ocrx_word' id='word_1_107' title='bbox 266 1387 515 1459; x_wconf 53' lang='lat' dir='ltr'>⁴adrem</span> <span class='ocrx_word' id='word_1_108' title='bbox 569 1385 881 1458; x_wconf 88' lang='lat' dir='ltr'>primariam</span> <span class='ocrx_word' id='word_1_109' title='bbox 929 1383 1237 1453; x_wconf 84' lang='lat' dir='ltr'>pertinere,</span> <span class='ocrx_word' id='word_1_110' title='bbox 1278 1382 1376 1436; x_wconf 87' lang='lat' dir='ltr'>sed</span> <span class='ocrx_word' id='word_1_111' title='bbox 1415 1383 1572 1452; x_wconf 80' lang='lat' dir='ltr'>quasi</span> <span class='ocrx_word' id='word_1_112' title='bbox 1611 1394 1838 1436; x_wconf 82' lang='lat' dir='ltr'>ornatus</span> 
     </span>
     <span class='ocr_line' id='line_1_18' title="bbox 122 1453 1837 1528; baseline -0.004 -14"><span class='ocrx_word' id='word_1_113' title='bbox 122 1477 322 1515; x_wconf 77' lang='lat' dir='ltr'>caussa</span> <span class='ocrx_word' id='word_1_114' title='bbox 357 1459 575 1513; x_wconf 86' lang='lat' dir='ltr'>adiecta</span> <span class='ocrx_word' id='word_1_115' title='bbox 621 1472 745 1511; x_wconf 81' lang='lat' dir='ltr'>esse</span> <span class='ocrx_word' id='word_1_116' title='bbox 791 1453 1086 1528; x_wconf 81' lang='lat' dir='ltr'>putemus?</span> <span class='ocrx_word' id='word_1_117' title='bbox 1165 1454 1434 1512; x_wconf 83' lang='lat' dir='ltr'>Nimirum</span> <span class='ocrx_word' id='word_1_118' title='bbox 1473 1473 1575 1507; x_wconf 85' lang='lat' dir='ltr'>nos</span> <span class='ocrx_word' id='word_1_119' title='bbox 1617 1454 1837 1524; x_wconf 88' lang='lat' dir='ltr'>quidem</span> 
     </span>
     <span class='ocr_line' id='line_1_19' title="bbox 118 1525 1867 1602; baseline -0.003 -17"><span class='ocrx_word' id='word_1_120' title='bbox 118 1533 168 1585; x_wconf 80' lang='lat' dir='ltr'>si</span> <span class='ocrx_word' id='word_1_121' title='bbox 199 1530 341 1602; x_wconf 81' lang='lat' dir='ltr'>quid</span> <span class='ocrx_word' id='word_1_122' title='bbox 376 1531 621 1585; x_wconf 86' lang='lat' dir='ltr'>iudicare</span> <span class='ocrx_word' id='word_1_123' title='bbox 656 1545 970 1600; x_wconf 70' lang='lat' dir='ltr'>possiunus,</span> <span class='ocrx_word' id='word_1_124' title='bbox 1008 1525 1193 1596; x_wconf 78' lang='lat' dir='ltr'>potius</span> <span class='ocrx_word' id='word_1_125' title='bbox 1228 1526 1310 1578; x_wconf 87' lang='lat' dir='ltr'>ita</span> <span class='ocrx_word' id='word_1_126' title='bbox 1343 1525 1694 1579; x_wconf 84' lang='lat' dir='ltr'>statuendum</span> <span class='ocrx_word' id='word_1_127' title='bbox 1732 1535 1836 1594; x_wconf 84' lang='lat' dir='ltr'>est,</span> <span class='ocrx_word' id='word_1_128' title='bbox 1864 1534 1867 1539; x_wconf 83' lang='grc'><strong>’</strong></span> 
     </span>
     <span class='ocr_line' id='line_1_20' title="bbox 123 1597 1836 1669; baseline -0.005 -11"><span class='ocrx_word' id='word_1_129' title='bbox 123 1613 186 1658; x_wconf 86' lang='lat' dir='ltr'>ut</span> <span class='ocrx_word' id='word_1_130' title='bbox 257 1603 442 1656; x_wconf 89' lang='lat' dir='ltr'>omnia</span> <span class='ocrx_word' id='word_1_131' title='bbox 504 1618 674 1655; x_wconf 89' lang='lat' dir='ltr'>unum</span> <span class='ocrx_word' id='word_1_132' title='bbox 724 1599 882 1669; x_wconf 87' lang='lat' dir='ltr'>quasi</span> <span class='ocrx_word' id='word_1_133' title='bbox 948 1616 1150 1668; x_wconf 88' lang='lat' dir='ltr'>corpus</span> <span class='ocrx_word' id='word_1_134' title='bbox 1218 1597 1489 1651; x_wconf 86' lang='lat' dir='ltr'>conficere</span> <span class='ocrx_word' id='word_1_135' title='bbox 1594 1605 1836 1667; x_wconf 86' lang='lat' dir='ltr'>utentur,</span> 
     </span>
     <span class='ocr_line' id='line_1_21' title="bbox 121 1618 1838 1746; baseline -0.004 -17"><span class='ocrx_word' id='word_1_136' title='bbox 121 1673 572 1746; x_wconf 84' lang='lat' dir='ltr'>quandoquidem</span> <span class='ocrx_word' id='word_1_137' title='bbox 609 1671 665 1724; x_wconf 86' lang='lat' dir='ltr'>id</span> <span class='ocrx_word' id='word_1_138' title='bbox 705 1690 737 1724; x_wconf 84' lang='lat' dir='ltr'>a</span> <span class='ocrx_word' id='word_1_139' title='bbox 777 1675 904 1739; x_wconf 84' lang='lat' dir='ltr'>itur,</span> <span class='ocrx_word' id='word_1_140' title='bbox 943 1676 1005 1722; x_wconf 85' lang='lat' dir='ltr'>ut</span> <span class='ocrx_word' id='word_1_141' title='bbox 1041 1682 1153 1721; x_wconf 84' lang='lat' dir='ltr'>una</span> <span class='ocrx_word' id='word_1_142' title='bbox 1198 1675 1462 1738; x_wconf 81' lang='lat' dir='ltr'>tauquam</span> <span class='ocrx_word' id='word_1_143' title='bbox 1496 1618 1686 1739; x_wconf 62' lang='lat' dir='ltr'>taEuIa</span> <span class='ocrx_word' id='word_1_144' title='bbox 1723 1689 1838 1723; x_wconf 86' lang='lat' dir='ltr'>om-</span> 
     </span>
     <span class='ocr_line' id='line_1_22' title="bbox 123 1741 1839 1815; baseline -0.003 -15"><span class='ocrx_word' id='word_1_145' title='bbox 123 1748 211 1800; x_wconf 90' lang='lat' dir='ltr'>nis</span> <span class='ocrx_word' id='word_1_146' title='bbox 261 1746 484 1799; x_wconf 89' lang='lat' dir='ltr'>omnino</span> <span class='ocrx_word' id='word_1_147' title='bbox 534 1745 680 1815; x_wconf 68' lang='lat' dir='ltr'>vitae</span> <span class='ocrx_word' id='word_1_148' title='bbox 779 1758 1008 1795; x_wconf 87' lang='lat' dir='ltr'>umanae</span> <span class='ocrx_word' id='word_1_149' title='bbox 1058 1741 1242 1812; x_wconf 83' lang='lat' dir='ltr'>imago</span> <span class='ocrx_word' id='word_1_150' title='bbox 1272 1742 1347 1793; x_wconf 80' lang='lat' dir='ltr'>&#39;vi</span> <span class='ocrx_word' id='word_1_151' title='bbox 1396 1741 1658 1812; x_wconf 82' lang='lat' dir='ltr'>iustitiae,</span> <span class='ocrx_word' id='word_1_152' title='bbox 1714 1741 1839 1794; x_wconf 87' lang='lat' dir='ltr'>idea</span> 
     </span>
     <span class='ocr_line' id='line_1_23' title="bbox 123 1806 1838 1884; baseline -0.005 -11"><span class='ocrx_word' id='word_1_153' title='bbox 123 1819 254 1873; x_wconf 74' lang='lat' dir='ltr'>boni</span> <span class='ocrx_word' id='word_1_154' title='bbox 282 1816 623 1881; x_wconf 79' lang='lat' dir='ltr'>moderante,</span> <span class='ocrx_word' id='word_1_155' title='bbox 662 1813 734 1867; x_wconf 85' lang='lat' dir='ltr'>ad</span> <span class='ocrx_word' id='word_1_156' title='bbox 773 1827 1035 1867; x_wconf 82' lang='lat' dir='ltr'>summam</span> <span class='ocrx_word' id='word_1_157' title='bbox 1075 1806 1431 1884; x_wconf 80' lang='lat' dir='ltr'>perfectionis</span> <span class='ocrx_word' id='word_1_158' title='bbox 1470 1819 1525 1864; x_wconf 91' lang='lat' dir='ltr'>et</span> <span class='ocrx_word' id='word_1_159' title='bbox 1561 1813 1838 1866; x_wconf 77' lang='lat' dir='ltr'>beatitatis</span> 
     </span>
     <span class='ocr_line' id='line_1_24' title="bbox 120 1882 1838 1958; baseline -0.003 -14"><span class='ocrx_word' id='word_1_160' title='bbox 120 1886 587 1944; x_wconf 72' lang='lat' dir='ltr'>laudem&#39;c&#39;vectac</span> <span class='ocrx_word' id='word_1_161' title='bbox 611 1893 968 1958; x_wconf 77' lang='lat' dir='ltr'>proponatur,</span> <span class='ocrx_word' id='word_1_162' title='bbox 1006 1882 1380 1935; x_wconf 87' lang='lat' dir='ltr'>demonstrato</span> <span class='ocrx_word' id='word_1_163' title='bbox 1418 1883 1838 1952; x_wconf 77' lang='lat' dir='ltr'>simul&#39;vitiosae</span> 
     </span>
     <span class='ocr_line' id='line_1_25' title="bbox 120 1953 1838 2032; baseline -0.004 -16"><span class='ocrx_word' id='word_1_164' title='bbox 120 1963 271 2032; x_wconf 69' lang='lat' dir='ltr'>vitae</span> <span class='ocrx_word' id='word_1_165' title='bbox 316 1960 520 2014; x_wconf 84' lang='lat' dir='ltr'>damno</span> <span class='ocrx_word' id='word_1_166' title='bbox 564 1967 621 2012; x_wconf 87' lang='lat' dir='ltr'>et</span> <span class='ocrx_word' id='word_1_167' title='bbox 658 1957 997 2011; x_wconf 79' lang='lat' dir='ltr'>infelicitate.</span> <span class='ocrx_word' id='word_1_168' title='bbox 1075 1953 1244 2023; x_wconf 81' lang='lat' dir='ltr'>Quod</span> <span class='ocrx_word' id='word_1_169' title='bbox 1302 1954 1524 2024; x_wconf 86' lang='lat' dir='ltr'>quidem</span> <span class='ocrx_word' id='word_1_170' title='bbox 1573 1956 1838 2027; x_wconf 87' lang='lat' dir='ltr'>imprimis</span> 
     </span>
     <span class='ocr_line' id='line_1_26' title="bbox 102 2026 1841 2103; baseline -0.005 -15"><span class='ocrx_word' id='word_1_171' title='bbox 102 2047 190 2087; x_wconf 62' lang='lat' dir='ltr'>ex</span> <span class='ocrx_word' id='word_1_172' title='bbox 238 2051 340 2100; x_wconf 89' lang='lat' dir='ltr'>ea,</span> <span class='ocrx_word' id='word_1_173' title='bbox 397 2049 538 2103; x_wconf 87' lang='lat' dir='ltr'>quae</span> <span class='ocrx_word' id='word_1_174' title='bbox 586 2031 741 2083; x_wconf 69' lang='lat' dir='ltr'>interr</span> <span class='ocrx_word' id='word_1_175' title='bbox 776 2028 1062 2082; x_wconf 71' lang='lat' dir='ltr'>vhominem</span> <span class='ocrx_word' id='word_1_176' title='bbox 1110 2035 1165 2080; x_wconf 90' lang='lat' dir='ltr'>et</span> <span class='ocrx_word' id='word_1_177' title='bbox 1219 2026 1515 2083; x_wconf 85' lang='lat' dir='ltr'>civitatem·</span> <span class='ocrx_word' id='word_1_178' title='bbox 1545 2027 1841 2082; x_wconf 82' lang='lat' dir='ltr'>intercedit</span> 
     </span>
     <span class='ocr_line' id='line_1_27' title="bbox 102 2097 1839 2159; baseline -0.003 0"><span class='ocrx_word' id='word_1_179' title='bbox 102 2101 513 2159; x_wconf 79' lang='lat' dir='ltr'>·ceniunctione</span> <span class='ocrx_word' id='word_1_180' title='bbox 562 2120 628 2155; x_wconf 89' lang='lat' dir='ltr'>ac</span> <span class='ocrx_word' id='word_1_181' title='bbox 690 2097 1097 2154; x_wconf 78' lang='lat' dir='ltr'>necessitudine</span> <span class='ocrx_word' id='word_1_182' title='bbox 1146 2098 1448 2152; x_wconf 86' lang='lat' dir='ltr'>clarissime</span> <span class='ocrx_word' id='word_1_183' title='bbox 1498 2099 1839 2154; x_wconf 86' lang='lat' dir='ltr'>intellectum</span> 
     </span>
     <span class='ocr_line' id='line_1_28' title="bbox 102 2171 1836 2249; baseline -0.003 -17"><span class='ocrx_word' id='word_1_184' title='bbox 102 2178 190 2231; x_wconf 77' lang='lat' dir='ltr'>-iri</span> <span class='ocrx_word' id='word_1_185' title='bbox 230 2171 543 2249; x_wconf 79' lang='lat' dir='ltr'>speramus,</span> <span class='ocrx_word' id='word_1_186' title='bbox 594 2171 890 2227; x_wconf 86' lang='lat' dir='ltr'>dummodo</span> <span class='ocrx_word' id='word_1_187' title='bbox 929 2189 995 2225; x_wconf 87' lang='lat' dir='ltr'>ea</span> <span class='ocrx_word' id='word_1_188' title='bbox 1030 2171 1341 2225; x_wconf 84' lang='lat' dir='ltr'>accuratius</span> <span class='ocrx_word' id='word_1_189' title='bbox 1378 2171 1546 2224; x_wconf 86' lang='lat' dir='ltr'>fuerit</span> <span class='ocrx_word' id='word_1_190' title='bbox 1582 2172 1836 2226; x_wconf 85' lang='lat' dir='ltr'>conside-</span> 
     </span>
     <span class='ocr_line' id='line_1_29' title="bbox 106 2241 1840 2315; baseline -0.003 -12"><span class='ocrx_word' id='word_1_191' title='bbox 106 2257 262 2303; x_wconf 14' lang='lat' dir='ltr'>‘eu-uta.</span> <span class='ocrx_word' id='word_1_192' title='bbox 341 2246 622 2315; x_wconf 84' lang='lat' dir='ltr'>Quocirca</span> <span class='ocrx_word' id='word_1_193' title='bbox 659 2241 923 2301; x_wconf 51' lang='lat' dir='ltr'>hocas-ooo</span> <span class='ocrx_word' id='word_1_194' title='bbox 976 2262 1088 2296; x_wconf 88' lang='lat' dir='ltr'>non</span> <span class='ocrx_word' id='word_1_195' title='bbox 1119 2242 1377 2302; x_wconf 28' lang='lat' dir='ltr'>alienum*</span> <span class='ocrx_word' id='word_1_196' title='bbox 1404 2243 1519 2296; x_wconf 74' lang='lat' dir='ltr'>erit</span> <span class='ocrx_word' id='word_1_197' title='bbox 1544 2242 1612 2297; x_wconf 90' lang='lat' dir='ltr'>de</span> <span class='ocrx_word' id='word_1_198' title='bbox 1649 2243 1840 2298; x_wconf 82' lang='lat' dir='ltr'>eadem</span> 
     </span>
     <span class='ocr_line' id='line_1_30' title="bbox 102 2314 1837 2393; baseline -0.003 -18"><span class='ocrx_word' id='word_1_199' title='bbox 102 2320 311 2393; x_wconf 60' lang='lat' dir='ltr'>paullo</span> <span class='ocrx_word' id='word_1_200' title='bbox 358 2319 679 2389; x_wconf 74' lang='lat' dir='ltr'>diligentius</span> <span class='ocrx_word' id='word_1_201' title='bbox 731 2334 1042 2387; x_wconf 70' lang='lat' dir='ltr'>exponere,</span> <span class='ocrx_word' id='word_1_202' title='bbox 1101 2315 1147 2368; x_wconf 88' lang='lat' dir='ltr'>si</span> <span class='ocrx_word' id='word_1_203' title='bbox 1196 2315 1337 2368; x_wconf 87' lang='lat' dir='ltr'>forte</span> <span class='ocrx_word' id='word_1_204' title='bbox 1385 2315 1467 2368; x_wconf 75' lang='lat' dir='ltr'>i&#39;ta</span> <span class='ocrx_word' id='word_1_205' title='bbox 1496 2314 1614 2369; x_wconf 89' lang='lat' dir='ltr'>fieri</span> <span class='ocrx_word' id='word_1_206' title='bbox 1659 2316 1837 2384; x_wconf 79' lang='lat' dir='ltr'>&#39;ossit,</span> 
     </span>
     <span class='ocr_line' id='line_1_31' title="bbox 121 2383 1839 2464; baseline -0.003 -17"><span class='ocrx_word' id='word_1_207' title='bbox 121 2402 194 2464; x_wconf 31' lang='lat' dir='ltr'>ut·</span> <span class='ocrx_word' id='word_1_208' title='bbox 238 2401 431 2446; x_wconf 83' lang='lat' dir='ltr'>nostra</span> <span class='ocrx_word' id='word_1_209' title='bbox 483 2390 553 2444; x_wconf 89' lang='lat' dir='ltr'>de</span> <span class='ocrx_word' id='word_1_210' title='bbox 607 2389 844 2443; x_wconf 89' lang='lat' dir='ltr'>Politiae</span> <span class='ocrx_word' id='word_1_211' title='bbox 881 2394 1208 2459; x_wconf 85' lang='lat' dir='ltr'>argumento</span> <span class='ocrx_word' id='word_1_212' title='bbox 1247 2387 1520 2441; x_wconf 88' lang='lat' dir='ltr'>sententia</span> <span class='ocrx_word' id='word_1_213' title='bbox 1555 2383 1614 2440; x_wconf 78' lang='lat' dir='ltr'>in</span> <span class='ocrx_word' id='word_1_214' title='bbox 1656 2406 1686 2440; x_wconf 93' lang='lat' dir='ltr'>e</span> <span class='ocrx_word' id='word_1_215' title='bbox 1722 2407 1839 2442; x_wconf 89' lang='lat' dir='ltr'>cer-</span> 
     </span>
     <span class='ocr_line' id='line_1_32' title="bbox 124 2458 1838 2530; baseline -0.002 -12"><span class='ocrx_word' id='word_1_216' title='bbox 124 2464 237 2518; x_wconf 86' lang='lat' dir='ltr'>tius</span> <span class='ocrx_word' id='word_1_217' title='bbox 293 2462 665 2518; x_wconf 80' lang='lat' dir='ltr'>confirmetur.</span> <span class='ocrx_word' id='word_1_218' title='bbox 752 2459 859 2514; x_wconf 86' lang='lat' dir='ltr'>Est</span> <span class='ocrx_word' id='word_1_219' title='bbox 906 2459 1048 2512; x_wconf 88' lang='lat' dir='ltr'>enim</span> <span class='ocrx_word' id='word_1_220' title='bbox 1102 2458 1469 2530; x_wconf 91' lang='lat' dir='ltr'>philosophus</span> <span class='ocrx_word' id='word_1_221' title='bbox 1508 2460 1731 2513; x_wconf 90' lang='lat' dir='ltr'>omnino</span> <span class='ocrx_word' id='word_1_222' title='bbox 1770 2461 1838 2514; x_wconf 83' lang='lat' dir='ltr'>ab</span> 
     </span>
     <span class='ocr_line' id='line_1_33' title="bbox 124 2529 1840 2606; baseline -0.002 -18"><span class='ocrx_word' id='word_1_223' title='bbox 124 2554 191 2589; x_wconf 86' lang='lat' dir='ltr'>ea</span> <span class='ocrx_word' id='word_1_224' title='bbox 227 2535 510 2606; x_wconf 76' lang='lat' dir='ltr'>profectus</span> <span class='ocrx_word' id='word_1_225' title='bbox 565 2532 874 2601; x_wconf 87' lang='lat' dir='ltr'>sententia,</span> <span class='ocrx_word' id='word_1_226' title='bbox 925 2539 990 2584; x_wconf 92' lang='lat' dir='ltr'>ut</span> <span class='ocrx_word' id='word_1_227' title='bbox 1024 2529 1262 2584; x_wconf 87' lang='lat' dir='ltr'>hominis</span> <span class='ocrx_word' id='word_1_228' title='bbox 1298 2531 1693 2600; x_wconf 81' lang='lat' dir='ltr'>perfectionem</span> <span class='ocrx_word' id='word_1_229' title='bbox 1727 2551 1840 2586; x_wconf 89' lang='lat' dir='ltr'>non</span> 
     </span>
     <span class='ocr_line' id='line_1_34' title="bbox 124 2602 1836 2678; baseline -0.004 -16"><span class='ocrx_word' id='word_1_230' title='bbox 124 2626 236 2662; x_wconf 84' lang='lat' dir='ltr'>una</span> <span class='ocrx_word' id='word_1_231' title='bbox 285 2607 502 2678; x_wconf 80' lang='lat' dir='ltr'>privata</span> <span class='ocrx_word' id='word_1_232' title='bbox 549 2605 814 2673; x_wconf 87' lang='lat' dir='ltr'>cuiusque</span> <span class='ocrx_word' id='word_1_233' title='bbox 863 2603 980 2656; x_wconf 86' lang='lat' dir='ltr'>vita</span> <span class='ocrx_word' id='word_1_234' title='bbox 1024 2602 1305 2673; x_wconf 87' lang='lat' dir='ltr'>terminari</span> <span class='ocrx_word' id='word_1_235' title='bbox 1358 2602 1718 2672; x_wconf 86' lang='lat' dir='ltr'>iudicaverit,</span> <span class='ocrx_word' id='word_1_236' title='bbox 1769 2603 1836 2656; x_wconf 89' lang='lat' dir='ltr'>ad</span> 
     </span>
     <span class='ocr_line' id='line_1_35' title="bbox 126 2673 1839 2749; baseline -0.003 -16"><span class='ocrx_word' id='word_1_237' title='bbox 126 2696 292 2749; x_wconf 86' lang='lat' dir='ltr'>qnam</span> <span class='ocrx_word' id='word_1_238' title='bbox 343 2686 493 2732; x_wconf 81' lang='lat' dir='ltr'>certe</span> <span class='ocrx_word' id='word_1_239' title='bbox 541 2677 706 2730; x_wconf 83' lang='lat' dir='ltr'>etiam</span> <span class='ocrx_word' id='word_1_240' title='bbox 760 2674 937 2729; x_wconf 84' lang='lat' dir='ltr'>civilis</span> <span class='ocrx_word' id='word_1_241' title='bbox 989 2674 1272 2728; x_wconf 82' lang='lat' dir='ltr'>societatis</span> <span class='ocrx_word' id='word_1_242' title='bbox 1325 2673 1718 2727; x_wconf 85' lang='lat' dir='ltr'>humanitatem</span> <span class='ocrx_word' id='word_1_243' title='bbox 1754 2688 1839 2728; x_wconf 80' lang='lat' dir='ltr'>re·-</span> 
     </span>
     <span class='ocr_line' id='line_1_36' title="bbox 128 2746 1836 2833; baseline -0.003 -28"><span class='ocrx_word' id='word_1_244' title='bbox 128 2750 274 2822; x_wconf 70' lang='lat' dir='ltr'>qnini</span> <span class='ocrx_word' id='word_1_245' title='bbox 306 2750 412 2805; x_wconf 87' lang='lat' dir='ltr'>sibi</span> <span class='ocrx_word' id='word_1_246' title='bbox 450 2748 843 2833; x_wconf 82' lang='lat' dir='ltr'>persuasisset3</span> <span class='ocrx_word' id='word_1_247' title='bbox 884 2746 1164 2800; x_wconf 85' lang='lat' dir='ltr'>civitatem</span> <span class='ocrx_word' id='word_1_248' title='bbox 1203 2753 1387 2799; x_wconf 83' lang='lat' dir='ltr'>autem</span> <span class='ocrx_word' id='word_1_249' title='bbox 1416 2746 1573 2816; x_wconf 86' lang='lat' dir='ltr'>quasi</span> <span class='ocrx_word' id='word_1_250' title='bbox 1598 2746 1836 2820; x_wconf 86' lang='lat' dir='ltr'>effigiem</span> 
     </span>
     <span class='ocr_line' id='line_1_37' title="bbox 130 2814 1858 2895; baseline -0.003 -19"><span class='ocrx_word' id='word_1_251' title='bbox 130 2820 405 2893; x_wconf 76' lang='lat' dir='ltr'>quandam</span> <span class='ocrx_word' id='word_1_252' title='bbox 451 2822 627 2895; x_wconf 74' lang='lat' dir='ltr'>ipsius</span> <span class='ocrx_word' id='word_1_253' title='bbox 679 2817 913 2873; x_wconf 87' lang='lat' dir='ltr'>hominis</span> <span class='ocrx_word' id='word_1_254' title='bbox 973 2834 1095 2871; x_wconf 79' lang='lat' dir='ltr'>esse</span> <span class='ocrx_word' id='word_1_255' title='bbox 1157 2814 1358 2870; x_wconf 80' lang='lat' dir='ltr'>debore</span> <span class='ocrx_word' id='word_1_256' title='bbox 1415 2818 1723 2888; x_wconf 84' lang='lat' dir='ltr'>censuerit,</span> <span class='ocrx_word' id='word_1_257' title='bbox 1783 2817 1858 2871; x_wconf 72' lang='lat' dir='ltr'>in·</span> 
     </span>
     <span class='ocr_line' id='line_1_38' title="bbox 130 2885 1837 2963; baseline -0.004 -14"><span class='ocrx_word' id='word_1_258' title='bbox 130 2907 242 2963; x_wconf 76' lang='lat' dir='ltr'>qua</span> <span class='ocrx_word' id='word_1_259' title='bbox 288 2894 464 2948; x_wconf 83' lang='lat' dir='ltr'>virtus</span> <span class='ocrx_word' id='word_1_260' title='bbox 513 2894 751 2947; x_wconf 81' lang='lat' dir='ltr'>humana</span> <span class='ocrx_word' id='word_1_261' title='bbox 796 2898 952 2943; x_wconf 86' lang='lat' dir='ltr'>tanto</span> <span class='ocrx_word' id='word_1_262' title='bbox 1002 2887 1203 2942; x_wconf 81' lang='lat' dir='ltr'>clarius</span> <span class='ocrx_word' id='word_1_263' title='bbox 1250 2888 1579 2961; x_wconf 83' lang='lat' dir='ltr'>refulgeret,</span> <span class='ocrx_word' id='word_1_264' title='bbox 1629 2885 1837 2960; x_wconf 81' lang='lat' dir='ltr'>quanto</span> 
     </span>
     <span class='ocr_line' id='line_1_39' title="bbox 125 2960 1837 3092; baseline -0.004 -71"><span class='ocrx_word' id='word_1_265' title='bbox 125 2966 253 3092; x_wconf 46' lang='lat' dir='ltr'>{asa</span> <span class='ocrx_word' id='word_1_266' title='bbox 291 2974 451 3020; x_wconf 67' lang='lat' dir='ltr'>esset</span> <span class='ocrx_word' id='word_1_267' title='bbox 499 2985 609 3020; x_wconf 88' lang='lat' dir='ltr'>uno</span> <span class='ocrx_word' id='word_1_268' title='bbox 650 2963 868 3017; x_wconf 85' lang='lat' dir='ltr'>homine</span> <span class='ocrx_word' id='word_1_269' title='bbox 907 2960 1079 3015; x_wconf 77' lang='lat' dir='ltr'>maior</span> <span class='ocrx_word' id='word_1_270' title='bbox 1115 2966 1281 3030; x_wconf 81' lang='lat' dir='ltr'>atque</span> <span class='ocrx_word' id='word_1_271' title='bbox 1318 2960 1567 3035; x_wconf 82' lang='lat' dir='ltr'>amplior.</span> <span class='ocrx_word' id='word_1_272' title='bbox 1641 2963 1837 3034; x_wconf 81' lang='lat' dir='ltr'>Itaque</span> 
     </span>
    </p>

    <p class='ocr_par' dir='ltr' id='par_1_4' title="bbox 112 3031 1839 3181">
     <span class='ocr_line' id='line_1_40' title="bbox 208 3031 1839 3108; baseline -0.003 -17"><span class='ocrx_word' id='word_1_273' title='bbox 208 3037 291 3091; x_wconf 84' lang='lat' dir='ltr'>xit</span> <span class='ocrx_word' id='word_1_274' title='bbox 323 3037 515 3108; x_wconf 86' lang='lat' dir='ltr'>utique</span> <span class='ocrx_word' id='word_1_275' title='bbox 548 3036 818 3107; x_wconf 77' lang='lat' dir='ltr'>hominem</span> <span class='ocrx_word' id='word_1_276' title='bbox 858 3042 914 3086; x_wconf 83' lang='lat' dir='ltr'>et</span> <span class='ocrx_word' id='word_1_277' title='bbox 963 3031 1243 3086; x_wconf 84' lang='lat' dir='ltr'>civitatem</span> <span class='ocrx_word' id='word_1_278' title='bbox 1276 3031 1457 3105; x_wconf 43' lang='lat' dir='ltr'>*longe</span> <span class='ocrx_word' id='word_1_279' title='bbox 1495 3033 1636 3087; x_wconf 87' lang='lat' dir='ltr'>inter</span> <span class='ocrx_word' id='word_1_280' title='bbox 1672 3053 1731 3089; x_wconf 87' lang='lat' dir='ltr'>se</span> <span class='ocrx_word' id='word_1_281' title='bbox 1768 3035 1839 3088; x_wconf 83' lang='lat' dir='ltr'>si-</span> 
     </span>
     <span class='ocr_line' id='line_1_41' title="bbox 112 3103 1839 3181; baseline -0.002 -17"><span class='ocrx_word' id='word_1_282' title='bbox 112 3109 440 3164; x_wconf 65' lang='lat' dir='ltr'>-millimumz</span> <span class='ocrx_word' id='word_1_283' title='bbox 500 3107 648 3181; x_wconf 85' lang='lat' dir='ltr'>quod</span> <span class='ocrx_word' id='word_1_284' title='bbox 699 3127 810 3178; x_wconf 80' lang='lat' dir='ltr'>quo</span> <span class='ocrx_word' id='word_1_285' title='bbox 859 3103 1022 3159; x_wconf 79' lang='lat' dir='ltr'>modo</span> <span class='ocrx_word' id='word_1_286' title='bbox 1081 3103 1405 3174; x_wconf 79' lang='lat' dir='ltr'>perfecerit,</span> <span class='ocrx_word' id='word_1_287' title='bbox 1457 3106 1556 3159; x_wconf 87' lang='lat' dir='ltr'>etsi</span> <span class='ocrx_word' id='word_1_288' title='bbox 1612 3107 1717 3160; x_wconf 85' lang='lat' dir='ltr'>iam</span> <span class='ocrx_word' id='word_1_289' title='bbox 1773 3126 1839 3160; x_wconf 81' lang='lat' dir='ltr'>ex</span> 
     </span>
    </p>
   </div>
   <div class='ocr_carea' id='block_1_4' title="bbox 139 3257 464 3266">
    <p class='ocr_par' dir='ltr' id='par_1_5' title="bbox 139 3257 464 3266">
     <span class='ocr_line' id='line_1_42' title="bbox 139 3257 464 3266; baseline 0 0"><span class='ocrx_word' id='word_1_290' title='bbox 139 3257 464 3266; x_wconf 95' lang='lat' dir='ltr'> </span> 
     </span>
    </p>
   </div>
   <div class='ocr_carea' id='block_1_5' title="bbox 194 3343 1313 3434">
    <p class='ocr_par' dir='ltr' id='par_1_6' title="bbox 194 3343 1313 3434">
     <span class='ocr_line' id='line_1_43' title="bbox 194 3343 1313 3434; baseline 0.001 -13"><span class='ocrx_word' id='word_1_291' title='bbox 194 3383 235 3429; x_wconf 73' lang='lat' dir='ltr'>‘J</span> <span class='ocrx_word' id='word_1_292' title='bbox 274 3380 327 3423; x_wconf 80' lang='lat' dir='ltr'>V.</span> <span class='ocrx_word' id='word_1_293' title='bbox 357 3382 453 3424; x_wconf 81' lang='lat' dir='ltr'>libr.</span> <span class='ocrx_word' id='word_1_294' title='bbox 484 3380 565 3424; x_wconf 80' lang='lat' dir='ltr'>IX.</span> <span class='ocrx_word' id='word_1_295' title='bbox 604 3395 643 3434; x_wconf 82' lang='lat' dir='ltr'>p.</span> <span class='ocrx_word' id='word_1_296' title='bbox 674 3380 774 3426; x_wconf 68' lang='lat'>576.</span> <span class='ocrx_word' id='word_1_297' title='bbox 811 3380 864 3421; x_wconf 87' lang='lat' dir='ltr'>D.</span> <span class='ocrx_word' id='word_1_298' title='bbox 902 3394 1038 3432; x_wconf 66' lang='lat' dir='ltr'>usqne</span> <span class='ocrx_word' id='word_1_299' title='bbox 1068 3379 1124 3422; x_wconf 76' lang='lat' dir='ltr'>sd</span> <span class='ocrx_word' id='word_1_300' title='bbox 1157 3343 1313 3422; x_wconf 66' lang='lat' dir='ltr'>finem.⁴</span> 
     </span>
    </p>
   </div>
  </div>
 </body>
</html>
