2124 3744
366 220 460 269 178
960 214 1450 271 PLATONIS

270 364 316 415 D
356 362 757 434 βεβαιώσηται,
834 367 925 416 καὶ
980 366 1058 432 τῷ
1113 361 1236 420 ὄντι
1297 372 1354 419 ἐν
1411 363 1673 436 βορβόρῳ
1735 368 2060 438 βαρβαρικῷ

359 469 469 502 τινι
516 446 579 502 τὸ
629 451 726 515 τῆς
774 449 954 522 ψυχῆς
997 444 1149 518 ὄμμα
1197 455 1693 520 κατορωρυγμένον
1725 449 1902 520 ἠρέμα
1926 454 2066 505 ἕλκει

357 536 450 588 καὶ
495 531 690 602 ἀνάγει
733 528 867 594 ἅνω,
910 537 1235 602 συνερίθοις
1281 537 1372 587 καὶ
1411 545 1887 605 συμπεριαγωγοῖς
1924 557 2064 606 χρω-

354 622 489 686 μένη
534 615 623 680 αἶς
670 615 983 687 διήλθομεν
1028 623 1268 688 τέχναις·
1326 615 1396 681 ἃς
1437 619 1742 690 ἐπιστήμας
1784 623 1884 688 μὲν
1929 623 2065 674 πολ-

356 700 512 764 λάκις
558 705 924 770 προςείπομεν
969 699 1058 755 διὰ
1106 699 1170 757 τὸ
1219 705 1377 766 ἔθος,
1415 705 1634 758 δέονται
1678 707 1735 758 δὲ
1780 702 2065 774 ὀνόματος

355 784 559 850 ἄλλον,
604 791 1001 855 ἐναργεστέρου
1044 789 1145 856 μὲν
1192 784 1224 853 ἢ
1271 786 1465 854 δόξης,
1506 785 1887 859 ἀμυδροτέρου
1927 792 1983 843 δὲ
2029 786 2058 853 ἢ

355 869 673 941 ἐπιστήμης.
720 869 976 924 διάνοιαν
1017 873 1073 924 δὲ
1118 869 1299 938 αὐτὴν
1344 877 1399 927 ἔν
1443 895 1502 938 γε
1541 876 1614 941 τῷ
1646 871 1905 944 πρόσθεν
1951 894 2062 929 που

357 954 711 1029 ὡρισάμεθα.
758 959 870 1009 ἔστι
918 953 990 1019 δ’,
1034 953 1109 1019 ὡς
1150 959 1270 1027 ἐμοὶ
1313 959 1477 1021 δοκεῖ,
1522 957 1589 1013 οὐ
1634 963 1756 1029 περί
1779 956 2064 1027 ὀνόματος

477 1153 526 1193 D.
599 1150 937 1203 συνερίθοις
978 1150 1065 1202 καὶ
1110 1150 1627 1206 συμπεριαγωγοῖς]
1679 1153 1765 1193 Pro
1808 1154 2063 1206 συνερίθοις

358 1212 459 1254 Vat.
498 1209 544 1250 Θ.
577 1216 622 1251 et
654 1223 716 1263 pr.
751 1210 863 1251 Ven.
898 1207 949 1249 ll.
986 1209 1283 1261 συνεριθμοῖς.
1327 1211 1425 1252 Par.
1462 1211 1511 1254 D.
1546 1211 1664 1252 Mon.
1697 1211 1815 1253 Flor.
1847 1211 1892 1263 β.
1935 1224 2059 1252 συνε-

357 1270 550 1320 magmis,
583 1270 685 1309 Par.
718 1267 771 1309 K.
807 1265 1122 1317 συνωθισμοῖε.
1152 1281 1190 1308 ν.
1224 1267 1452 1309 Ruhnken.
1486 1268 1540 1309 ad
1573 1268 1686 1309 Tim.
1723 1270 1795 1310 Gl.
1833 1283 1873 1324 p.
1906 1269 2004 1314 243.

474 1327 599 1380 περὶ
642 1321 915 1375 ὀνόματος
955 1321 980 1378 ἦ
1022 1320 1280 1377 ἄμφω-βξ]
1326 1325 1462 1368 Deest
1496 1322 1520 1379 ἡ
1565 1327 1607 1367 in
1641 1329 1735 1368 vat.
1775 1325 1823 1371 Θ.
1861 1327 1965 1370 Ven.
1999 1327 2060 1367 ΙΙ.

359 1385 488 1426 Vind.
520 1385 622 1425 Par.
655 1383 762 1426 ΒΚ.
794 1384 898 1424 Vat.
932 1395 988 1426 m.
1022 1396 1057 1427 r.
1119 1384 1298 1437 Ignorat
1338 1385 1467 1426 etiam
1498 1384 1600 1426 Par.
1632 1386 1690 1427 A.
1722 1386 1864 1426 Dfibn.
1923 1386 2058 1428 Dele-

354 1447 496 1485 vimus
525 1443 673 1496 igitur.

469 1501 519 1542 E.
590 1495 698 1540 ἀλλ’
739 1496 764 1539 ὃ
802 1494 866 1539 ἂν
909 1496 1087 1548 μόνον
1132 1522 1185 1526 —-
1228 1497 1383 1552 λέγοι
1435 1497 1490 1539 ἐν
1528 1499 1712 1553 ψυχῇ.]
1762 1499 1886 1542 Haec
1928 1500 2058 1541 verba

353 1561 500 1600 omisit
531 1558 682 1611 Steph.
744 1559 804 1598 Et
837 1556 1034 1598 videnlur
1052 1569 1156 1597 sane
1176 1568 1228 1597 ex
1260 1559 1530 1609 glossemate
1562 1565 1672 1599 orta.
1738 1558 1869 1598 Certe
1901 1558 2059 1600 misere

351 1621 557 1670 corrupta
598 1622 713 1659 sunt.
788 1616 919 1661 Quod
963 1626 1181 1656 nos=cum
1213 1612 1419 1658 Bekkero
1452 1615 1671 1667 dedimus,
1712 1615 1754 1656 id
1793 1615 1977 1658 debetur
2010 1617 2056 1656 li-

356 1677 442 1717 bris
492 1674 609 1718 Mon.
654 1680 697 1715 et
735 1672 854 1714 Flor.
895 1672 941 1725 β.
1009 1673 1060 1714 In
1106 1672 1206 1713 Bas.
1247 1672 1287 1715 2.
1329 1673 1490 1727 legitur
1526 1669 1627 1714 ἄλλο
1668 1669 1722 1713 ἂν
1762 1670 1899 1723 μόνον
1938 1672 2065 1728 δηλοῖ

355 1730 468 1786 πρὸς
502 1730 578 1786 τὴν
609 1731 698 1783 ἕξιν
729 1732 964 1785 σαφηνείᾳ,
997 1730 1106 1785 λέγει
1138 1728 1184 1770 ἐν
1215 1731 1343 1783 ψυχῇ.
1407 1728 1464 1772 Et
1496 1729 1586 1783 ἕξιν
1617 1733 1764 1784 legunt
1794 1732 1929 1773 ceteri
1964 1733 2056 1774 libri

355 1804 522 1834 omnes.
565 1791 687 1834 Viud.
729 1786 982 1842 σαφήνειαν.
1016 1788 1135 1830 Flor.
1167 1801 1205 1829 a.
1241 1802 1278 1832 c.
1313 1794 1528 1845 σαφηνείᾳ
1567 1790 1787 1832 omittunt.
1847 1789 1996 1831 Etiam
2030 1786 2056 1831 ὅ

355 1854 456 1891 ante
496 1848 610 1903 λέγοι
651 1848 730 1889 soli
773 1847 892 1889 Mon.
933 1853 977 1888 et
1016 1846 1132 1887 Flor.
1166 1846 1210 1898 β.
1252 1845 1436 1899 habent3
1479 1847 1611 1889 ceteri
1649 1859 1802 1888 omnes
1836 1848 2054 1889 omittunt.

359 1908 448 1948 Pro
489 1907 605 1962 λέγοι
645 1907 715 1948 alii
759 1905 868 1960 λέγει
907 1907 973 1946 vel
1017 1904 1165 1958 λέγειν.
1226 1905 1276 1945 In
1308 1905 1408 1949 Par.
1443 1906 1491 1948 Α.
1525 1904 1660 1960 λέγεις
1690 1907 2053 1960 superscriptum.

358 1965 482 2008 Haec
518 1968 653 2019 igitur
692 1970 760 2005 est
801 1965 1045 2016 scripturae
1083 1963 1273 2004 varietas
1313 1963 1356 2004 in
1390 1963 1519 2007 codd.
1563 1967 1751 2017 reperta.
1818 1963 2055 2006 Videamus

358 2037 471 2064 nunc
510 2025 639 2065 etiam
684 2021 738 2063 de
780 2022 1066 2070 coniecturis,
1108 2020 1263 2073 quibus
1302 2021 1380 2062 viri
1419 2021 1537 2062 docti
1570 2025 1710 2063 locum
1752 2020 1971 2063 vindicare
2010 2027 2058 2063 et

357 2082 590 2125 emendare
623 2080 895 2121 studuerunt.
954 2079 1112 2132 Itaque
1147 2078 1401 2122 Winckelm.
1431 2078 1475 2120 in
1496 2079 1750 2122 Zimmerm.
1773 2078 1892 2123 Diar.
1925 2080 2056 2120 Stnd.

356 2140 502 2193 Antiq.
546 2153 586 2183 a.
631 2138 759 2182 1840.
793 2137 844 2181 N.
875 2138 974 2181 157.
1009 2151 1049 2189 p.
1087 2136 1216 2180 1283.
1259 2149 1370 2180 corr.
1411 2135 1524 2191 πρὸς
1563 2135 1639 2191 τὴν
1679 2135 1869 2189 ἐξέτασιν
1911 2150 2053 2191 σαφηυ

354 2199 468 2252 νείᾳ,
497 2198 676 2250 reliquis
704 2197 889 2237 intactis,
924 2196 972 2236 C.
1007 2194 1077 2238 Fr.
1112 2195 1347 2237 Hermann.
1380 2195 1435 2235 de
1465 2197 1715 2238 coniectura
1747 2208 1826 2236 sua
1858 2196 2048 2249 scripsit:

353 2251 448 2296 ἀλλ’
482 2252 506 2295 ὂ
539 2251 592 2295 ἂν
621 2253 760 2304 μόνον
790 2253 916 2307 δηλοῖ
940 2250 1054 2305 πρὸς
1084 2250 1161 2306 τὴν
1191 2252 1274 2304 ἔξω
1295 2250 1550 2306 σαφήνειαν,
1584 2251 1673 2295 *ἃ*
1705 2252 1813 2307 λέγει
1842 2252 1890 2293 ἐν
1922 2256 2050 2306 ψυχῇ,

353 2312 552 2368 *ἀρκέσει
568 2315 603 2353 *.
637 2309 822 2364 Ἀρέσκει
851 2333 908 2343 ———
941 2311 991 2352 C.
1022 2311 1259 2355 Steinhart.
1296 2324 1391 2351 ann.
1424 2312 1477 2353 ad
1499 2313 1690 2365 Interpr.
1712 2312 1859 2353 Germ.
1892 2326 1930 2365 ρ.
1949 2312 2049 2356 693.

354 2373 481 2413 scribi
512 2373 605 2413 vult
636 2365 730 2411 ἀλλ’
773 2367 797 2411 ὂ
829 2366 883 2411 ἂν
915 2366 1055 2419 ὄνομα
1099 2367 1225 2423 δηλοῖ
1259 2369 1415 2422 λέξεως
1455 2367 1698 2424 σαφήνειαν
1730 2365 1754 2408 ὃ
1788 2368 1894 2423 λέγει
1925 2372 1990 2413 vel
2026 2368 2051 2411 ὃ

352 2426 406 2470 ἂν
445 2430 561 2484 λέγοι
599 2430 683 2483 (sc.
723 2424 747 2468 ὁ
800 2423 1071 2483 ὀνομάζων),
1114 2427 1161 2469 ἐν
1210 2429 1346 2480 ψυχῇ,
1395 2424 1577 2483 ἀρκέσει.
1625 2424 1812 2483 Ἀρέσκει
1853 2442 1890 2469 κ.
1941 2443 1973 2472 τ.
2013 2431 2046 2469 λ.
2123 2447 2124 2451 ’

350 2579 438 2618 tam
480 2571 724 2626 synthetica
765 2584 895 2623 quam
941 2570 1157 2623 analytica

351 2637 512 2672 utatur.
575 2630 844 2672 Sententiam
878 2629 1159 2669 illustrabunt

351 2690 476 2730 etiam
509 2687 665 2730 clarius
695 2701 807 2741 quae
840 2686 895 2728 de
928 2685 1078 2728 eadem
1110 2699 1158 2727 re

350 2748 626 2802 disputantur
655 2746 698 2786 in
725 2744 953 2787 Phaedon.
987 2757 1028 2796 p.
1057 2744 1155 2788 101.

352 2805 401 2849 C.
448 2805 499 2846 1).
541 2803 597 2846 E.
637 2801 829 2857 Sophist.
882 2816 924 2856 p.
964 2802 1063 2846 253.
1107 2801 1158 2843 C.

348 2863 407 2903 D.
442 2868 486 2904 et
516 2876 560 2916 p.
593 2861 693 2906 259.
750 2860 1153 2903 Schneiderum

350 2921 516 2962 mireris
559 2919 664 2962 haec
704 2919 971 2962 intellexisse
1016 2919 1156 2970 aliter,

347 2991 479 3031 quum
523 2983 666 3020 tamen
708 2978 918 3019 sententia
957 2979 1012 3017 sit
1051 2978 1157 3017 satis

349 3037 592 3089 perspicua.

348 3089 591 3147 α’ναίρουσα
625 3093 826 3144 coniecit,
856 3093 962 3133 item
995 3091 1156 3133 iudicio

350 3165 428 3192 sno
474 3152 610 3193 salsus
663 3155 744 3194 est.
823 3149 985 3193 Quidni
1041 3151 1153 3191 enim

350 3213 471 3269 recte
504 3209 671 3250 dictum
703 3209 759 3250 sit
792 3202 991 3260 ’ἀναιρεῖν
1022 3221 1057 3247 τι
1088 3206 1162 3248 ἐπί

350 3282 405 3314 τι,
450 3279 667 3307 sursum
710 3266 945 3309 evehere
977 3278 1042 3307 ac
1071 3279 1151 3308 re-

346 3325 494 3365 ferre
554 3324 814 3376 aliquid
878 3323 940 3364 ad
1001 3323 1148 3365 aliud

346 3379 505 3436 quid,
541 3382 793 3433 praesertim
829 3393 958 3434 quum
993 3380 1148 3422 eodem

346 3438 479 3482 modo
512 3438 676 3479 dicatur
715 3438 878 3480 Phaed.
909 3453 950 3492 p.
985 3438 1040 3482 76
1087 3439 1144 3480 D.

346 3497 427 3538 ἐπὶ
474 3494 629 3549 ταύτην
676 3493 772 3548 (τὴν
807 3492 984 3548 οὐσίαν)
1019 3494 1066 3536 τὰ
1098 3495 1142 3537 ἐκ

685 3035 770 3079 Qui
839 3034 956 3088 quod
1025 3035 1184 3076 etiam.

1245 2571 1330 2611 τῶν
1369 2569 1623 2626 αἰσθήσεων
1673 2567 2046 2623 πάντωᾶναφὲ-
2110 2587 2113 2643 Ι

1246 2643 1420 2682 ρομεν.
1466 2632 1565 2671 coll.
1610 2643 1651 2683 p.
1695 2629 1764 2675 75.
1798 2630 1876 2680 B.3
1913 2629 2047 2682 Gorg.
2109 2646 2111 2657 ¹

1245 2700 1286 2740 p.
1327 2687 1429 2733 487.
1469 2688 1519 2731 Ε.
1563 2683 1639 2728 ἐπ’
1678 2685 1807 2741 ἄλλην
1849 2685 2049 2739 βάσανον

1243 2740 1515 2801 ἅναφέρειν2
1574 2746 1664 2788 Nec
1705 2758 1810 2790 vero
1841 2742 2046 2794 audiendi

1243 2809 1343 2845 sunt
1387 2805 1459 2858 qui
1506 2803 1618 2846 duce
1672 2802 2045 2852 Schleierma-

1243 2860 1410 2903 chero
1442 2858 1516 2910 ἐπ’
1544 2855 1680 2913 αὐτὴν
1701 2858 1777 2914 τὴν
1798 2854 1932 2913 ἀρχήν
1946 2874 2044 2902 cnm

1240 2918 1472 2973 πορεύεται
1493 2921 1761 2971 coniungunt
1780 2923 1823 2960 et
1843 2915 1916 2958 τὰς
1935 2914 2043 2960 ὐπο-

1242 2977 1393 3020 θέσεις
1436 2974 1677 3027 ἀναιροῦσα
1714 2989 1791 3029 ρει·
1828 2989 1877 3017 se
1921 2990 2044 3019 seor—

1242 3049 1338 3082 sum
1380 3036 1604 3085 accipiunt.
1676 3035 1769 3075 lmo
1818 3038 2043 3088 antegres·
2094 3026 2098 3078 l

1241 3106 1337 3135 sum
1400 3091 1529 3145 ταύτῃ
1588 3093 1822 3134 illustratur
1875 3093 2042 3134 verbis:
2092 3139 2095 3143 .

1242 3148 1316 3193 τὰς
1374 3146 1612 3192 ὑποθέσεις
1659 3146 1921 3204 ἀναιροῦσα,
1988 3151 2041 3192 ad
2090 3148 2094 3209 l

1239 3221 1352 3261 quae
1401 3210 1648 3254 necessario
1703 3209 1832 3250 etiam
1876 3214 2041 3260 pertra-
2088 3222 2091 3239 ι

1239 3265 1380 3308 henda
1399 3272 1508 3308 sunt
1530 3267 1660 3307 verba
1694 3262 1767 3307 ἐπ’
1799 3260 1936 3319 αὐτὴν
1966 3262 2042 3318 τὴν

1233 3318 1393 3378 α’ρχήν,
1437 3331 1483 3365 ut
1525 3325 1606 3366 sibi
1647 3329 1822 3366 constet
1865 3329 2039 3366 senten-

1233 3383 1307 3423 tia.
1382 3383 1444 3424 De
1498 3388 1741 3424 structurae
1789 3394 1951 3432 genere
2001 3395 2039 3425 v,
2082 3377 2086 3426 l

1227 3451 1326 3542 3133.
1355 3439 1419 3539 gd
1460 3440 1682 3483 Phaedon.
1725 3455 1767 3495 p.
1797 3439 1869 3484 59.
1901 3441 1950 3480 A.
1999 3453 2039 3493 p.
2081 3429 2084 3447 ⁵
