2098 3658
310 172 375 223 ⁸2³2
923 165 1402 220 PLATONIS

311 322 494 370 ἵππων
548 315 614 391 τῇ·
670 315 829 383 θεῷς
894 309 1010 385 Ἀφ’
1068 317 1286 377 ἴππων;
1334 303 1400 378 ἦν
1447 310 1507 392 δ’.
1541 309 1673 379 ἐγώ·
1715 309 1911 368 καινόν
1953 333 2011 379 γε

311 401 498 453 τοῦτο.
544 396 834 467 λαμπάδια
879 399 1094 466 ἔχοντες
1137 394 1500 451 διαδώσουσιν
1544 393 1807 463 ἀλλήλοις
1849 394 2012 464 timn-

313 480 550 550 λώμενοι
609 491 727 546 τοῖς
788 485 1009 546 ῐ’πποι-ς,·
1056 476 1088 546 ἢ
1133 483 1250 544 πῶς
1292 482 1492 542 aarum
1567 477 1784 544 Οὕτως,
1827 484 1933 554 ἔφη
1978 476 2009 534 ὁ

318 567 714 636 Πολέμαρχος·
761 567 853 619 καὶ
898 562 1038 634 πρός
1079 584 1137 633 γε
1183 567 1493 633 παννυχίδα
1539 562 1896 630 ποιήσουσιν,
1942 561 2013 629 ἣν

310 645 471 716 ἄξιον
501 648 859 703 θεάσασθαί·
883 646 1382 717 ἐξαναστησόμεθα
1407 643 1516 717 γὰρ
1537 648 1675 715 μετὰ
1702 644 1764 702 τὸ
1791 651 2014 702 δεῖπνον

313 737 404 788 καὶ
468 730 567 800 τὴν
628 736 939 805 παννυχίδα
998 732 1341 802 θεασόμεθα
1401 736 1489 784 καὶ
1545 730 1898 802 ξυνεσόμεθοὶ
1956 752 2012 784 τε

313 820 540 881 πολλοῖς
593 820 703 871 τῶν
760 825 893 873 νέων

971 814 1190 871 αὐτόθι
1247 819 1337 870 καὶ
1408 815 1802 884 διαλεξόμεθα.

1865 811 2011 868 ἀλλὰ

429 983 476 1025 Ρ.
506 980 610 1024 328.
653 982 711 1025 Α.
754 975 836 1032 ἀφ’
871 981 1048 1022 ἵππων
1087 980 1148 1032 τῇ
1178 979 1316 1034 θεῷ,·
1325 981 1342 1028 l
1384 978 1434 1029 τῇ
1463 977 1558 1032 θεῷ
1589 973 1664 1030 ἀφ’
1694 978 1839 1019 ιππων
1876 977 2013 1022 ΘΦτ.

319 1036 451 1078 vind.
490 1039 524 1079 n
554 1039 609 1080 E.
643 1046 691 1080 ut
738 1041 915 1093 scripsit
944 1039 1133 1082 Bekker.
1163 1036 1274 1078 Mox
1308 1033 1460 1077 καινὸν
1493 1034 1550 1076 δὲ
1592 1051 1625 1077 τ.
1666 1039 1781 1078 codd
1826 1050 1861 1077 r.
1895 1052 1933 1080 v.
1969 1050 2012 1077 x.

316 1093 453 1136 vind.
490 1097 538 1136 u.

434 1148 458 1193 ὀ
492 1151 858 1223 Πολέμαρχος.
891 1151 975 1194 καὶ
1015 1148 1154 1222 πρός
1193 1151 1340 1220 γε-]
1370 1146 1514 1190 οὕτως
1543 1151 1642 1203 ἔφη.
1676 1152 1896 1203 κρειττους
1927 1144 2010 1191 οὖν

319 1209 504 1264 γένεσθε
541 1206 568 1264 ἢ
607 1209 751 1262 μένετε
791 1207 943 1253 αὐτοῦ.
984 1205 1152 1250 οὐκοῦν
1193 1203 1246 1262 ἦν
1286 1203 1320 1247 δ’
1363 1204 1447 1260 ἐγὼ
1481 1204 1506 1247 ὁ
1540 1207 1647 1249 Πολ.
1679 1208 1802 1249 Flor.
1833 1222 1871 1250 a.
1904 1222 1939 1251 c.
1971 1221 2013 1248 x.

319 1353 553 1394 vocabant.
632 1350 771 1392 Faces
826 1351 1125 1392 accendebant

316 1422 376 1451 ex
404 1423 498 1462 ara,
518 1421 678 1461 easque
713 1410 913 1450 manibus
946 1415 1122 1461 gestan-

318 1473 386 1508 tes
449 1467 684 1508 currebant
742 1465 881 1518 quam'
919 1473 1125 1519 poterant

318 1525 580 1577 longissime
595 1530 638 1564 et
654 1524 971 1567 incitatissime.
1004 1523 1124 1572 Quo-

318 1595 416 1623 rum
445 1583 565 1623 faces
592 1583 813 1622 extinctae
831 1587 973 1631 erant,
993 1583 1124 1634 quive

319 1642 367 1682 in
398 1653 528 1680 cursu
550 1640 820 1690 defecerant,
831 1641 962 1692 quive
983 1642 1124 1680 serius

318 1700 378 1740 ad
418 1698 686 1738 destinatum
728 1697 872 1737 locum
911 1710 1124 1749 pervene-

322 1762 446 1806 rant,
478 1768 558 1808 pro
592 1755 722 1795 victis
753 1755 1052 1804 habebantnr3
1084 1770 1127 1796 v.

329 1816 359 1852 Ρ
375 1826 563 1854 ausan.
583 1814 630 1852 in
651 1812 803 1851 Atticis
821 1814 874 1862 (c.
892 1812 964 1855 30.
984 1811 1023 1867 §.
1045 1814 1126 1859 2.).

319 1871 505 1912 Certare
535 1877 681 1910 autem
713 1870 912 1910 solebant
930 1871 1016 1911 hoc
1034 1883 1126 1911 mo-

323 1931 380 1970 do
410 1929 456 1968 in
489 1929 625 1969 sacris
652 1927 919 1977 Promethei,
953 1929 1030 1981 qui
1061 1929 1126 1968 fe-

322 1987 421 2028 rula
452 1990 702 2038 correptum
722 1986 886 2037 ignem,
911 1998 965 2026 ne
983 1987 1126 2026 extin—

321 2049 554 2098 gueretur,
605 2044 781 2096 agitans
832 2056 854 2083 e
891 2044 1016 2084 coelo
1069 2045 1127 2084 ad

321 2100 525 2142 homines
597 2101 806 2143 detulisse
875 2102 1127 2154 putabatur.

322 2161 434 2200 Item
465 2161 511 2199 in
542 2159 678 2199 sacris
708 2159 904 2209 Vulcani,
938 2160 1054 2212 quod
1088 2161 1126 2200 is

324 2220 433 2258 deus
452 2218 546 2270 igni
574 2221 762 2269 praeest.
824 2217 883 2256 Et
913 2218 960 2256 in
991 2218 1126 2258 sacris

323 2274 572 2322 Minervae,
598 2276 666 2315 cui
697 2274 948 2315 tribuebant
978 2288 1126 2316 curam

319 2339 369 2374 et
419 2334 720 2373 inventionem
776 2333 958 2384 artium3
1009 2339 1126 2374 artes

319 2395 470 2431 ‚autem
502 2403 654 2431 omnes
686 2390 888 2443 indigent
917 2392 1033 2446 igne.
1071 2414 1124 2420 —

326 2447 417 2490 Sed
447 2461 524 2489 cur
554 2449 685 2488 etiam
716 2448 760 2487 in
780 2446 954 2489 Dianae
972 2450 1124 2499 sacris,

322 2512 373 2547 ut
403 2507 468 2546 ita
483 2512 738 2557 certaretur,
758 2507 1007 2547 institutum
1025 2508 1123 2548 est?

325 2566 401 2604 An
450 2565 554 2617 quia
595 2565 740 2605 Diana
787 2565 939 2604 eadem
980 2572 1046 2605 est
1086 2571 1128 2605 et

323 2623 475 2672 Luna,
507 2634 620 2675 quae
653 2626 786 2662 noctu
833 2624 958 2675 quasi
989 2623 1130 2663 facem

323 2680 579 2720 hominibus
616 2679 833 2732 praefert,
874 2681 991 2721 unde
1034 2693 1130 2721 eam

324 2738 592 2790 νυκτιλαμπῆ
650 2743 890 2787 vocarunt,
946 2739 992 2778 id
1048 2745 1129 2789 est,

326 2801 375 2835 ut
406 2796 643 2846 Horatius,
673 2796 1042 2836 noctilueam?
1074 2819 1128 2828 —-

325 2853 387 2892 Et
426 2866 503 2893 cur
551 2854 654 2893 huic
705 2854 980 2906 potissimum
1021 2855 1129 2895 deae

326 2919 383 2949 ex
414 2912 569 2963 equis?
592 2924 648 2951 an
672 2911 792 2962 quod
823 2912 920 2964 ipsa
953 2925 1129 2965 quoque

326 2969 452 3019 equis
481 2980 561 3020 per
592 2969 762 3009 coelum
786 2969 991 3009 vehitur?
1022 2969 1128 3009 Ovi-

329 3025 450 3068 dius:
485 3027 728 3078 Altaque
758 3032 1006 3067 rotantes
1027 3027 1127 3067 Lu-

327 3095 397 3122 na
427 3083 657 3134 regebat
687 3096 875 3135 equos.
940 3085 1127 3138 Proper-

327 3140 440 3182 tiust
539 3138 798 3187 Quamvis
867 3143 1128 3183 labentes

329 3204 607 3250 premeret
691 3199 819 3238 mihi
907 3212 1128 3240 somnus

331 3255 570 3306 ocellosf,
622 3255 688 3294 Et
736 3256 927 3297 mediis
970 3258 1126 3299 coelo

331 3313 489 3353 Luna
527 3312 754 3353 ruberet
806 3315 1022 3366 equiS.“
1073 3338 1127 3346 -

304 3396 306 3398 -
332 3369 714 3411 Celebratissimus
749 3370 999 3424 lampadum
1031 3386 1127 3413 cur-

331 3441 404 3470 sus
442 3433 562 3481 erat,
602 3428 676 3482 qui
728 3428 827 3469 fieri
872 3429 1043 3472 solebat
1081 3430 1127 3472 in

1212 1349 1537 1401 Panathenaeis
1567 1363 1608 1389 v.
1641 1349 1842 1390 Herod.
1869 1347 1947 1389 Vl.
1969 1349 2013 1392 5.

1210 1406 1329 1447 Vlll.
1382 1407 1440 1450 98
1504 1407 1695 1448 Pausan.
1753 1407 1776 1446 Ι
1841 1406 1921 1461 30,
1972 1407 2014 1449 2.

1211 1465 1408 1505 Aristo
1423 1465 1658 1519 ph.Raun.
1678 1466 1778 1509 131.
1809 1471 1852 1505 et
1883 1463 2012 1507 1085.

1210 1521 1279 1562 De
1298 1520 1596 1576 λαμποδρομίᾳ
1639 1524 1821 1563 omnino
1842 1522 2014 1562 Meur-

1210 1580 1328 1620 sius
1355 1581 1538 1623 Panath.
1561 1579 1858 1621 inGronov.
1878 1579 2014 1621 Thes.

1214 1643 1312 1678 Ant.
1354 1636 1511 1681 Graec.
1551 1638 1603 1678 Τ.
1652 1639 1676 1678 λ’
1687 1639 1747 1680 ΙΙ.
1789 1651 1832 1691 p.
1872 1637 1942 1682 88.
1977 1654 2013 1679 e:

1214 1695 1241 1739 8
1276 1701 1320 1736 et
1335 1696 1409 1736 Kr
1422 1709 1449 1736 a
1462 1710 1489 1736 u
1504 1709 1523 1736 s
1539 1709 1562 1736 e
1590 1694 1821 1748 Gymnast.
1836 1710 1879 1740 u.
1896 1701 2016 1748 Ago-

1214 1755 1315 1796 nist.
1348 1755 1391 1794 d.
1424 1754 1596 1794 Hellen.
1627 1767 1671 1806 p.
1701 1755 1802 1798 370.

1271 1807 1546 1861 λαμπάδια
1613 1806 1837 1863 ἔχοντὲς
1912 1833 1952 1839 -
1995 1809 2014 1863 ]

1213 1867 1336 1918 „Qui
1368 1870 1631 1909 curriculum
1663 1883 1788 1924 suum
1815 1869 2014 1910 confece-

1212 1933 1327 1978 rant,
1359 1928 1516 1968 ordine
1547 1928 1648 1968 aliis
1667 1927 1893 1980 lampadas
1926 1931 2015 1966 tra-

1213 1984 1390 2025 debant.
1451 1985 1580 2025 Unde
1609 1985 1721 2025 illud
1740 1985 2016 2038 elegantissi-

1212 2055 1280 2083 me
1312 2043 1476 2082 dictum
1510 2056 1537 2084 a
1567 2043 1756 2084 Platone
1780 2043 1921 2095 Legg.
1945 2041 2016 2082 v1.

1212 2101 1272 2152 (p.
1315 2100 1399 2145 776
1454 2100 1525 2150 Β.)
1582 2101 1747 2154 γεννῶι
1751 2099 1823 2141 τάς
1866 2114 1907 2140 τε
1947 2100 2016 2139 κα)

1212 2153 1425 2210 ἐκτρέφοι
1428 2168 1501 2198 τας
1523 2156 1690 2207 παῖδας,
1702 2155 1900 2222 καθάπερ
1916 2159 2015 2208 λαμ-

1213 2213 1329 2255 πάδα
1361 2213 1436 2256 τὸν
1466 2216 1570 2268 βίον
1595 2206 1912 2270 παραδιδόντας
1942 2213 2015 2256 ἅλ-

1212 2275 1304 2314 λοις
1334 2272 1382 2326 ἐξ
1414 2271 1572 2323 ἄλλων,
1606 2287 1735 2328 quem
1774 2277 1920 2316 locum
1953 2275 2017 2314 sic

1212 2333 1432 2384 expressit
1479 2333 1698 2373 Lucret.
1745 2333 1824 2375 lib.
1877 2331 1928 2372 ΙΙ.
1975 2345 2016 2372 v,

1213 2390 1281 2435 78·
1361 2391 1531 2443 Inque
1594 2391 1762 2431 brevi
1828 2390 2015 2442 spatio

1210 2455 1488 2490 mutantur
1563 2449 1717 2489 secla
1776 2449 2014 2489 animan-

1214 2513 1344 2558 tum,
1402 2506 1475 2546 Et
1539 2507 1697 2559 quasi
1743 2519 1834 2547 cur
1854 2518 2015 2546 sores

1215 2565 1359 2606 vitai
1425 2565 1679 2616 lampada
1735 2565 2015 2604 tradunt.“

1213 2622 1478 2663 Muretus.
1528 2623 1594 2663 De
1625 2635 1709 2663 usu
1753 2622 2016 2662 deminutivi

1215 2676 1453 2731 λαμπάδιον
1500 2681 1655 2720 audias
1705 2674 1747 2718 H
1759 2692 1786 2720 a
1797 2692 1853 2731 rp
1864 2691 1889 2718 o
1901 2693 1924 2719 c
1937 2691 1956 2719 τ
1969 2691 2014 2719 a·

1214 2739 1444 2779 tionem:
1477 2734 1817 2787 λαμπάδιον·
1851 2732 1932 2804 ἣν
1935 2737 2017 2776 νῦν

1216 2791 1335 2867 ἡμεῖς
1368 2792 1566 2846 λαμπάδα
1607 2795 1840 2844 καλοῦμεν,
1874 2790 2018 2834 οὕτως

1213 2847 1452 2905 ωνόμαζον.
1507 2848 1623 2892 οὕτω
1661 2853 1906 2905 Δείναρχος
1946 2852 2014 2892 καὶ
2072 2889 2073 2894 ,

1215 2909 1396 2953 Πλάτων
1425 2908 1473 2950 ἐν
1502 2908 1655 2964 πρώτῳ
1687 2911 1761 2963 τῆς
1780 2908 2015 2950 Πολιτειᾝας
2070 2939 2072 2963 5

1214 2966 1383 3010 Eadem
1414 2969 1506 3009 fere
1534 2968 1702 3008 habent
1731 2969 1863 3009 etiam
1894 2968 2012 3008 Sui·
2070 2970 2071 2974 ’

1213 3028 1313 3068 das
1345 3032 1387 3066 et
1417 3025 1795 3066 Phavorinus.

1271 3084 1358 3124 καὶ
1414 3079 1552 3135 πρός
1603 3097 1660 3137 γε
1707 3082 2015 3134 παννυχίδα
2066 3089 2068 3106 *

1215 3142 1285 3196 π.]
1326 3141 1700 3194 Pervigilium
1740 3142 1826 3181 hoc
1863 3141 2014 3182 Latini

1213 3206 1289 3241 aut
1318 3199 1811 3253 pervigilationem
1849 3199 2015 3250 dicunt,
2062 3223 2064 3240 ;

1215 3256 1475 3299 utCicero
1507 3257 1792 3309 deLegibus.
1838 3256 2014 3297 Deua}
2060 3270 2063 3293 s

1213 3311 1352 3368 πρός
1390 3328 1463 3367 γε,
1501 3327 1560 3355 ac
1608 3321 1930 3367 praeterea,
1971 3322 2013 3354 v.
2060 3315 2061 3342 ἶ

1214 3373 1410 3426 Sophist.
1442 3386 1484 3425 p.
1512 3372 1692 3415 234.A:
1726 3372 1793 3414 καὶ
1826 3368 1937 3424 πρός
1967 3387 2012 3424 γε
2058 3414 2059 3417 Ἴ

1213 3427 1438 3483 θαλάττης.
1474 3430 1535 3471 De
1556 3430 1741 3483 Republ.
1775 3429 1820 3470 V.
1849 3441 1891 3483 p.
1909 3428 2010 3474 466.
2056 3439 2063 3486 ᾗ,
