2106 3594
1581 137 1805 218 *axin

29 278 31 283 ¹
94 306 383 358 quousque
406 282 779 356 impudentiae
803 280 1196 353 processerint,
1221 280 1424 335 docent
1443 290 1663 353 praeter
1695 282 1802 336 alia

94 355 491 429 Thrasymachi
514 353 757 408 oratoris
809 352 976 408 verba
1010 350 1133 407 libr.
1172 353 1222 409 Ι.
1263 373 1318 425 p.
1369 354 1492 408 344.
1540 355 1617 406 A.
1658 371 1800 424 sqq.,

95 449 239 499 quae
281 427 588 484 luculenter
623 424 827 478 docent
872 421 1122 478 homines
1159 424 1330 479 fuisse
1366 424 1530 496 plane
1547 459 1550 461 Α
1567 426 1804 479 emanci-

93 510 254 573 patos
299 498 553 555 sensibus
615 495 942 566 deditosque
1026 506 1376 550 externarum
1445 516 1633 551 rerum·
1686 505 1805 551 stu-

95 573 200 627 diis
237 572 311 640 *).
382 567 476 623 Ad
521 567 666 622 hanc
710 587 841 621 vero
877 567 1250 639 sophistarum
1284 566 1623 637 doctrinam,
1699 569 1806 629 uae

93 644 181 699 vel
218 641 574 697 domesticam
628 637 716 692 vel
751 638 970 693 civilem
1006 639 1267 694 virtutem
1305 659 1519 693 omnem
1555 641 1652 693 fun
1693 642 1804 693 itus

94 714 406 781 evertebat,
457 711 692 765 accessit
740 710 908 764 etiam
955 730 1126 783 prava
1171 711 1508 782 reipublicae
1568 711 1804 765 Atheni-

92 786 237 839 ensis
288 782 553 850 conditiO,
610 801 751 852 quae
787 781 1038 854 inprimis
1076 782 1202 836 inde
1240 801 1274 836 a
1311 781 1469 836 bellis
1509 801 1634 836 cum
1671 783 1807 836 Per-

26 887 29 892 *
93 876 273 911 sarum
323 874 453 927 rege
502 855 675 925 gestis
727 862 851 907 orta
899 864 1032 908 erat.
1121 854 1211 908 De
1250 873 1359 923 qua
1408 853 1632 924 quidem
1670 853 1804 924 quid

130 926 458 998 bilosophus
506 925 860 994 iudicaverit,
921 925 1318 980 declaravimus
1355 924 1414 978 in
1451 925 1691 980 Praefat.
1734 924 1806 979 ad

93 950 360 1072 gorgiam
397 998 501 1068 **),
549 1004 613 1050 ut
649 1015 1118 1069 supervacaneum
1170 997 1243 1051 sit
1292 995 1399 1052 hoc
1446 996 1571 1051 loco
1622 995 1804 1052 denuo

93 1070 285 1124 eadem
323 1068 391 1123 de
427 1089 485 1122 re
524 1087 822 1139 exponere.
898 1068 1251 1122 illudunum
1287 1088 1399 1122 non
1428 1068 1665 1122 alienum
1704 1069 1808 1133 erit

93 1141 403 1209 monuisse,
454 1159 579 1194 eum
616 1141 672 1193 in
713 1138 1084 1213 descriptione
1121 1139 1376 1194 vitiorum
1415 1138 1805 1207 democratiae,

95 1234 260 1285 quam
295 1211 544 1266 exhibuit
581 1210 740 1283 Reip.
777 1210 919 1266 libro
970 1220 1169 1266 octavo
1218 1233 1272 1284 p.
1312 1213 1435 1265 555.
1475 1211 1544 1264 B.
1582 1231 1707 1282 sqq.
1749 1220 1808 1266 et

94 1285 291 1357 partim
321 1284 462 1338 libro
499 1303 647 1338 nono
673 1283 766 1351 in.,
805 1283 903 1338 ubi
927 1285 1218 1338 transitum
1241 1283 1358 1338 eius
1381 1283 1436 1336 in
1461 1282 1808 1356 tyrannidem

94 1356 296 1411 vividis
319 1355 598 1411 coloribus
632 1354 902 1426 depinxit,
921 1354 1187 1427 imprimis
1208 1355 1488 1409 civitatem
1499 1354 1808 1409 Athenien-

94 1448 207 1483 sem
253 1427 324 1481 ob
381 1426 571 1483 oculos
620 1425 909 1481 habuisse:
970 1446 1080 1497 quo
1133 1446 1256 1481 cum
1305 1427 1432 1480 loco
1472 1425 1642 1499 digna
1678 1433 1810 1481 sunt

133 1518 235 1554 uae
290 1499 646 1553 conterantur
692 1497 787 1552 illa
838 1497 1018 1572 Legg.
1052 1498 1130 1552 lll.
1179 1520 1235 1581 p.
1296 1500 1417 1552 700.
1465 1501 1537 1552 A.
1577 1529 1646 1537 -
1685 1500 1807 1559 701,

96 1519 163 1626 ἓ.
256 1568 589 1641 Quanquam
650 1588 751 1624 nec
798 1570 1028 1627 aliarum
1087 1571 1372 1625 civltatum
1432 1577 1634 1624 statum
1684 1588 1809 1634 eum

96 1661 219 1697 esse
256 1642 502 1710 censuit,
558 1641 654 1711 qui
701 1641 867 1695 iustis
904 1642 1244 1696 satisfaceret
1281 1639 1588 1699 desideriis,
1660 1641 1810 1715 Nam

96 1714 260 1769 ctiam
300 1711 653 1767 Cretensium
702 1720 760 1767 et
805 1711 1213 1784 Spartanorum
1263 1712 1627 1784 respublicas,
1660 1731 1809 1783 ¹quas

96 1793 340 1841 ceterum
393 1782 659 1838 iudicavit
711 1803 835 1838 esse
875 1784 995 1839 aliis
1031 1784 1493 1856 praestantioreS,
1532 1782 1716 1839 multis
1756 1791 1811 1838 et

95 1856 356 1930 gravibus
403 1855 554 1910 vitiis
591 1854 841 1909 laborare
880 1855 1175 1910 arbitratus
1215 1863 1329 1923 est,
1383 1875 1552 1926 quum
1588 1854 1811 1928 legisla-

96 1943 244 1984 tores
285 1947 470 1982 earum
505 1926 638 1981 belli
675 1927 854 1999 magis
889 1947 1055 1998 quam
1090 1927 1246 1999 pacis
1285 1926 1608 1998 habuissent
1643 1927 1810 1989 ratio·

96 2019 257 2069 nem,
307 1998 531 2054 civitate
582 2005 843 2068 tanquam
882 1999 940 2053 in
977 1999 1174 2055 castris
1214 1998 1512 2070 collocata,
1570 1997 1810 2070 ideoque

95 2070 466 2127 contentionis
492 2077 548 2124 et
575 2070 890 2126 ambitionis
929 2071 1304 2144 (φιλονεικίας
1340 2076 1434 2126 καὶ
1462 2073 1810 2142 φιλοτιμίας)

98 2142 287 2200 studia
319 2151 432 2204 una
469 2161 593 2196 cum
631 2141 858 2196 avaritia
896 2150 952 2196 et
989 2142 1200 2198 morum
1254 2142 1570 2214 corruptela
1605 2143 1811 2217 impru-

96 2213 288 2270 dentes
324 2214 589 2268 aluissent
610 2213 711 2284 ”).
759 2212 1023 2268 Omnium
1061 2225 1243 2269 autem
1279 2215 1813 2270 taeterrimamcen-

97 2287 210 2342 suit
263 2304 385 2341 esse
434 2284 810 2358 tyrannidem,
879 2305 1043 2356 quam
1092 2294 1155 2340 ut
1215 2306 1485 2342 summum
1531 2287 1811 2359 {malorum

98 2357 425 2430 deformavit
474 2355 711 2441 ideoque
761 2377 871 2411 non
922 2356 1086 2413 modo
1136 2359 1195 2412 in
1248 2358 1557 2432 Republica
1594 2359 1812 2432 sapien-

22 2423 25 2436 *
99 2429 238 2484 tium
273 2429 585 2502 principum
625 2429 858 2500 imperio
897 2448 964 2483 ex
1001 2429 1232 2486 adverso
1276 2431 1464 2503 posuit
1502 2431 1673 2502 ****),
1714 2429 1811 2506 sed

190 2643 234 2699 ⁹)
278 2642 408 2685 Cous.
442 2644 574 2686 etiam
606 2643 802 2686 Caniclis
833 2646 1079 2689 orationem
1111 2646 1251 2699 Gorg.
1284 2660 1326 2700 p.
1359 2643 1459 2689 491.
1491 2648 1546 2689 Ε.
1569 2643 1678 2702 sqq.'
1700 2638 1815 2688 Fue-v

275 2708 380 2743 runt
414 2702 553 2755 igitur
594 2703 667 2743 isti
708 2703 909 2745 homines
947 2706 1353 2747 sensualistae.
1432 2718 1542 2759 quos
1594 2703 1815 2748 nostrates

273 2761 453 2811 dieunt,
491 2761 613 2813 iique
648 2768 739 2802 tum
772 2762 1017 2810 theoretici,
1058 2771 1149 2805 tum
1178 2765 1372 2817 practici.
1440 2766 1487 2806 ln
1520 2777 1704 2819 quornm
1735 2777 1815 2805 nu-

272 2831 395 2860 mero
427 2820 547 2871 quod
581 2832 719 2872 nuper
750 2822 1015 2862 exstiterunt
1046 2823 1120 2875 qui
1159 2824 1390 2864 Socratem
1439 2837 1618 2878 quoque
1650 2824 1815 2865 haben-

275 2877 379 2918 dum
410 2885 654 2926 censerent,
691 2878 882 2919 viderint
915 2880 993 2925 ini.
1026 2894 1079 2922 ne
1112 2881 1194 2921 viri
1227 2882 1454 2934 ingenium
1486 2888 1531 2925 et
1560 2895 1707 2926 mores
1726 2895 1816 2924 non

276 2934 385 2976 uti·
416 2942 672 2989 perspectos
705 2935 958 2977 habuerint.

160 3018 210 3046 u
821 3023 835 3043 c
1806 3041 1815 3049 .

212 3020 233 3073 ³
269 3019 778 3120 ¹33⁰iffi‘1k2‘iess‘r'fiff
777 3023 1384 3126 i58.„⁸‘¹÷·„?⁰22·1dit.¹32133
1416 3025 1816 3138 Χῖῑὶῗέἶῖἓῗὶἕιὶ

277 3134 687 3179 Platonischen
723 3138 1050 3193 Dialogcn).
1112 3140 1273 3183 Ziirich
1306 3142 1434 3186 1821.
1467 3141 1510 3186 8.

141 3212 235 3266 ·’·)
280 3213 349 3255 De
379 3213 489 3267 Rep.
526 3214 646 3259 vin.
678 3229 719 3270 p.
754 3216 854 3261 547.
889 3219 944 3262 D.
978 3220 1028 3263 E.
1063 3218 1166 3264 548.
1198 3219 1251 3263 Β.
1286 3220 1335 3263 0.
1384 3221 1518 3277 chg.
1561 3222 1597 3267 Ι.
1638 3235 1679 3275 p.
1719 3221 1818 3266 625.

282 3270 335 3315 Ε.
366 3271 463 3316 626.
499 3271 552 3315 c.
584 3273 643 3314 11.
675 3288 716 3328 p.
750 3274 851 3320 666.
884 3277 938 3319 E.

110 3345 243 3398 ‘⁸⁸’)
280 3346 640 3462 ngpugl..g‘llss.
681 3365 721 3405 p.
754 3354 853 3398 5432.
899 3362 947 3400 Α.
982 3369 1079 3410 sqq.
1122 3354 1195 3401 ΙΧ.
1252 3370 1295 3411 p.
1333 3358 1435 3404 577.
1473 3383 1514 3391 -
1550 3360 1649 3406 592.
1684 3361 1741 3402 X.
1776 3374 1817 3414 p.
