<?xml version="1.0" encoding="UTF-8"?>
<!DOCTYPE html PUBLIC "-//W3C//DTD XHTML 1.0 Transitional//EN"
    "http://www.w3.org/TR/xhtml1/DTD/xhtml1-transitional.dtd">
<html xmlns="http://www.w3.org/1999/xhtml" xml:lang="en" lang="en">
 <head>
  <title>
</title>
<meta http-equiv="Content-Type" content="text/html;charset=utf-8" />
  <meta name='ocr-system' content='tesseract 3.04.00' />
  <meta name='ocr-capabilities' content='ocr_page ocr_carea ocr_par ocr_line ocrx_word'/>
</head>
<body>
  <div class='ocr_page' id='page_1' title='image "./operaomniarecens03platuoft/operaomniarecens03platuoft_0736.png"; bbox 0 0 2124 3744; ppageno 0'>
   <div class='ocr_carea' id='block_1_1' title="bbox 272 166 1408 224">
    <p class='ocr_par' dir='ltr' id='par_1_1' title="bbox 272 166 1408 224">
     <span class='ocr_line' id='line_1_1' title="bbox 272 166 1408 224; baseline -0.004 -2"><span class='ocrx_word' id='word_1_1' title='bbox 272 173 371 224; x_wconf 86' lang='lat'>114</span> <span class='ocrx_word' id='word_1_2' title='bbox 829 166 1408 220; x_wconf 68' lang='lat' dir='ltr'><strong>ARGUMENTUM</strong></span> 
     </span>
    </p>
   </div>
   <div class='ocr_carea' id='block_1_2' title="bbox 210 307 1982 3443">
    <p class='ocr_par' dir='ltr' id='par_1_2' title="bbox 210 307 1982 3443">
     <span class='ocr_line' id='line_1_2' title="bbox 265 307 1971 378; baseline -0.002 -15"><span class='ocrx_word' id='word_1_3' title='bbox 265 310 401 364; x_wconf 89' lang='lat' dir='ltr'>illud</span> <span class='ocrx_word' id='word_1_4' title='bbox 440 327 608 362; x_wconf 90' lang='lat' dir='ltr'>unum</span> <span class='ocrx_word' id='word_1_5' title='bbox 634 308 755 360; x_wconf 85' lang='lat' dir='ltr'>fieri</span> <span class='ocrx_word' id='word_1_6' title='bbox 780 315 987 377; x_wconf 88' lang='lat' dir='ltr'>potest,</span> <span class='ocrx_word' id='word_1_7' title='bbox 1026 317 1090 360; x_wconf 84' lang='lat' dir='ltr'>ut</span> <span class='ocrx_word' id='word_1_8' title='bbox 1128 327 1192 360; x_wconf 91' lang='lat' dir='ltr'>eo</span> <span class='ocrx_word' id='word_1_9' title='bbox 1220 308 1500 378; x_wconf 76' lang='lat' dir='ltr'>dirigatur,</span> <span class='ocrx_word' id='word_1_10' title='bbox 1539 327 1646 378; x_wconf 89' lang='lat' dir='ltr'>quo</span> <span class='ocrx_word' id='word_1_11' title='bbox 1686 307 1971 378; x_wconf 85' lang='lat' dir='ltr'>dirigenda</span> 
     </span>
     <span class='ocr_line' id='line_1_3' title="bbox 265 378 1973 448; baseline -0.002 -14"><span class='ocrx_word' id='word_1_12' title='bbox 265 388 366 435; x_wconf 89' lang='lat' dir='ltr'>est.</span> <span class='ocrx_word' id='word_1_13' title='bbox 452 380 598 433; x_wconf 87' lang='lat' dir='ltr'>Nam</span> <span class='ocrx_word' id='word_1_14' title='bbox 653 397 823 448; x_wconf 89' lang='lat' dir='ltr'>quum</span> <span class='ocrx_word' id='word_1_15' title='bbox 872 385 1083 432; x_wconf 90' lang='lat' dir='ltr'>ceterae</span> <span class='ocrx_word' id='word_1_16' title='bbox 1144 379 1307 431; x_wconf 89' lang='lat' dir='ltr'>animi</span> <span class='ocrx_word' id='word_1_17' title='bbox 1357 378 1500 431; x_wconf 83' lang='lat' dir='ltr'>vires</span> <span class='ocrx_word' id='word_1_18' title='bbox 1562 379 1973 432; x_wconf 90' lang='lat' dir='ltr'>similitudinem</span> 
     </span>
     <span class='ocr_line' id='line_1_4' title="bbox 266 449 1972 522; baseline -0.002 -17"><span class='ocrx_word' id='word_1_19' title='bbox 266 450 542 522; x_wconf 88' lang='lat' dir='ltr'>quandam</span> <span class='ocrx_word' id='word_1_20' title='bbox 590 469 714 503; x_wconf 90' lang='lat' dir='ltr'>cum</span> <span class='ocrx_word' id='word_1_21' title='bbox 771 450 1017 521; x_wconf 88' lang='lat' dir='ltr'>corporis</span> <span class='ocrx_word' id='word_1_22' title='bbox 1060 450 1371 503; x_wconf 74' lang='lat' dir='ltr'>virtutibus</span> <span class='ocrx_word' id='word_1_23' title='bbox 1432 449 1701 518; x_wconf 89' lang='lat' dir='ltr'>habeant,</span> <span class='ocrx_word' id='word_1_24' title='bbox 1766 451 1972 520; x_wconf 83' lang='lat' dir='ltr'>quippe</span> 
     </span>
     <span class='ocr_line' id='line_1_5' title="bbox 265 521 1974 592; baseline -0.002 -16"><span class='ocrx_word' id='word_1_25' title='bbox 265 542 405 592; x_wconf 90' lang='lat' dir='ltr'>quae</span> <span class='ocrx_word' id='word_1_26' title='bbox 467 541 574 575; x_wconf 91' lang='lat' dir='ltr'>usu</span> <span class='ocrx_word' id='word_1_27' title='bbox 625 528 680 574; x_wconf 89' lang='lat' dir='ltr'>et</span> <span class='ocrx_word' id='word_1_28' title='bbox 740 521 1128 574; x_wconf 72' lang='lat' dir='ltr'><strong>exercitatione</strong></span> <span class='ocrx_word' id='word_1_29' title='bbox 1189 521 1406 591; x_wconf 76' lang='lat' dir='ltr'>possint</span> <span class='ocrx_word' id='word_1_30' title='bbox 1462 521 1794 591; x_wconf 85' lang='lat' dir='ltr'>comparari3</span> <span class='ocrx_word' id='word_1_31' title='bbox 1858 531 1974 573; x_wconf 89' lang='lat' dir='ltr'>tum</span> 
     </span>
     <span class='ocr_line' id='line_1_6' title="bbox 266 591 1973 666; baseline -0.002 -18"><span class='ocrx_word' id='word_1_32' title='bbox 266 593 549 666; x_wconf 87' lang='lat' dir='ltr'>cogitandi</span> <span class='ocrx_word' id='word_1_33' title='bbox 601 592 834 645; x_wconf 73' lang='lat' dir='ltr'><strong>facultas</strong></span> <span class='ocrx_word' id='word_1_34' title='bbox 888 599 972 646; x_wconf 89' lang='lat' dir='ltr'>est</span> <span class='ocrx_word' id='word_1_35' title='bbox 1035 592 1273 645; x_wconf 89' lang='lat' dir='ltr'>divinius</span> <span class='ocrx_word' id='word_1_36' title='bbox 1325 591 1618 660; x_wconf 86' lang='lat' dir='ltr'>quiddam,</span> <span class='ocrx_word' id='word_1_37' title='bbox 1671 592 1827 646; x_wconf 88' lang='lat' dir='ltr'>cuius</span> <span class='ocrx_word' id='word_1_38' title='bbox 1890 593 1973 645; x_wconf 88' lang='lat' dir='ltr'>vis</span> 
     </span>
     <span class='ocr_line' id='line_1_7' title="bbox 264 662 1975 735; baseline -0.002 -17"><span class='ocrx_word' id='word_1_39' title='bbox 264 684 562 735; x_wconf 59' lang='lat' dir='ltr'>nunquam&gt;</span> <span class='ocrx_word' id='word_1_40' title='bbox 582 664 846 717; x_wconf 89' lang='lat' dir='ltr'>minuitur</span> <span class='ocrx_word' id='word_1_41' title='bbox 881 663 969 716; x_wconf 91' lang='lat' dir='ltr'>vel</span> <span class='ocrx_word' id='word_1_42' title='bbox 1006 671 1253 734; x_wconf 88' lang='lat' dir='ltr'>augetur.</span> <span class='ocrx_word' id='word_1_43' title='bbox 1331 662 1609 730; x_wconf 79' lang='lat' dir='ltr'>Quocirca</span> <span class='ocrx_word' id='word_1_44' title='bbox 1655 664 1818 715; x_wconf 87' lang='lat' dir='ltr'>etiam</span> <span class='ocrx_word' id='word_1_45' title='bbox 1869 681 1975 716; x_wconf 92' lang='lat' dir='ltr'>usu</span> 
     </span>
     <span class='ocr_line' id='line_1_8' title="bbox 269 733 1976 801; baseline -0.002 -11"><span class='ocrx_word' id='word_1_46' title='bbox 269 738 452 790; x_wconf 90' lang='lat' dir='ltr'>venire</span> <span class='ocrx_word' id='word_1_47' title='bbox 491 736 664 801; x_wconf 83' lang='lat' dir='ltr'>solet,</span> <span class='ocrx_word' id='word_1_48' title='bbox 715 742 777 788; x_wconf 88' lang='lat' dir='ltr'>ut</span> <span class='ocrx_word' id='word_1_49' title='bbox 825 754 889 787; x_wconf 90' lang='lat' dir='ltr'>ea</span> <span class='ocrx_word' id='word_1_50' title='bbox 924 742 1040 787; x_wconf 92' lang='lat' dir='ltr'>tum</span> <span class='ocrx_word' id='word_1_51' title='bbox 1079 734 1358 787; x_wconf 87' lang='lat' dir='ltr'>salutifera</span> <span class='ocrx_word' id='word_1_52' title='bbox 1393 743 1510 787; x_wconf 91' lang='lat' dir='ltr'>tum</span> <span class='ocrx_word' id='word_1_53' title='bbox 1548 733 1842 787; x_wconf 86' lang='lat' dir='ltr'>admodum</span> <span class='ocrx_word' id='word_1_54' title='bbox 1877 754 1976 787; x_wconf 91' lang='lat' dir='ltr'>no-</span> 
     </span>
     <span class='ocr_line' id='line_1_9' title="bbox 266 804 1976 877; baseline -0.002 -16"><span class='ocrx_word' id='word_1_55' title='bbox 266 809 358 861; x_wconf 86' lang='lat' dir='ltr'>xia</span> <span class='ocrx_word' id='word_1_56' title='bbox 413 815 469 861; x_wconf 92' lang='lat' dir='ltr'>et</span> <span class='ocrx_word' id='word_1_57' title='bbox 506 807 766 877; x_wconf 89' lang='lat' dir='ltr'>pestifera</span> <span class='ocrx_word' id='word_1_58' title='bbox 803 805 1036 859; x_wconf 85' lang='lat' dir='ltr'>evadere</span> <span class='ocrx_word' id='word_1_59' title='bbox 1077 813 1260 873; x_wconf 85' lang='lat' dir='ltr'><strong>queat.</strong></span> <span class='ocrx_word' id='word_1_60' title='bbox 1338 804 1399 859; x_wconf 83' lang='lat' dir='ltr'>Si</span> <span class='ocrx_word' id='word_1_61' title='bbox 1434 806 1606 876; x_wconf 86' lang='lat' dir='ltr'>igitur</span> <span class='ocrx_word' id='word_1_62' title='bbox 1641 806 1707 868; x_wconf 82' lang='lat' dir='ltr'>ii,</span> <span class='ocrx_word' id='word_1_63' title='bbox 1763 806 1857 874; x_wconf 90' lang='lat' dir='ltr'>qui</span> <span class='ocrx_word' id='word_1_64' title='bbox 1894 806 1976 858; x_wconf 90' lang='lat' dir='ltr'>in-</span> 
     </span>
     <span class='ocr_line' id='line_1_10' title="bbox 267 877 1978 951; baseline -0.002 -19"><span class='ocrx_word' id='word_1_65' title='bbox 267 879 417 951; x_wconf 85' lang='lat' dir='ltr'>genii</span> <span class='ocrx_word' id='word_1_66' title='bbox 472 878 811 950; x_wconf 88' lang='lat' dir='ltr'>praestantia</span> <span class='ocrx_word' id='word_1_67' title='bbox 862 878 998 931; x_wconf 81' lang='lat' dir='ltr'>alios</span> <span class='ocrx_word' id='word_1_68' title='bbox 1037 877 1407 946; x_wconf 88' lang='lat' dir='ltr'>antecellunt,</span> <span class='ocrx_word' id='word_1_69' title='bbox 1451 877 1636 929; x_wconf 89' lang='lat' dir='ltr'>statim</span> <span class='ocrx_word' id='word_1_70' title='bbox 1675 896 1708 929; x_wconf 87' lang='lat' dir='ltr'>a</span> <span class='ocrx_word' id='word_1_71' title='bbox 1741 877 1978 947; x_wconf 86' lang='lat' dir='ltr'>pueritia</span> 
     </span>
     <span class='ocr_line' id='line_1_11' title="bbox 267 948 1977 1020; baseline -0.002 -17"><span class='ocrx_word' id='word_1_72' title='bbox 267 951 447 1004; x_wconf 85' lang='lat' dir='ltr'>exutis</span> <span class='ocrx_word' id='word_1_73' title='bbox 494 949 678 1020; x_wconf 85' lang='lat' dir='ltr'>pravis</span> <span class='ocrx_word' id='word_1_74' title='bbox 729 948 1125 1018; x_wconf 82' lang='lat' dir='ltr'>cupiditatibus</span> <span class='ocrx_word' id='word_1_75' title='bbox 1174 955 1414 1002; x_wconf 85' lang='lat' dir='ltr'><strong>mentem</strong></span> <span class='ocrx_word' id='word_1_76' title='bbox 1453 967 1607 1001; x_wconf 91' lang='lat' dir='ltr'>suam</span> <span class='ocrx_word' id='word_1_77' title='bbox 1655 967 1977 1001; x_wconf 89' lang='lat' dir='ltr'>consuesce-</span> 
     </span>
     <span class='ocr_line' id='line_1_12' title="bbox 266 1019 1977 1092; baseline -0.002 -17"><span class='ocrx_word' id='word_1_78' title='bbox 266 1029 391 1081; x_wconf 83' lang='lat' dir='ltr'><strong>rent</strong></span> <span class='ocrx_word' id='word_1_79' title='bbox 425 1021 661 1092; x_wconf 87' lang='lat' dir='ltr'>dirigere</span> <span class='ocrx_word' id='word_1_80' title='bbox 718 1020 800 1073; x_wconf 87' lang='lat' dir='ltr'>ad·</span> <span class='ocrx_word' id='word_1_81' title='bbox 847 1020 1094 1073; x_wconf 83' lang='lat' dir='ltr'>veritatis</span> <span class='ocrx_word' id='word_1_82' title='bbox 1146 1020 1542 1091; x_wconf 84' lang='lat' dir='ltr'>cognitionem:</span> <span class='ocrx_word' id='word_1_83' title='bbox 1592 1019 1743 1071; x_wconf 90' lang='lat' dir='ltr'>haud</span> <span class='ocrx_word' id='word_1_84' title='bbox 1811 1019 1977 1072; x_wconf 91' lang='lat' dir='ltr'>dubie</span> 
     </span>
     <span class='ocr_line' id='line_1_13' title="bbox 267 1090 1978 1163; baseline -0.002 -17"><span class='ocrx_word' id='word_1_85' title='bbox 267 1094 510 1146; x_wconf 88' lang='lat' dir='ltr'>futurum</span> <span class='ocrx_word' id='word_1_86' title='bbox 549 1099 715 1159; x_wconf 87' lang='lat' dir='ltr'>esset,</span> <span class='ocrx_word' id='word_1_87' title='bbox 755 1098 816 1145; x_wconf 89' lang='lat' dir='ltr'>ut</span> <span class='ocrx_word' id='word_1_88' title='bbox 848 1110 957 1160; x_wconf 88' lang='lat' dir='ltr'>qua</span> <span class='ocrx_word' id='word_1_89' title='bbox 996 1110 1142 1144; x_wconf 91' lang='lat' dir='ltr'>nunc</span> <span class='ocrx_word' id='word_1_90' title='bbox 1175 1091 1383 1163; x_wconf 87' lang='lat' dir='ltr'>ingenii</span> <span class='ocrx_word' id='word_1_91' title='bbox 1412 1091 1691 1144; x_wconf 89' lang='lat' dir='ltr'>celeritate</span> <span class='ocrx_word' id='word_1_92' title='bbox 1728 1090 1978 1160; x_wconf 86' lang='lat' dir='ltr'>plerique</span> 
     </span>
     <span class='ocr_line' id='line_1_14' title="bbox 267 1161 1977 1233; baseline -0.002 -17"><span class='ocrx_word' id='word_1_93' title='bbox 267 1183 354 1218; x_wconf 87' lang='lat' dir='ltr'>res</span> <span class='ocrx_word' id='word_1_94' title='bbox 393 1164 656 1217; x_wconf 87' lang='lat' dir='ltr'>humanas</span> <span class='ocrx_word' id='word_1_95' title='bbox 699 1163 1002 1233; x_wconf 89' lang='lat' dir='ltr'>arripiunt,</span> <span class='ocrx_word' id='word_1_96' title='bbox 1044 1161 1235 1215; x_wconf 89' lang='lat' dir='ltr'>eadem</span> <span class='ocrx_word' id='word_1_97' title='bbox 1271 1182 1452 1215; x_wconf 92' lang='lat' dir='ltr'>rerum</span> <span class='ocrx_word' id='word_1_98' title='bbox 1492 1161 1796 1215; x_wconf 88' lang='lat' dir='ltr'>divinarum</span> <span class='ocrx_word' id='word_1_99' title='bbox 1835 1162 1977 1214; x_wconf 90' lang='lat' dir='ltr'>noti-</span> 
     </span>
     <span class='ocr_line' id='line_1_15' title="bbox 267 1232 1978 1306; baseline -0.001 -18"><span class='ocrx_word' id='word_1_100' title='bbox 267 1236 398 1288; x_wconf 87' lang='lat' dir='ltr'>tiam</span> <span class='ocrx_word' id='word_1_101' title='bbox 452 1234 569 1288; x_wconf 71' lang='lat' dir='ltr'>sibi</span> <span class='ocrx_word' id='word_1_102' title='bbox 621 1241 1019 1304; x_wconf 83' lang='lat' dir='ltr'>compararent.</span> <span class='ocrx_word' id='word_1_103' title='bbox 1110 1233 1176 1288; x_wconf 80' lang='lat' dir='ltr'>P.</span> <span class='ocrx_word' id='word_1_104' title='bbox 1227 1237 1346 1286; x_wconf 86' lang='grc'><strong>517.</strong></span> <span class='ocrx_word' id='word_1_105' title='bbox 1396 1233 1584 1306; x_wconf 38' lang='grc' dir='ltr'><strong>Β..--</strong></span> <span class='ocrx_word' id='word_1_106' title='bbox 1636 1235 1755 1286; x_wconf 81' lang='grc'><strong>519.</strong></span> <span class='ocrx_word' id='word_1_107' title='bbox 1807 1232 1871 1286; x_wconf 82' lang='grc' dir='ltr'>Β.</span> <span class='ocrx_word' id='word_1_108' title='bbox 1910 1264 1978 1271; x_wconf 89' lang='lat'>—</span> 
     </span>
     <span class='ocr_line' id='line_1_16' title="bbox 269 1305 1980 1374; baseline -0.001 -16"><span class='ocrx_word' id='word_1_109' title='bbox 269 1306 547 1374; x_wconf 74' lang='lat' dir='ltr'>Quoniam</span> <span class='ocrx_word' id='word_1_110' title='bbox 600 1314 782 1358; x_wconf 86' lang='lat' dir='ltr'>autem</span> <span class='ocrx_word' id='word_1_111' title='bbox 832 1312 888 1358; x_wconf 90' lang='lat' dir='ltr'>et</span> <span class='ocrx_word' id='word_1_112' title='bbox 934 1305 1015 1357; x_wconf 90' lang='lat' dir='ltr'>rei</span> <span class='ocrx_word' id='word_1_113' title='bbox 1063 1313 1290 1357; x_wconf 90' lang='lat' dir='ltr'>naturae</span> <span class='ocrx_word' id='word_1_114' title='bbox 1329 1311 1416 1357; x_wconf 91' lang='lat' dir='ltr'>est</span> <span class='ocrx_word' id='word_1_115' title='bbox 1455 1312 1884 1357; x_wconf 84' lang='lat' dir='ltr'>consentaneum</span> <span class='ocrx_word' id='word_1_116' title='bbox 1924 1311 1980 1357; x_wconf 89' lang='lat' dir='ltr'>et</span> 
     </span>
     <span class='ocr_line' id='line_1_17' title="bbox 269 1375 1980 1447; baseline -0.002 -16"><span class='ocrx_word' id='word_1_117' title='bbox 269 1397 338 1431; x_wconf 80' lang='lat' dir='ltr'>ex</span> <span class='ocrx_word' id='word_1_118' title='bbox 375 1377 658 1447; x_wconf 85' lang='lat' dir='ltr'>superiore</span> <span class='ocrx_word' id='word_1_119' title='bbox 710 1376 1080 1447; x_wconf 89' lang='lat' dir='ltr'>disputatione</span> <span class='ocrx_word' id='word_1_120' title='bbox 1118 1395 1217 1429; x_wconf 88' lang='lat' dir='ltr'>sua</span> <span class='ocrx_word' id='word_1_121' title='bbox 1255 1382 1454 1445; x_wconf 91' lang='lat' dir='ltr'>sponte</span> <span class='ocrx_word' id='word_1_122' title='bbox 1493 1375 1848 1444; x_wconf 86' lang='lat' dir='ltr'>consequitur</span> <span class='ocrx_word' id='word_1_123' title='bbox 1885 1394 1980 1428; x_wconf 90' lang='lat' dir='ltr'>ne-</span> 
     </span>
     <span class='ocr_line' id='line_1_18' title="bbox 270 1446 1979 1518; baseline -0.001 -17"><span class='ocrx_word' id='word_1_124' title='bbox 270 1468 377 1518; x_wconf 93' lang='lat' dir='ltr'>que</span> <span class='ocrx_word' id='word_1_125' title='bbox 418 1467 532 1516; x_wconf 77' lang='lat' dir='ltr'>ene,</span> <span class='ocrx_word' id='word_1_126' title='bbox 575 1448 666 1517; x_wconf 91' lang='lat' dir='ltr'>qui</span> <span class='ocrx_word' id='word_1_127' title='bbox 712 1449 823 1500; x_wconf 88' lang='lat' dir='ltr'>sint</span> <span class='ocrx_word' id='word_1_128' title='bbox 854 1447 1176 1518; x_wconf 84' lang='lat' dir='ltr'>insipientes</span> <span class='ocrx_word' id='word_1_129' title='bbox 1214 1454 1268 1499; x_wconf 89' lang='lat' dir='ltr'>et</span> <span class='ocrx_word' id='word_1_130' title='bbox 1295 1447 1539 1499; x_wconf 89' lang='lat' dir='ltr'>veritatis</span> <span class='ocrx_word' id='word_1_131' title='bbox 1569 1446 1762 1518; x_wconf 85' lang='lat' dir='ltr'>ignari,</span> <span class='ocrx_word' id='word_1_132' title='bbox 1800 1465 1979 1515; x_wconf 90' lang='lat' dir='ltr'>neque</span> 
     </span>
     <span class='ocr_line' id='line_1_19' title="bbox 210 1517 1980 1589; baseline -0.001 -16"><span class='ocrx_word' id='word_1_133' title='bbox 210 1534 213 1537; x_wconf 84' lang='lat'>&#39;</span> <span class='ocrx_word' id='word_1_134' title='bbox 269 1520 425 1588; x_wconf 88' lang='lat' dir='ltr'>illos,</span> <span class='ocrx_word' id='word_1_135' title='bbox 477 1519 571 1589; x_wconf 91' lang='lat' dir='ltr'>qui</span> <span class='ocrx_word' id='word_1_136' title='bbox 617 1518 754 1571; x_wconf 86' lang='lat' dir='ltr'>nihil</span> <span class='ocrx_word' id='word_1_137' title='bbox 804 1518 954 1571; x_wconf 89' lang='lat' dir='ltr'>aliud</span> <span class='ocrx_word' id='word_1_138' title='bbox 1002 1519 1106 1571; x_wconf 91' lang='lat' dir='ltr'>nisi</span> <span class='ocrx_word' id='word_1_139' title='bbox 1156 1518 1408 1572; x_wconf 86' lang='lat' dir='ltr'>sublimia</span> <span class='ocrx_word' id='word_1_140' title='bbox 1445 1525 1611 1587; x_wconf 89' lang='lat' dir='ltr'>atque</span> <span class='ocrx_word' id='word_1_141' title='bbox 1647 1517 1833 1570; x_wconf 87' lang='lat' dir='ltr'>divina</span> <span class='ocrx_word' id='word_1_142' title='bbox 1868 1537 1980 1571; x_wconf 89' lang='lat' dir='ltr'>me-</span> 
     </span>
     <span class='ocr_line' id='line_1_20' title="bbox 271 1589 1981 1660; baseline -0.001 -17"><span class='ocrx_word' id='word_1_143' title='bbox 271 1590 543 1653; x_wconf 73' lang='lat' dir='ltr'>ditentur,</span> <span class='ocrx_word' id='word_1_144' title='bbox 596 1590 826 1644; x_wconf 90' lang='lat' dir='ltr'>idoneos</span> <span class='ocrx_word' id='word_1_145' title='bbox 866 1607 986 1643; x_wconf 85' lang='lat' dir='ltr'>esse</span> <span class='ocrx_word' id='word_1_146' title='bbox 1026 1589 1312 1643; x_wconf 87' lang='lat' dir='ltr'>civitatum</span> <span class='ocrx_word' id='word_1_147' title='bbox 1346 1596 1588 1642; x_wconf 88' lang='lat' dir='ltr'>rectores</span> <span class='ocrx_word' id='word_1_148' title='bbox 1629 1597 1794 1659; x_wconf 88' lang='lat' dir='ltr'>atque</span> <span class='ocrx_word' id='word_1_149' title='bbox 1831 1589 1981 1660; x_wconf 90' lang='lat' dir='ltr'>prin-</span> 
     </span>
     <span class='ocr_line' id='line_1_21' title="bbox 270 1659 1981 1733; baseline -0.001 -18"><span class='ocrx_word' id='word_1_150' title='bbox 270 1663 447 1733; x_wconf 86' lang='lat' dir='ltr'>cipes3</span> <span class='ocrx_word' id='word_1_151' title='bbox 497 1662 655 1731; x_wconf 85' lang='lat' dir='ltr'>illos,</span> <span class='ocrx_word' id='word_1_152' title='bbox 716 1661 811 1731; x_wconf 87' lang='lat' dir='ltr'>qui</span> <span class='ocrx_word' id='word_1_153' title='bbox 862 1668 1089 1714; x_wconf 89' lang='lat' dir='ltr'>naturae</span> <span class='ocrx_word' id='word_1_154' title='bbox 1151 1661 1396 1714; x_wconf 83' lang='lat' dir='ltr'>bonitate</span> <span class='ocrx_word' id='word_1_155' title='bbox 1453 1660 1607 1714; x_wconf 89' lang='lat' dir='ltr'>ducti</span> <span class='ocrx_word' id='word_1_156' title='bbox 1670 1661 1850 1713; x_wconf 91' lang='lat' dir='ltr'>animo</span> <span class='ocrx_word' id='word_1_157' title='bbox 1911 1659 1981 1713; x_wconf 90' lang='lat' dir='ltr'>ad</span> 
     </span>
     <span class='ocr_line' id='line_1_22' title="bbox 270 1731 1979 1804; baseline -0.001 -17"><span class='ocrx_word' id='word_1_158' title='bbox 270 1733 467 1788; x_wconf 88' lang='lat' dir='ltr'>summi</span> <span class='ocrx_word' id='word_1_159' title='bbox 503 1733 636 1786; x_wconf 89' lang='lat' dir='ltr'>boni</span> <span class='ocrx_word' id='word_1_160' title='bbox 674 1732 1045 1804; x_wconf 85' lang='lat' dir='ltr'>cognitionem</span> <span class='ocrx_word' id='word_1_161' title='bbox 1083 1732 1399 1800; x_wconf 75' lang='lat' dir='ltr'>evolarunt,</span> <span class='ocrx_word' id='word_1_162' title='bbox 1456 1751 1679 1786; x_wconf 91' lang='lat' dir='ltr'>monere</span> <span class='ocrx_word' id='word_1_163' title='bbox 1717 1731 1979 1786; x_wconf 85' lang='lat' dir='ltr'>debemus</span> 
     </span>
     <span class='ocr_line' id='line_1_23' title="bbox 270 1802 1980 1875; baseline -0.001 -18"><span class='ocrx_word' id='word_1_164' title='bbox 270 1805 521 1874; x_wconf 87' lang='lat' dir='ltr'>adeoque</span> <span class='ocrx_word' id='word_1_165' title='bbox 559 1823 776 1875; x_wconf 87' lang='lat' dir='ltr'>cogere,</span> <span class='ocrx_word' id='word_1_166' title='bbox 815 1812 878 1856; x_wconf 89' lang='lat' dir='ltr'>ut</span> <span class='ocrx_word' id='word_1_167' title='bbox 913 1804 1121 1858; x_wconf 88' lang='lat' dir='ltr'>relictis</span> <span class='ocrx_word' id='word_1_168' title='bbox 1173 1804 1500 1858; x_wconf 85' lang='lat' dir='ltr'>sublimibus</span> <span class='ocrx_word' id='word_1_169' title='bbox 1539 1804 1645 1857; x_wconf 90' lang='lat' dir='ltr'>illis</span> <span class='ocrx_word' id='word_1_170' title='bbox 1681 1822 1861 1856; x_wconf 90' lang='lat' dir='ltr'>rerum</span> <span class='ocrx_word' id='word_1_171' title='bbox 1898 1802 1980 1856; x_wconf 88' lang='lat' dir='ltr'>di-</span> 
     </span>
     <span class='ocr_line' id='line_1_24' title="bbox 269 1874 1980 1946; baseline -0.001 -18"><span class='ocrx_word' id='word_1_172' title='bbox 269 1876 520 1929; x_wconf 88' lang='lat' dir='ltr'>vinarum</span> <span class='ocrx_word' id='word_1_173' title='bbox 565 1876 882 1946; x_wconf 86' lang='lat' dir='ltr'>regionibus</span> <span class='ocrx_word' id='word_1_174' title='bbox 935 1894 1123 1930; x_wconf 86' lang='lat' dir='ltr'>rursus</span> <span class='ocrx_word' id='word_1_175' title='bbox 1189 1874 1528 1929; x_wconf 89' lang='lat' dir='ltr'>descendant</span> <span class='ocrx_word' id='word_1_176' title='bbox 1577 1874 1648 1927; x_wconf 88' lang='lat' dir='ltr'>ad</span> <span class='ocrx_word' id='word_1_177' title='bbox 1696 1875 1842 1928; x_wconf 87' lang='lat' dir='ltr'>vitae</span> <span class='ocrx_word' id='word_1_178' title='bbox 1879 1874 1980 1927; x_wconf 92' lang='lat' dir='ltr'>hu-</span> 
     </span>
     <span class='ocr_line' id='line_1_25' title="bbox 271 1945 1978 2015; baseline -0.001 -15"><span class='ocrx_word' id='word_1_179' title='bbox 271 1966 459 2000; x_wconf 82' lang='lat' dir='ltr'>manae</span> <span class='ocrx_word' id='word_1_180' title='bbox 497 1947 878 2000; x_wconf 87' lang='lat' dir='ltr'>humilitatem.</span> <span class='ocrx_word' id='word_1_181' title='bbox 955 1946 1122 2015; x_wconf 79' lang='lat' dir='ltr'>Quod</span> <span class='ocrx_word' id='word_1_182' title='bbox 1161 1947 1376 1999; x_wconf 90' lang='lat' dir='ltr'>etiamsi</span> <span class='ocrx_word' id='word_1_183' title='bbox 1413 1947 1678 2000; x_wconf 89' lang='lat' dir='ltr'>iniustum</span> <span class='ocrx_word' id='word_1_184' title='bbox 1703 1945 1978 2014; x_wconf 72' lang='lat' dir='ltr'>videatur,</span> 
     </span>
     <span class='ocr_line' id='line_1_26' title="bbox 271 2017 1979 2088; baseline -0.001 -17"><span class='ocrx_word' id='word_1_185' title='bbox 271 2019 402 2088; x_wconf 89' lang='lat' dir='ltr'>quia</span> <span class='ocrx_word' id='word_1_186' title='bbox 449 2019 517 2072; x_wconf 91' lang='lat' dir='ltr'>iis</span> <span class='ocrx_word' id='word_1_187' title='bbox 568 2038 760 2072; x_wconf 90' lang='lat' dir='ltr'>rursus</span> <span class='ocrx_word' id='word_1_188' title='bbox 813 2018 1070 2088; x_wconf 87' lang='lat' dir='ltr'>eripimus</span> <span class='ocrx_word' id='word_1_189' title='bbox 1121 2036 1362 2072; x_wconf 86' lang='lat' dir='ltr'>summae</span> <span class='ocrx_word' id='word_1_190' title='bbox 1401 2017 1680 2071; x_wconf 87' lang='lat' dir='ltr'>beatitatis</span> <span class='ocrx_word' id='word_1_191' title='bbox 1718 2018 1979 2086; x_wconf 90' lang='lat' dir='ltr'>fructum,</span> 
     </span>
     <span class='ocr_line' id='line_1_27' title="bbox 273 2088 1979 2159; baseline -0.001 -17"><span class='ocrx_word' id='word_1_192' title='bbox 273 2109 435 2159; x_wconf 92' lang='lat' dir='ltr'>quem</span> <span class='ocrx_word' id='word_1_193' title='bbox 494 2095 675 2142; x_wconf 87' lang='lat' dir='ltr'>rerum</span> <span class='ocrx_word' id='word_1_194' title='bbox 735 2089 1047 2143; x_wconf 87' lang='lat' dir='ltr'>sublimium</span> <span class='ocrx_word' id='word_1_195' title='bbox 1108 2088 1463 2151; x_wconf 87' lang='lat' dir='ltr'>meditatione</span> <span class='ocrx_word' id='word_1_196' title='bbox 1522 2089 1629 2142; x_wconf 89' lang='lat' dir='ltr'>sibi</span> <span class='ocrx_word' id='word_1_197' title='bbox 1688 2096 1979 2159; x_wconf 83' lang='lat' dir='ltr'>pararunt3</span> 
     </span>
     <span class='ocr_line' id='line_1_28' title="bbox 269 2159 1981 2232; baseline 0 -19"><span class='ocrx_word' id='word_1_198' title='bbox 269 2169 455 2213; x_wconf 84' lang='lat' dir='ltr'>tamen</span> <span class='ocrx_word' id='word_1_199' title='bbox 487 2160 773 2232; x_wconf 88' lang='lat' dir='ltr'>legislator</span> <span class='ocrx_word' id='word_1_200' title='bbox 806 2180 918 2213; x_wconf 91' lang='lat' dir='ltr'>non</span> <span class='ocrx_word' id='word_1_201' title='bbox 955 2160 1014 2213; x_wconf 91' lang='lat' dir='ltr'>id</span> <span class='ocrx_word' id='word_1_202' title='bbox 1052 2159 1217 2214; x_wconf 88' lang='lat' dir='ltr'>debet</span> <span class='ocrx_word' id='word_1_203' title='bbox 1253 2179 1461 2229; x_wconf 90' lang='lat' dir='ltr'>curare,</span> <span class='ocrx_word' id='word_1_204' title='bbox 1500 2170 1564 2214; x_wconf 88' lang='lat' dir='ltr'>ut</span> <span class='ocrx_word' id='word_1_205' title='bbox 1602 2178 1747 2213; x_wconf 89' lang='lat' dir='ltr'>unus</span> <span class='ocrx_word' id='word_1_206' title='bbox 1784 2160 1981 2230; x_wconf 88' lang='lat' dir='ltr'>aliquis</span> 
     </span>
     <span class='ocr_line' id='line_1_29' title="bbox 271 2230 1981 2303; baseline 0 -18"><span class='ocrx_word' id='word_1_207' title='bbox 271 2231 471 2286; x_wconf 85' lang='lat' dir='ltr'>civium</span> <span class='ocrx_word' id='word_1_208' title='bbox 519 2230 654 2285; x_wconf 89' lang='lat' dir='ltr'>ordo</span> <span class='ocrx_word' id='word_1_209' title='bbox 692 2233 884 2285; x_wconf 89' lang='lat' dir='ltr'>beatus</span> <span class='ocrx_word' id='word_1_210' title='bbox 924 2231 1180 2300; x_wconf 82' lang='lat' dir='ltr'>exsistat,</span> <span class='ocrx_word' id='word_1_211' title='bbox 1236 2231 1333 2284; x_wconf 90' lang='lat' dir='ltr'>sed</span> <span class='ocrx_word' id='word_1_212' title='bbox 1370 2231 1509 2284; x_wconf 92' lang='lat' dir='ltr'>illud</span> <span class='ocrx_word' id='word_1_213' title='bbox 1545 2231 1731 2302; x_wconf 86' lang='lat' dir='ltr'>potius</span> <span class='ocrx_word' id='word_1_214' title='bbox 1770 2232 1819 2285; x_wconf 93' lang='lat' dir='ltr'>ei</span> <span class='ocrx_word' id='word_1_215' title='bbox 1857 2250 1981 2303; x_wconf 85' lang='lat' dir='ltr'>spe-</span> 
     </span>
     <span class='ocr_line' id='line_1_30' title="bbox 273 2302 1982 2371; baseline 0 -15"><span class='ocrx_word' id='word_1_216' title='bbox 273 2302 533 2356; x_wconf 90' lang='lat' dir='ltr'>ctandum</span> <span class='ocrx_word' id='word_1_217' title='bbox 586 2310 696 2371; x_wconf 88' lang='lat' dir='ltr'>est,</span> <span class='ocrx_word' id='word_1_218' title='bbox 752 2311 816 2356; x_wconf 91' lang='lat' dir='ltr'>ut</span> <span class='ocrx_word' id='word_1_219' title='bbox 864 2303 1152 2356; x_wconf 88' lang='lat' dir='ltr'>universae</span> <span class='ocrx_word' id='word_1_220' title='bbox 1218 2303 1457 2357; x_wconf 86' lang='lat' dir='ltr'>civitatis</span> <span class='ocrx_word' id='word_1_221' title='bbox 1521 2303 1669 2357; x_wconf 85' lang='lat' dir='ltr'>salus</span> <span class='ocrx_word' id='word_1_222' title='bbox 1735 2303 1982 2356; x_wconf 90' lang='lat' dir='ltr'>firmetur</span> 
     </span>
     <span class='ocr_line' id='line_1_31' title="bbox 274 2373 1979 2445; baseline -0.001 -18"><span class='ocrx_word' id='word_1_223' title='bbox 274 2381 438 2443; x_wconf 90' lang='lat' dir='ltr'>atque</span> <span class='ocrx_word' id='word_1_224' title='bbox 478 2382 762 2445; x_wconf 85' lang='lat' dir='ltr'>augeatur.</span> <span class='ocrx_word' id='word_1_225' title='bbox 841 2373 1026 2441; x_wconf 77' lang='lat' dir='ltr'>Quare</span> <span class='ocrx_word' id='word_1_226' title='bbox 1064 2382 1213 2428; x_wconf 91' lang='lat' dir='ltr'>recte</span> <span class='ocrx_word' id='word_1_227' title='bbox 1265 2374 1628 2444; x_wconf 90' lang='lat' dir='ltr'>philosophos</span> <span class='ocrx_word' id='word_1_228' title='bbox 1667 2374 1979 2428; x_wconf 86' lang='lat' dir='ltr'>cohortabi-</span> 
     </span>
     <span class='ocr_line' id='line_1_32' title="bbox 273 2446 1980 2518; baseline 0.001 -20"><span class='ocrx_word' id='word_1_229' title='bbox 273 2465 411 2512; x_wconf 90' lang='lat' dir='ltr'>mur,</span> <span class='ocrx_word' id='word_1_230' title='bbox 451 2453 515 2498; x_wconf 89' lang='lat' dir='ltr'>ut</span> <span class='ocrx_word' id='word_1_231' title='bbox 551 2464 619 2498; x_wconf 90' lang='lat' dir='ltr'>ne</span> <span class='ocrx_word' id='word_1_232' title='bbox 656 2464 743 2499; x_wconf 92' lang='lat' dir='ltr'>res</span> <span class='ocrx_word' id='word_1_233' title='bbox 770 2465 1084 2499; x_wconf 89' lang='lat' dir='ltr'>communes</span> <span class='ocrx_word' id='word_1_234' title='bbox 1124 2446 1294 2498; x_wconf 91' lang='lat' dir='ltr'>velint</span> <span class='ocrx_word' id='word_1_235' title='bbox 1323 2446 1622 2518; x_wconf 82' lang='lat' dir='ltr'>negligere,</span> <span class='ocrx_word' id='word_1_236' title='bbox 1661 2446 1980 2516; x_wconf 84' lang='lat' dir='ltr'>praesertim</span> 
     </span>
     <span class='ocr_line' id='line_1_33' title="bbox 275 2517 1979 2588; baseline 0 -18"><span class='ocrx_word' id='word_1_237' title='bbox 275 2535 442 2586; x_wconf 87' lang='lat' dir='ltr'>quum</span> <span class='ocrx_word' id='word_1_238' title='bbox 490 2517 805 2588; x_wconf 79' lang='lat' dir='ltr'>respublica</span> <span class='ocrx_word' id='word_1_239' title='bbox 853 2517 959 2570; x_wconf 90' lang='lat' dir='ltr'>hoc</span> <span class='ocrx_word' id='word_1_240' title='bbox 997 2517 1065 2571; x_wconf 87' lang='lat' dir='ltr'>ab</span> <span class='ocrx_word' id='word_1_241' title='bbox 1114 2517 1182 2571; x_wconf 89' lang='lat' dir='ltr'>iis</span> <span class='ocrx_word' id='word_1_242' title='bbox 1219 2517 1336 2570; x_wconf 92' lang='lat' dir='ltr'>iure</span> <span class='ocrx_word' id='word_1_243' title='bbox 1375 2517 1611 2587; x_wconf 88' lang='lat' dir='ltr'>quodam</span> <span class='ocrx_word' id='word_1_244' title='bbox 1649 2537 1748 2571; x_wconf 85' lang='lat' dir='ltr'>suo</span> <span class='ocrx_word' id='word_1_245' title='bbox 1786 2525 1979 2588; x_wconf 85' lang='lat' dir='ltr'>postu-</span> 
     </span>
     <span class='ocr_line' id='line_1_34' title="bbox 270 2587 1981 2660; baseline 0.001 -20"><span class='ocrx_word' id='word_1_246' title='bbox 270 2588 382 2641; x_wconf 89' lang='lat' dir='ltr'>lare</span> <span class='ocrx_word' id='word_1_247' title='bbox 435 2589 642 2659; x_wconf 78' lang='lat' dir='ltr'>possit,</span> <span class='ocrx_word' id='word_1_248' title='bbox 695 2596 990 2660; x_wconf 89' lang='lat' dir='ltr'>propterea</span> <span class='ocrx_word' id='word_1_249' title='bbox 1038 2587 1185 2658; x_wconf 89' lang='lat' dir='ltr'>quod</span> <span class='ocrx_word' id='word_1_250' title='bbox 1247 2607 1434 2642; x_wconf 90' lang='lat' dir='ltr'>eorum</span> <span class='ocrx_word' id='word_1_251' title='bbox 1483 2588 1863 2643; x_wconf 89' lang='lat' dir='ltr'>educationem</span> <span class='ocrx_word' id='word_1_252' title='bbox 1926 2598 1981 2642; x_wconf 90' lang='lat' dir='ltr'>et</span> 
     </span>
     <span class='ocr_line' id='line_1_35' title="bbox 270 2659 1979 2731; baseline 0.001 -20"><span class='ocrx_word' id='word_1_253' title='bbox 270 2659 674 2713; x_wconf 89' lang='lat' dir='ltr'>institutionem</span> <span class='ocrx_word' id='word_1_254' title='bbox 718 2680 829 2713; x_wconf 92' lang='lat' dir='ltr'>non</span> <span class='ocrx_word' id='word_1_255' title='bbox 867 2660 1142 2731; x_wconf 82' lang='lat' dir='ltr'>neglexit,</span> <span class='ocrx_word' id='word_1_256' title='bbox 1190 2659 1287 2714; x_wconf 90' lang='lat' dir='ltr'>sed</span> <span class='ocrx_word' id='word_1_257' title='bbox 1335 2660 1517 2716; x_wconf 81' lang='lat' dir='ltr'>matris</span> <span class='ocrx_word' id='word_1_258' title='bbox 1566 2660 1738 2714; x_wconf 90' lang='lat' dir='ltr'>instar</span> <span class='ocrx_word' id='word_1_259' title='bbox 1769 2659 1979 2731; x_wconf 35' lang='lat' dir='ltr'>‚fidelis-</span> 
     </span>
     <span class='ocr_line' id='line_1_36' title="bbox 273 2730 1980 2803; baseline -0.001 -19"><span class='ocrx_word' id='word_1_260' title='bbox 273 2731 405 2784; x_wconf 88' lang='lat' dir='ltr'>sime</span> <span class='ocrx_word' id='word_1_261' title='bbox 443 2731 671 2785; x_wconf 86' lang='lat' dir='ltr'>curavit.</span> <span class='ocrx_word' id='word_1_262' title='bbox 746 2731 1002 2799; x_wconf 84' lang='lat' dir='ltr'>Accedit,</span> <span class='ocrx_word' id='word_1_263' title='bbox 1042 2730 1191 2799; x_wconf 92' lang='lat' dir='ltr'>quod</span> <span class='ocrx_word' id='word_1_264' title='bbox 1225 2731 1324 2800; x_wconf 93' lang='lat' dir='ltr'>illi,</span> <span class='ocrx_word' id='word_1_265' title='bbox 1365 2750 1533 2801; x_wconf 91' lang='lat' dir='ltr'>quum</span> <span class='ocrx_word' id='word_1_266' title='bbox 1567 2732 1741 2803; x_wconf 90' lang='lat' dir='ltr'>ipsam</span> <span class='ocrx_word' id='word_1_267' title='bbox 1777 2731 1980 2802; x_wconf 89' lang='lat' dir='ltr'>pulcri·</span> 
     </span>
     <span class='ocr_line' id='line_1_37' title="bbox 273 2801 1976 2874; baseline 0 -20"><span class='ocrx_word' id='word_1_268' title='bbox 273 2801 512 2870; x_wconf 91' lang='lat' dir='ltr'>tudinis,</span> <span class='ocrx_word' id='word_1_269' title='bbox 574 2803 814 2857; x_wconf 86' lang='lat' dir='ltr'>iustitiae</span> <span class='ocrx_word' id='word_1_270' title='bbox 866 2810 919 2856; x_wconf 89' lang='lat' dir='ltr'>et</span> <span class='ocrx_word' id='word_1_271' title='bbox 967 2803 1231 2856; x_wconf 88' lang='lat' dir='ltr'>bonitatis</span> <span class='ocrx_word' id='word_1_272' title='bbox 1294 2803 1533 2873; x_wconf 89' lang='lat' dir='ltr'>speciem</span> <span class='ocrx_word' id='word_1_273' title='bbox 1598 2802 1976 2874; x_wconf 85' lang='lat' dir='ltr'>cognoverint,</span> 
     </span>
     <span class='ocr_line' id='line_1_38' title="bbox 275 2873 1979 2946; baseline 0.001 -21"><span class='ocrx_word' id='word_1_274' title='bbox 275 2873 407 2942; x_wconf 91' lang='lat' dir='ltr'>quid</span> <span class='ocrx_word' id='word_1_275' title='bbox 457 2874 515 2926; x_wconf 93' lang='lat' dir='ltr'>in</span> <span class='ocrx_word' id='word_1_276' title='bbox 561 2875 800 2946; x_wconf 87' lang='lat' dir='ltr'>negotiis</span> <span class='ocrx_word' id='word_1_277' title='bbox 838 2874 1090 2927; x_wconf 89' lang='lat' dir='ltr'>humanis</span> <span class='ocrx_word' id='word_1_278' title='bbox 1140 2874 1345 2927; x_wconf 88' lang='lat' dir='ltr'>iustum</span> <span class='ocrx_word' id='word_1_279' title='bbox 1379 2874 1454 2927; x_wconf 89' lang='lat' dir='ltr'>sit</span> <span class='ocrx_word' id='word_1_280' title='bbox 1488 2882 1655 2944; x_wconf 90' lang='lat' dir='ltr'>atque</span> <span class='ocrx_word' id='word_1_281' title='bbox 1690 2874 1979 2927; x_wconf 85' lang='lat' dir='ltr'>honestum</span> 
     </span>
     <span class='ocr_line' id='line_1_39' title="bbox 274 2943 1976 3015; baseline 0.001 -19"><span class='ocrx_word' id='word_1_282' title='bbox 274 2945 513 2997; x_wconf 90' lang='lat' dir='ltr'>omnium</span> <span class='ocrx_word' id='word_1_283' title='bbox 562 2946 766 3015; x_wconf 90' lang='lat' dir='ltr'>optime</span> <span class='ocrx_word' id='word_1_284' title='bbox 838 2945 1246 3014; x_wconf 87' lang='lat' dir='ltr'>diiudicabunt,</span> <span class='ocrx_word' id='word_1_285' title='bbox 1308 2943 1547 3014; x_wconf 89' lang='lat' dir='ltr'>ideoque</span> <span class='ocrx_word' id='word_1_286' title='bbox 1605 2944 1976 3012; x_wconf 87' lang='lat' dir='ltr'>securitatem,</span> 
     </span>
     <span class='ocr_line' id='line_1_40' title="bbox 274 3015 1978 3088; baseline 0.001 -22"><span class='ocrx_word' id='word_1_287' title='bbox 274 3016 758 3086; x_wconf 83' lang='lat' dir='ltr'>tranquillitatem,</span> <span class='ocrx_word' id='word_1_288' title='bbox 812 3035 1004 3088; x_wconf 90' lang='lat' dir='ltr'>pacem</span> <span class='ocrx_word' id='word_1_289' title='bbox 1039 3016 1198 3070; x_wconf 87' lang='lat' dir='ltr'>facile</span> <span class='ocrx_word' id='word_1_290' title='bbox 1234 3017 1546 3070; x_wconf 89' lang='lat' dir='ltr'>tuebuntur.</span> <span class='ocrx_word' id='word_1_291' title='bbox 1619 3015 1816 3084; x_wconf 89' lang='lat' dir='ltr'>Neque</span> <span class='ocrx_word' id='word_1_292' title='bbox 1850 3035 1978 3086; x_wconf 88' lang='lat' dir='ltr'>pro-</span> 
     </span>
     <span class='ocr_line' id='line_1_41' title="bbox 274 3086 1978 3158; baseline 0.002 -21"><span class='ocrx_word' id='word_1_293' title='bbox 274 3086 419 3138; x_wconf 89' lang='lat' dir='ltr'>fecto</span> <span class='ocrx_word' id='word_1_294' title='bbox 457 3087 591 3157; x_wconf 88' lang='lat' dir='ltr'>ipsi,</span> <span class='ocrx_word' id='word_1_295' title='bbox 634 3089 840 3158; x_wconf 91' lang='lat' dir='ltr'>quippe</span> <span class='ocrx_word' id='word_1_296' title='bbox 889 3087 994 3142; x_wconf 83' lang='lat' dir='ltr'>viri</span> <span class='ocrx_word' id='word_1_297' title='bbox 1045 3088 1207 3157; x_wconf 89' lang='lat' dir='ltr'>aequi</span> <span class='ocrx_word' id='word_1_298' title='bbox 1258 3095 1420 3157; x_wconf 90' lang='lat' dir='ltr'>atque</span> <span class='ocrx_word' id='word_1_299' title='bbox 1466 3086 1771 3158; x_wconf 85' lang='lat' dir='ltr'>sapienteS,</span> <span class='ocrx_word' id='word_1_300' title='bbox 1829 3087 1978 3157; x_wconf 90' lang='lat' dir='ltr'>quod</span> 
     </span>
     <span class='ocr_line' id='line_1_42' title="bbox 274 3156 1977 3228; baseline 0.001 -20"><span class='ocrx_word' id='word_1_301' title='bbox 274 3156 342 3208; x_wconf 86' lang='lat' dir='ltr'>ab</span> <span class='ocrx_word' id='word_1_302' title='bbox 382 3156 448 3209; x_wconf 90' lang='lat' dir='ltr'>iis</span> <span class='ocrx_word' id='word_1_303' title='bbox 485 3160 797 3228; x_wconf 89' lang='lat' dir='ltr'>postulatur</span> <span class='ocrx_word' id='word_1_304' title='bbox 833 3159 1233 3227; x_wconf 88' lang='lat' dir='ltr'>detrectabunt,</span> <span class='ocrx_word' id='word_1_305' title='bbox 1273 3158 1373 3211; x_wconf 92' lang='lat' dir='ltr'>sed</span> <span class='ocrx_word' id='word_1_306' title='bbox 1409 3159 1486 3210; x_wconf 92' lang='lat' dir='ltr'>rei</span> <span class='ocrx_word' id='word_1_307' title='bbox 1525 3158 1829 3211; x_wconf 85' lang='lat' dir='ltr'>communis</span> <span class='ocrx_word' id='word_1_308' title='bbox 1863 3178 1977 3211; x_wconf 91' lang='lat' dir='ltr'>mo-</span> 
     </span>
     <span class='ocr_line' id='line_1_43' title="bbox 274 3226 1974 3300; baseline 0.002 -22"><span class='ocrx_word' id='word_1_309' title='bbox 274 3226 610 3281; x_wconf 82' lang='lat' dir='ltr'>derationem</span> <span class='ocrx_word' id='word_1_310' title='bbox 661 3237 922 3300; x_wconf 90' lang='lat' dir='ltr'>tanquam</span> <span class='ocrx_word' id='word_1_311' title='bbox 973 3249 1111 3284; x_wconf 92' lang='lat' dir='ltr'>onus</span> <span class='ocrx_word' id='word_1_312' title='bbox 1168 3229 1443 3298; x_wconf 86' lang='lat' dir='ltr'>quoddam</span> <span class='ocrx_word' id='word_1_313' title='bbox 1491 3228 1548 3280; x_wconf 92' lang='lat' dir='ltr'>in</span> <span class='ocrx_word' id='word_1_314' title='bbox 1599 3247 1657 3282; x_wconf 89' lang='lat' dir='ltr'>se</span> <span class='ocrx_word' id='word_1_315' title='bbox 1689 3230 1974 3299; x_wconf 90' lang='lat' dir='ltr'>recipient,</span> 
     </span>
     <span class='ocr_line' id='line_1_44' title="bbox 274 3299 1974 3370; baseline 0.002 -21"><span class='ocrx_word' id='word_1_316' title='bbox 274 3305 338 3350; x_wconf 88' lang='lat' dir='ltr'>ut</span> <span class='ocrx_word' id='word_1_317' title='bbox 374 3317 486 3351; x_wconf 91' lang='lat' dir='ltr'>non</span> <span class='ocrx_word' id='word_1_318' title='bbox 523 3300 628 3353; x_wconf 88' lang='lat' dir='ltr'>sibi</span> <span class='ocrx_word' id='word_1_319' title='bbox 666 3302 860 3370; x_wconf 89' lang='lat' dir='ltr'>solum,</span> <span class='ocrx_word' id='word_1_320' title='bbox 901 3299 1002 3355; x_wconf 88' lang='lat' dir='ltr'>sed</span> <span class='ocrx_word' id='word_1_321' title='bbox 1042 3301 1204 3354; x_wconf 91' lang='lat' dir='ltr'>etiam</span> <span class='ocrx_word' id='word_1_322' title='bbox 1238 3300 1447 3370; x_wconf 88' lang='lat' dir='ltr'>patriae</span> <span class='ocrx_word' id='word_1_323' title='bbox 1471 3300 1674 3354; x_wconf 85' lang='lat' dir='ltr'>vivant.</span> <span class='ocrx_word' id='word_1_324' title='bbox 1748 3301 1814 3354; x_wconf 89' lang='lat' dir='ltr'>P.</span> <span class='ocrx_word' id='word_1_325' title='bbox 1854 3301 1974 3354; x_wconf 85' lang='lat'>519.</span> 
     </span>
     <span class='ocr_line' id='line_1_45' title="bbox 276 3369 1975 3443; baseline 0.002 -23"><span class='ocrx_word' id='word_1_326' title='bbox 276 3369 340 3421; x_wconf 90' lang='grc' dir='ltr'>Β.</span> <span class='ocrx_word' id='word_1_327' title='bbox 389 3401 444 3408; x_wconf 87' lang='lat'>——-</span> <span class='ocrx_word' id='word_1_328' title='bbox 477 3372 594 3423; x_wconf 75' lang='lat'><strong>521.</strong></span> <span class='ocrx_word' id='word_1_329' title='bbox 636 3371 700 3422; x_wconf 86' lang='lat' dir='ltr'>B.</span> <span class='ocrx_word' id='word_1_330' title='bbox 741 3404 796 3412; x_wconf 84' lang='lat'>-</span> <span class='ocrx_word' id='word_1_331' title='bbox 876 3372 980 3426; x_wconf 88' lang='lat' dir='ltr'>His</span> <span class='ocrx_word' id='word_1_332' title='bbox 1024 3371 1286 3443; x_wconf 86' lang='lat' dir='ltr'>expositis</span> <span class='ocrx_word' id='word_1_333' title='bbox 1328 3371 1498 3423; x_wconf 83' lang='lat' dir='ltr'>oritur</span> <span class='ocrx_word' id='word_1_334' title='bbox 1537 3372 1804 3440; x_wconf 89' lang='lat' dir='ltr'>quaestio,</span> <span class='ocrx_word' id='word_1_335' title='bbox 1844 3389 1975 3440; x_wconf 83' lang='lat' dir='ltr'>qua-</span> 
     </span>
    </p>
   </div>
  </div>
 </body>
</html>
