<?xml version="1.0" encoding="UTF-8"?>
<!DOCTYPE html PUBLIC "-//W3C//DTD XHTML 1.0 Transitional//EN"
    "http://www.w3.org/TR/xhtml1/DTD/xhtml1-transitional.dtd">
<html xmlns="http://www.w3.org/1999/xhtml" xml:lang="en" lang="en">
 <head>
  <title>
</title>
<meta http-equiv="Content-Type" content="text/html;charset=utf-8" />
  <meta name='ocr-system' content='tesseract 3.04.00' />
  <meta name='ocr-capabilities' content='ocr_page ocr_carea ocr_par ocr_line ocrx_word'/>
</head>
<body>
  <div class='ocr_page' id='page_1' title='image "./operaomniarecens03platuoft/operaomniarecens03platuoft_0768.png"; bbox 0 0 2124 3744; ppageno 0'>
   <div class='ocr_carea' id='block_1_1' title="bbox 328 146 1407 202">
    <p class='ocr_par' dir='ltr' id='par_1_1' title="bbox 328 146 1407 202">
     <span class='ocr_line' id='line_1_1' title="bbox 328 146 1407 202; baseline -0.003 0"><span class='ocrx_word' id='word_1_1' title='bbox 328 154 420 202; x_wconf 70' lang='grc' dir='ltr'><em>14ίί</em></span> <span class='ocrx_word' id='word_1_2' title='bbox 927 146 1407 199; x_wconf 71' lang='lat' dir='ltr'>PLATONIS</span> 
     </span>
    </p>
   </div>
   <div class='ocr_carea' id='block_1_2' title="bbox 241 289 2045 1715">
    <p class='ocr_par' dir='ltr' id='par_1_2' title="bbox 241 289 2045 1715">
     <span class='ocr_line' id='line_1_2' title="bbox 322 289 2031 367; baseline -0.002 -18"><span class='ocrx_word' id='word_1_3' title='bbox 322 298 537 367; x_wconf 84' lang='grc' dir='ltr'><em>μᾶλλον</em></span> <span class='ocrx_word' id='word_1_4' title='bbox 600 296 768 349; x_wconf 85' lang='grc' dir='ltr'><em>τοῦτο</em></span> <span class='ocrx_word' id='word_1_5' title='bbox 825 289 858 358; x_wconf 81' lang='grc' dir='ltr'>ἢ</span> <span class='ocrx_word' id='word_1_6' title='bbox 915 293 978 348; x_wconf 86' lang='grc' dir='ltr'><em>τὸ</em></span> <span class='ocrx_word' id='word_1_7' title='bbox 1041 299 1296 360; x_wconf 75' lang='grc' dir='ltr'><em>ἐναντίον</em></span> <span class='ocrx_word' id='word_1_8' title='bbox 1356 297 1547 363; x_wconf 82' lang='grc' dir='ltr'><em>δηλοῖ,</em></span> <span class='ocrx_word' id='word_1_9' title='bbox 1605 293 1702 347; x_wconf 74' lang='grc' dir='ltr'><em>εἴτ’</em></span> <span class='ocrx_word' id='word_1_10' title='bbox 1792 292 2031 364; x_wconf 73' lang='grc' dir='ltr'><em>ἐγγύθεν</em></span> 
     </span>
     <span class='ocr_line' id='line_1_3' title="bbox 325 369 2031 452; baseline -0.001 -18"><span class='ocrx_word' id='word_1_11' title='bbox 325 384 748 450; x_wconf 85' lang='grc' dir='ltr'><em>προςπίπτουσα</em></span> <span class='ocrx_word' id='word_1_12' title='bbox 802 376 906 431; x_wconf 74' lang='grc' dir='ltr'><em>εἴτε</em></span> <span class='ocrx_word' id='word_1_13' title='bbox 961 376 1284 452; x_wconf 69' lang='grc' dir='ltr'><em>πόρρωθεν.</em></span> <span class='ocrx_word' id='word_1_14' title='bbox 1342 369 1444 432; x_wconf 80' lang='grc' dir='ltr'><em>ὧδε</em></span> <span class='ocrx_word' id='word_1_15' title='bbox 1489 380 1544 432; x_wconf 83' lang='grc' dir='ltr'><em>δὲ</em></span> <span class='ocrx_word' id='word_1_16' title='bbox 1590 375 1626 431; x_wconf 79' lang='grc' dir='ltr'><strong><em>ἃ</em></strong></span> <span class='ocrx_word' id='word_1_17' title='bbox 1677 381 1808 446; x_wconf 75' lang='grc' dir='ltr'><em>λέγω</em></span> <span class='ocrx_word' id='word_1_18' title='bbox 1855 386 2031 451; x_wconf 75' lang='grc' dir='ltr'><em>σαφέ-</em></span> 
     </span>
     <span class='ocr_line' id='line_1_4' title="bbox 326 454 2035 537; baseline -0.002 -19"><span class='ocrx_word' id='word_1_19' title='bbox 326 484 522 533; x_wconf 87' lang='grc' dir='ltr'><em>στερον</em></span> <span class='ocrx_word' id='word_1_20' title='bbox 571 463 713 519; x_wconf 75' lang='grc' dir='ltr'><em>εἴσει.</em></span> <span class='ocrx_word' id='word_1_21' title='bbox 770 454 954 526; x_wconf 82' lang='grc' dir='ltr'><em>οὗτοι,</em></span> <span class='ocrx_word' id='word_1_22' title='bbox 1014 470 1226 537; x_wconf 79' lang='grc' dir='ltr'><em>φαμέν,</em></span> <span class='ocrx_word' id='word_1_23' title='bbox 1286 473 1428 533; x_wconf 85' lang='grc' dir='ltr'><em>τρεῖς</em></span> <span class='ocrx_word' id='word_1_24' title='bbox 1484 458 1556 515; x_wconf 76' lang='grc' dir='ltr'><em>ἂν</em></span> <span class='ocrx_word' id='word_1_25' title='bbox 1601 461 1705 516; x_wconf 88' lang='grc' dir='ltr'><em>εἶεν</em></span> <span class='ocrx_word' id='word_1_26' title='bbox 1754 463 2035 523; x_wconf 78' lang='grc' dir='ltr'><em>δάκτυλοι,</em></span> 
     </span>
     <span class='ocr_line' id='line_1_5' title="bbox 328 545 2034 621; baseline -0.003 -18"><span class='ocrx_word' id='word_1_27' title='bbox 328 546 356 603; x_wconf 84' lang='grc' dir='ltr'>ὅ</span> <span class='ocrx_word' id='word_1_28' title='bbox 406 569 463 603; x_wconf 86' lang='grc' dir='ltr'><em>τε</em></span> <span class='ocrx_word' id='word_1_29' title='bbox 511 545 881 621; x_wconf 81' lang='grc' dir='ltr'><em>σμικρότατος</em></span> <span class='ocrx_word' id='word_1_30' title='bbox 917 551 1007 600; x_wconf 76' lang='grc' dir='ltr'><em>καὶ</em></span> <span class='ocrx_word' id='word_1_31' title='bbox 1049 545 1078 601; x_wconf 85' lang='grc' dir='ltr'>ὁ</span> <span class='ocrx_word' id='word_1_32' title='bbox 1126 545 1379 616; x_wconf 82' lang='grc' dir='ltr'><em>δεύτερος</em></span> <span class='ocrx_word' id='word_1_33' title='bbox 1421 550 1514 600; x_wconf 87' lang='grc' dir='ltr'><em>καὶ</em></span> <span class='ocrx_word' id='word_1_34' title='bbox 1545 545 1786 620; x_wconf 64' lang='grc' dir='ltr'><em>ὁξμέσος.</em></span> <span class='ocrx_word' id='word_1_35' title='bbox 1863 547 2034 601; x_wconf 79' lang='grc' dir='ltr'><em>Πάνυ</em></span> 
     </span>
     <span class='ocr_line' id='line_1_6' title="bbox 331 629 2036 705; baseline -0.001 -20"><span class='ocrx_word' id='word_1_36' title='bbox 331 631 408 701; x_wconf 74' lang='grc' dir='ltr'><em>γ’,</em></span> <span class='ocrx_word' id='word_1_37' title='bbox 470 636 595 705; x_wconf 76' lang='grc' dir='ltr'><strong><em>ἔφη.</em></strong></span> <span class='ocrx_word' id='word_1_38' title='bbox 689 629 785 693; x_wconf 83' lang='grc' dir='ltr'><em>Ὡς</em></span> <span class='ocrx_word' id='word_1_39' title='bbox 843 630 1088 699; x_wconf 70' lang='grc' dir='ltr'><em>ἐγγύθεν</em></span> <span class='ocrx_word' id='word_1_40' title='bbox 1159 635 1348 685; x_wconf 84' lang='grc' dir='ltr'>τοίνυν</span> <span class='ocrx_word' id='word_1_41' title='bbox 1413 629 1724 701; x_wconf 79' lang='grc' dir='ltr'><em>ὁρωμένους</em></span> <span class='ocrx_word' id='word_1_42' title='bbox 1779 631 2036 702; x_wconf 76' lang='grc' dir='ltr'><em>λέγοντός</em></span> 
     </span>
     <span class='ocr_line' id='line_1_7' title="bbox 330 711 2034 788; baseline -0.002 -17"><span class='ocrx_word' id='word_1_43' title='bbox 330 737 438 788; x_wconf 83' lang='grc' dir='ltr'><em>μου</em></span> <span class='ocrx_word' id='word_1_44' title='bbox 485 718 736 770; x_wconf 82' lang='grc' dir='ltr'><em>διανοοῦ.</em></span> <span class='ocrx_word' id='word_1_45' title='bbox 785 712 930 768; x_wconf 71' lang='grc' dir='ltr'><em>ἄλλα</em></span> <span class='ocrx_word' id='word_1_46' title='bbox 976 738 1075 786; x_wconf 83' lang='grc' dir='ltr'><em>μοι</em></span> <span class='ocrx_word' id='word_1_47' title='bbox 1119 719 1239 785; x_wconf 83' lang='grc' dir='ltr'><em>περὶ</em></span> <span class='ocrx_word' id='word_1_48' title='bbox 1280 711 1466 769; x_wconf 79' lang='grc' dir='ltr'><em>αὐτῶν</em></span> <span class='ocrx_word' id='word_1_49' title='bbox 1509 714 1636 770; x_wconf 85' lang='grc' dir='ltr'><em>τόδε</em></span> <span class='ocrx_word' id='word_1_50' title='bbox 1669 715 1876 769; x_wconf 86' lang='grc' dir='ltr'><em>σκόπει.</em></span> <span class='ocrx_word' id='word_1_51' title='bbox 1951 712 2034 767; x_wconf 81' lang='grc' dir='ltr'><em>Τὸ</em></span> 
     </span>
     <span class='ocr_line' id='line_1_8' title="bbox 334 798 2034 874; baseline -0.002 -18"><span class='ocrx_word' id='word_1_52' title='bbox 334 812 531 867; x_wconf 58' lang='lat' dir='ltr'><strong>nolum</strong></span> <span class='ocrx_word' id='word_1_53' title='bbox 621 798 902 863; x_wconf 80' lang='grc' dir='ltr'><em>Λάκτυλος</em></span> <span class='ocrx_word' id='word_1_54' title='bbox 958 803 1059 868; x_wconf 78' lang='grc' dir='ltr'><em>μὲν</em></span> <span class='ocrx_word' id='word_1_55' title='bbox 1117 798 1305 853; x_wconf 81' lang='grc' dir='ltr'><em>αὐτῶν</em></span> <span class='ocrx_word' id='word_1_56' title='bbox 1362 804 1622 874; x_wconf 75' lang='grc' dir='ltr'><em>φαίνεται</em></span> <span class='ocrx_word' id='word_1_57' title='bbox 1667 799 1869 870; x_wconf 83' lang='grc' dir='ltr'><em>ὁμοίως</em></span> <span class='ocrx_word' id='word_1_58' title='bbox 1913 805 2034 853; x_wconf 75' lang='grc' dir='ltr'><em>ἕκα-</em></span> 
     </span>
     <span class='ocr_line' id='line_1_9' title="bbox 241 881 2037 961; baseline -0.004 -21"><span class='ocrx_word' id='word_1_59' title='bbox 241 899 295 952; x_wconf 75' lang='grc' dir='ltr'><em>Ι)</em></span> <span class='ocrx_word' id='word_1_60' title='bbox 335 905 496 955; x_wconf 83' lang='grc' dir='ltr'><em>στος,</em></span> <span class='ocrx_word' id='word_1_61' title='bbox 542 889 632 939; x_wconf 82' lang='grc' dir='ltr'><em>καὶ</em></span> <span class='ocrx_word' id='word_1_62' title='bbox 678 883 853 961; x_wconf 73' lang='grc' dir='ltr'><em>ταύτῃ</em></span> <span class='ocrx_word' id='word_1_63' title='bbox 899 904 955 953; x_wconf 64' lang='lat'><em>2⁸</em></span> <span class='ocrx_word' id='word_1_64' title='bbox 1006 883 1170 939; x_wconf 80' lang='grc' dir='ltr'><em>οὐδὲν</em></span> <span class='ocrx_word' id='word_1_65' title='bbox 1216 886 1493 955; x_wconf 77' lang='grc' dir='ltr'><em>διαφέρει,</em></span> <span class='ocrx_word' id='word_1_66' title='bbox 1549 881 1647 938; x_wconf 82' lang='grc' dir='ltr'><em>ὲαν</em></span> <span class='ocrx_word' id='word_1_67' title='bbox 1694 905 1751 938; x_wconf 87' lang='grc' dir='ltr'><em>τε</em></span> <span class='ocrx_word' id='word_1_68' title='bbox 1793 890 1851 938; x_wconf 78' lang='grc' dir='ltr'><em>ἐν</em></span> <span class='ocrx_word' id='word_1_69' title='bbox 1894 893 2037 954; x_wconf 83' lang='grc' dir='ltr'><em>μέσω</em></span> 
     </span>
     <span class='ocr_line' id='line_1_10' title="bbox 335 965 2040 1042; baseline -0.002 -16"><span class='ocrx_word' id='word_1_70' title='bbox 335 969 541 1042; x_wconf 80' lang='grc' dir='ltr'><em>ὁρᾶται</em></span> <span class='ocrx_word' id='word_1_71' title='bbox 586 968 684 1023; x_wconf 80' lang='grc' dir='ltr'><em>ὲοὶν</em></span> <span class='ocrx_word' id='word_1_72' title='bbox 729 965 779 1022; x_wconf 78' lang='grc' dir='ltr'><em>τ’</em></span> <span class='ocrx_word' id='word_1_73' title='bbox 844 974 902 1022; x_wconf 86' lang='grc' dir='ltr'><em>ὲν</em></span> <span class='ocrx_word' id='word_1_74' title='bbox 959 967 1188 1039; x_wconf 76' lang='grc' dir='ltr'><em>ἐσχάτῳ,</em></span> <span class='ocrx_word' id='word_1_75' title='bbox 1231 967 1329 1022; x_wconf 73' lang='grc' dir='ltr'><em>ἐάν</em></span> <span class='ocrx_word' id='word_1_76' title='bbox 1372 989 1426 1022; x_wconf 91' lang='grc' dir='ltr'><em>τε</em></span> <span class='ocrx_word' id='word_1_77' title='bbox 1471 966 1660 1031; x_wconf 82' lang='grc' dir='ltr'><em>λευκὸς</em></span> <span class='ocrx_word' id='word_1_78' title='bbox 1707 971 1805 1022; x_wconf 80' lang='grc' dir='ltr'><em>ἐάν</em></span> <span class='ocrx_word' id='word_1_79' title='bbox 1849 989 1906 1022; x_wconf 89' lang='grc' dir='ltr'><em>τε</em></span> <span class='ocrx_word' id='word_1_80' title='bbox 1950 975 2040 1034; x_wconf 86' lang='grc' dir='ltr'><em>μέ-</em></span> 
     </span>
     <span class='ocr_line' id='line_1_11' title="bbox 334 1050 2040 1123; baseline -0.004 -14"><span class='ocrx_word' id='word_1_81' title='bbox 334 1059 461 1118; x_wconf 88' lang='grc' dir='ltr'><em>λας,</em></span> <span class='ocrx_word' id='word_1_82' title='bbox 517 1053 614 1106; x_wconf 78' lang='grc' dir='ltr'><em>ἐάν</em></span> <span class='ocrx_word' id='word_1_83' title='bbox 671 1075 728 1107; x_wconf 87' lang='grc' dir='ltr'><em>τε</em></span> <span class='ocrx_word' id='word_1_84' title='bbox 783 1051 963 1123; x_wconf 80' lang='grc' dir='ltr'><em>παχὺς</em></span> <span class='ocrx_word' id='word_1_85' title='bbox 1023 1053 1124 1107; x_wconf 56' lang='lat' dir='ltr'><em>&amp;civ</em></span> <span class='ocrx_word' id='word_1_86' title='bbox 1177 1074 1233 1107; x_wconf 89' lang='grc' dir='ltr'><em>τε</em></span> <span class='ocrx_word' id='word_1_87' title='bbox 1292 1051 1516 1117; x_wconf 86' lang='grc' dir='ltr'><em>λεπτός,</em></span> <span class='ocrx_word' id='word_1_88' title='bbox 1574 1075 1664 1107; x_wconf 90' lang='grc' dir='ltr'><em>και</em></span> <span class='ocrx_word' id='word_1_89' title='bbox 1721 1055 1837 1106; x_wconf 84' lang='grc' dir='ltr'><em>πᾶν</em></span> <span class='ocrx_word' id='word_1_90' title='bbox 1898 1050 1925 1107; x_wconf 87' lang='grc' dir='ltr'><em>ὅ</em></span> <span class='ocrx_word' id='word_1_91' title='bbox 1990 1073 2040 1103; x_wconf 83' lang='grc' dir='ltr'><em>τι</em></span> 
     </span>
     <span class='ocr_line' id='line_1_12' title="bbox 335 1135 2042 1209; baseline -0.003 -16"><span class='ocrx_word' id='word_1_92' title='bbox 335 1140 612 1195; x_wconf 84' lang='grc' dir='ltr'><em>τοιοῦτον.</em></span> <span class='ocrx_word' id='word_1_93' title='bbox 662 1144 720 1192; x_wconf 84' lang='grc' dir='ltr'><em>ὲν</em></span> <span class='ocrx_word' id='word_1_94' title='bbox 767 1141 905 1192; x_wconf 79' lang='grc' dir='ltr'><em>πᾶσι</em></span> <span class='ocrx_word' id='word_1_95' title='bbox 948 1135 1058 1209; x_wconf 74' lang='grc' dir='ltr'><em>γὰρ</em></span> <span class='ocrx_word' id='word_1_96' title='bbox 1102 1136 1323 1200; x_wconf 80' lang='grc' dir='ltr'><em>τούτοις</em></span> <span class='ocrx_word' id='word_1_97' title='bbox 1368 1136 1470 1192; x_wconf 85' lang='grc' dir='ltr'><em>οὐκ</em></span> <span class='ocrx_word' id='word_1_98' title='bbox 1514 1135 1889 1206; x_wconf 76' lang='grc' dir='ltr'><em>ἀναγκάζεται</em></span> <span class='ocrx_word' id='word_1_99' title='bbox 1931 1138 2042 1189; x_wconf 87' lang='grc' dir='ltr'><em>τῶν</em></span> 
     </span>
     <span class='ocr_line' id='line_1_13' title="bbox 337 1218 2043 1298; baseline -0.004 -20"><span class='ocrx_word' id='word_1_100' title='bbox 337 1226 558 1278; x_wconf 83' lang='grc' dir='ltr'><em>πολλῶν</em></span> <span class='ocrx_word' id='word_1_101' title='bbox 602 1219 633 1288; x_wconf 81' lang='grc' dir='ltr'>ἡ</span> <span class='ocrx_word' id='word_1_102' title='bbox 683 1219 834 1298; x_wconf 84' lang='grc' dir='ltr'><strong><em>ψυχὴ</em></strong></span> <span class='ocrx_word' id='word_1_103' title='bbox 880 1218 985 1288; x_wconf 85' lang='grc' dir='ltr'><em>τὴν</em></span> <span class='ocrx_word' id='word_1_104' title='bbox 1028 1222 1222 1289; x_wconf 84' lang='grc' dir='ltr'><em>νόησιν</em></span> <span class='ocrx_word' id='word_1_105' title='bbox 1268 1225 1600 1294; x_wconf 69' lang='grc' dir='ltr'><em>ἐπερέσθαι,</em></span> <span class='ocrx_word' id='word_1_106' title='bbox 1647 1225 1702 1275; x_wconf 85' lang='grc' dir='ltr'><em>τί</em></span> <span class='ocrx_word' id='word_1_107' title='bbox 1747 1219 1876 1275; x_wconf 83' lang='grc' dir='ltr'><em>ποτ’</em></span> <span class='ocrx_word' id='word_1_108' title='bbox 1930 1224 2043 1273; x_wconf 75' lang='grc' dir='ltr'><em>ἔστι</em></span> 
     </span>
     <span class='ocr_line' id='line_1_14' title="bbox 338 1302 2042 1382; baseline -0.002 -20"><span class='ocrx_word' id='word_1_109' title='bbox 338 1307 642 1369; x_wconf 77' lang='grc' dir='ltr'><em>δάκτυλος·</em></span> <span class='ocrx_word' id='word_1_110' title='bbox 701 1304 951 1377; x_wconf 82' lang='grc' dir='ltr'><em>οὐδαμοῦ</em></span> <span class='ocrx_word' id='word_1_111' title='bbox 1008 1303 1116 1378; x_wconf 79' lang='grc' dir='ltr'><em>γὰρ</em></span> <span class='ocrx_word' id='word_1_112' title='bbox 1177 1305 1206 1371; x_wconf 81' lang='grc' dir='ltr'>ἡ</span> <span class='ocrx_word' id='word_1_113' title='bbox 1265 1302 1400 1380; x_wconf 80' lang='grc' dir='ltr'><em>ὄψις</em></span> <span class='ocrx_word' id='word_1_114' title='bbox 1453 1305 1595 1382; x_wconf 79' lang='grc' dir='ltr'><em>αὐτῇ</em></span> <span class='ocrx_word' id='word_1_115' title='bbox 1639 1303 1759 1377; x_wconf 82' lang='grc' dir='ltr'><em>ἅμα</em></span> <span class='ocrx_word' id='word_1_116' title='bbox 1808 1302 2042 1375; x_wconf 77' lang='grc' dir='ltr'><em>ἐσήμηνε</em></span> 
     </span>
     <span class='ocr_line' id='line_1_15' title="bbox 338 1386 2042 1457; baseline -0.002 -11"><span class='ocrx_word' id='word_1_117' title='bbox 338 1389 440 1446; x_wconf 85' lang='grc' dir='ltr'><em>τὸν</em></span> <span class='ocrx_word' id='word_1_118' title='bbox 486 1391 762 1445; x_wconf 83' lang='grc' dir='ltr'><em>δάκτυλον</em></span> <span class='ocrx_word' id='word_1_119' title='bbox 804 1389 1140 1445; x_wconf 84' lang='grc' dir='ltr'><em>τούναντίον</em></span> <span class='ocrx_word' id='word_1_120' title='bbox 1186 1386 1219 1455; x_wconf 85' lang='grc' dir='ltr'><em>ἢ</em></span> <span class='ocrx_word' id='word_1_121' title='bbox 1265 1388 1540 1445; x_wconf 80' lang='grc' dir='ltr'><em>δάκτυλον</em></span> <span class='ocrx_word' id='word_1_122' title='bbox 1567 1388 1722 1444; x_wconf 87' lang='grc' dir='ltr'><em>εἶναι.</em></span> <span class='ocrx_word' id='word_1_123' title='bbox 1818 1388 1894 1443; x_wconf 72' lang='lat' dir='ltr'><em>(h)</em></span> <span class='ocrx_word' id='word_1_124' title='bbox 1935 1387 2042 1457; x_wconf 79' lang='grc' dir='ltr'><em>γάρ</em></span> 
     </span>
     <span class='ocr_line' id='line_1_16' title="bbox 338 1467 2045 1550; baseline -0.003 -19"><span class='ocrx_word' id='word_1_125' title='bbox 338 1468 456 1540; x_wconf 74' lang='grc' dir='ltr'><em>οὖν,</em></span> <span class='ocrx_word' id='word_1_126' title='bbox 502 1480 623 1550; x_wconf 73' lang='grc' dir='ltr'><strong><em>ἔφη.</em></strong></span> <span class='ocrx_word' id='word_1_127' title='bbox 716 1473 953 1538; x_wconf 79' lang='grc' dir='ltr'><em>Οὐκοῦν,</em></span> <span class='ocrx_word' id='word_1_128' title='bbox 999 1467 1069 1540; x_wconf 77' lang='grc' dir='ltr'><em>ἦν</em></span> <span class='ocrx_word' id='word_1_129' title='bbox 1114 1473 1163 1528; x_wconf 84' lang='grc' dir='ltr'><em>δ’</em></span> <span class='ocrx_word' id='word_1_130' title='bbox 1218 1474 1338 1542; x_wconf 72' lang='grc' dir='ltr'><em>ἐγώ,</em></span> <span class='ocrx_word' id='word_1_131' title='bbox 1387 1473 1608 1538; x_wconf 76' lang='grc' dir='ltr'><em>εὶκότως</em></span> <span class='ocrx_word' id='word_1_132' title='bbox 1652 1473 1715 1529; x_wconf 87' lang='grc' dir='ltr'><em>τό</em></span> <span class='ocrx_word' id='word_1_133' title='bbox 1757 1496 1813 1543; x_wconf 71' lang='grc' dir='ltr'><em>γε</em></span> <span class='ocrx_word' id='word_1_134' title='bbox 1863 1477 2045 1528; x_wconf 83' lang='grc' dir='ltr'><em>τοιοῦ-</em></span> 
     </span>
     <span class='ocr_line' id='line_1_17' title="bbox 253 1554 2045 1630; baseline -0.003 -13"><span class='ocrx_word' id='word_1_135' title='bbox 253 1565 302 1617; x_wconf 87' lang='grc' dir='ltr'><strong>Ε</strong></span> <span class='ocrx_word' id='word_1_136' title='bbox 340 1583 441 1616; x_wconf 86' lang='grc' dir='ltr'><em>τον</em></span> <span class='ocrx_word' id='word_1_137' title='bbox 496 1558 740 1624; x_wconf 87' lang='grc' dir='ltr'><em>νοήσεως</em></span> <span class='ocrx_word' id='word_1_138' title='bbox 797 1556 898 1615; x_wconf 82' lang='grc' dir='ltr'><em>οὐκ</em></span> <span class='ocrx_word' id='word_1_139' title='bbox 960 1554 1032 1613; x_wconf 73' lang='grc' dir='ltr'><em>ἂν</em></span> <span class='ocrx_word' id='word_1_140' title='bbox 1093 1557 1510 1628; x_wconf 81' lang='grc' dir='ltr'><em>παρακλητικὸν</em></span> <span class='ocrx_word' id='word_1_141' title='bbox 1569 1556 1693 1614; x_wconf 80' lang='grc' dir='ltr'><em>οὐδ’</em></span> <span class='ocrx_word' id='word_1_142' title='bbox 1771 1555 2045 1630; x_wconf 75' lang='grc' dir='ltr'><em>ἐγερτικὸν</em></span> 
     </span>
     <span class='ocr_line' id='line_1_18' title="bbox 340 1640 2045 1715; baseline -0.004 -14"><span class='ocrx_word' id='word_1_143' title='bbox 340 1646 440 1712; x_wconf 77' lang='grc' dir='ltr'><em>εἴη.</em></span> <span class='ocrx_word' id='word_1_144' title='bbox 530 1640 792 1708; x_wconf 75' lang='grc' dir='ltr'><em>Εἰκότως.</em></span> <span class='ocrx_word' id='word_1_145' title='bbox 889 1642 963 1698; x_wconf 83' lang='grc' dir='ltr'><em>Τι’</em></span> <span class='ocrx_word' id='word_1_146' title='bbox 1023 1646 1079 1698; x_wconf 86' lang='grc' dir='ltr'><em>δὲ</em></span> <span class='ocrx_word' id='word_1_147' title='bbox 1135 1642 1243 1710; x_wconf 85' lang='grc' dir='ltr'><em>δή,·</em></span> <span class='ocrx_word' id='word_1_148' title='bbox 1302 1645 1366 1699; x_wconf 87' lang='grc' dir='ltr'><em>τὸ</em></span> <span class='ocrx_word' id='word_1_149' title='bbox 1427 1647 1671 1715; x_wconf 76' lang='grc' dir='ltr'><em>μέγεθος</em></span> <span class='ocrx_word' id='word_1_150' title='bbox 1725 1640 1911 1698; x_wconf 83' lang='grc' dir='ltr'><em>αὐτῶν</em></span> <span class='ocrx_word' id='word_1_151' title='bbox 1954 1646 2045 1697; x_wconf 75' lang='grc' dir='ltr'><em>καὶ</em></span> 
     </span>
    </p>
   </div>
   <div class='ocr_carea' id='block_1_3' title="bbox 341 1833 2051 2586">
    <p class='ocr_par' dir='ltr' id='par_1_3' title="bbox 341 1833 2044 2004">
     <span class='ocr_line' id='line_1_19' title="bbox 457 1833 2044 1892; baseline -0.001 -16"><span class='ocrx_word' id='word_1_152' title='bbox 457 1838 508 1881; x_wconf 85' lang='lat' dir='ltr'><em>D,</em></span> <span class='ocrx_word' id='word_1_153' title='bbox 571 1836 628 1876; x_wconf 81' lang='grc' dir='ltr'><em>ἑν</em></span> <span class='ocrx_word' id='word_1_154' title='bbox 669 1835 797 1875; x_wconf 82' lang='grc' dir='ltr'><em>πᾶσι</em></span> <span class='ocrx_word' id='word_1_155' title='bbox 837 1833 936 1888; x_wconf 83' lang='grc' dir='ltr'><em>γὰρ</em></span> <span class='ocrx_word' id='word_1_156' title='bbox 979 1834 1211 1877; x_wconf 75' lang='grc' dir='ltr'><em>τούτοις</em></span> <span class='ocrx_word' id='word_1_157' title='bbox 1242 1837 1323 1892; x_wconf 81' lang='lat' dir='ltr'><em>—J</em></span> <span class='ocrx_word' id='word_1_158' title='bbox 1367 1835 1576 1879; x_wconf 71' lang='lat' dir='ltr'><strong>Faehsius</strong></span> <span class='ocrx_word' id='word_1_159' title='bbox 1618 1838 1657 1877; x_wconf 87' lang='lat' dir='ltr'><em>iu</em></span> <span class='ocrx_word' id='word_1_160' title='bbox 1704 1837 1868 1889; x_wconf 78' lang='lat' dir='ltr'><strong>Syllog.</strong></span> <span class='ocrx_word' id='word_1_161' title='bbox 1903 1835 2044 1877; x_wconf 78' lang='lat' dir='ltr'>lectt.</span> 
     </span>
     <span class='ocr_line' id='line_1_20' title="bbox 341 1890 2046 1949; baseline -0.003 -11"><span class='ocrx_word' id='word_1_162' title='bbox 341 1900 368 1939; x_wconf 91' lang='grc'><em>1.</em></span> <span class='ocrx_word' id='word_1_163' title='bbox 402 1909 441 1937; x_wconf 88' lang='lat' dir='ltr'><em>c.</em></span> <span class='ocrx_word' id='word_1_164' title='bbox 477 1896 586 1936; x_wconf 89' lang='lat' dir='ltr'><strong>coni.</strong></span> <span class='ocrx_word' id='word_1_165' title='bbox 619 1890 856 1935; x_wconf 74' lang='grc' dir='ltr'><em>τοιούτοις·</em></span> <span class='ocrx_word' id='word_1_166' title='bbox 889 1906 975 1947; x_wconf 84' lang='lat' dir='ltr'><em>qno</em></span> <span class='ocrx_word' id='word_1_167' title='bbox 1009 1907 1091 1935; x_wconf 89' lang='lat' dir='ltr'><em>non</em></span> <span class='ocrx_word' id='word_1_168' title='bbox 1124 1909 1247 1949; x_wconf 87' lang='lat' dir='ltr'><strong>opus.</strong></span> <span class='ocrx_word' id='word_1_169' title='bbox 1313 1895 1478 1936; x_wconf 74' lang='lat' dir='ltr'><strong>Deinde·</strong></span> <span class='ocrx_word' id='word_1_170' title='bbox 1513 1894 1636 1936; x_wconf 80' lang='lat' dir='ltr'><strong>Astio</strong></span> <span class='ocrx_word' id='word_1_171' title='bbox 1668 1895 1799 1935; x_wconf 79' lang='lat' dir='ltr'><strong>verba</strong></span> <span class='ocrx_word' id='word_1_172' title='bbox 1833 1894 1916 1934; x_wconf 81' lang='grc' dir='ltr'><em>τῶν</em></span> <span class='ocrx_word' id='word_1_173' title='bbox 1947 1895 2046 1933; x_wconf 79' lang='grc' dir='ltr'><em>πολ-</em></span> 
     </span>
     <span class='ocr_line' id='line_1_21' title="bbox 344 1951 1282 2004; baseline -0.002 -9"><span class='ocrx_word' id='word_1_174' title='bbox 344 1955 430 1995; x_wconf 82' lang='grc' dir='ltr'><em>λῶν</em></span> <span class='ocrx_word' id='word_1_175' title='bbox 460 1958 666 2004; x_wconf 81' lang='lat' dir='ltr'><strong>suspecta</strong></span> <span class='ocrx_word' id='word_1_176' title='bbox 700 1957 823 2003; x_wconf 86' lang='lat' dir='ltr'><strong>suut,</strong></span> <span class='ocrx_word' id='word_1_177' title='bbox 857 1951 911 1991; x_wconf 68' lang='lat' dir='ltr'><em>de</em></span> <span class='ocrx_word' id='word_1_178' title='bbox 944 1964 1032 2003; x_wconf 82' lang='lat' dir='ltr'><em>quo</em></span> <span class='ocrx_word' id='word_1_179' title='bbox 1067 1966 1101 1991; x_wconf 89' lang='lat' dir='ltr'>v</span> <span class='ocrx_word' id='word_1_180' title='bbox 1138 1957 1282 1993; x_wconf 80' lang='lat' dir='ltr'><strong>annot.</strong></span> 
     </span>
    </p>

    <p class='ocr_par' dir='ltr' id='par_1_4' title="bbox 346 2005 2049 2241">
     <span class='ocr_line' id='line_1_22' title="bbox 460 2005 2046 2065; baseline -0.001 -13"><span class='ocrx_word' id='word_1_181' title='bbox 460 2008 486 2065; x_wconf 78' lang='grc' dir='ltr'>ἡ</span> <span class='ocrx_word' id='word_1_182' title='bbox 531 2007 656 2062; x_wconf 74' lang='grc' dir='ltr'><em>ὄψις</em></span> <span class='ocrx_word' id='word_1_183' title='bbox 697 2005 836 2061; x_wconf 77' lang='grc' dir='ltr'><em>αὐτῇ</em></span> <span class='ocrx_word' id='word_1_184' title='bbox 879 2005 1007 2062; x_wconf 78' lang='grc' dir='ltr'><em>ἅμα]</em></span> <span class='ocrx_word' id='word_1_185' title='bbox 1049 2009 1121 2050; x_wconf 85' lang='lat' dir='ltr'><em>Sic</em></span> <span class='ocrx_word' id='word_1_186' title='bbox 1159 2012 1254 2053; x_wconf 74' lang='lat' dir='ltr'><em>Pur.</em></span> <span class='ocrx_word' id='word_1_187' title='bbox 1291 2014 1339 2050; x_wconf 81' lang='grc' dir='ltr'><em>Α.</em></span> <span class='ocrx_word' id='word_1_188' title='bbox 1375 2023 1452 2062; x_wconf 78' lang='lat' dir='ltr'><em>pro</em></span> <span class='ocrx_word' id='word_1_189' title='bbox 1484 2011 1595 2062; x_wconf 77' lang='lat' dir='ltr'><strong>vulg.</strong></span> <span class='ocrx_word' id='word_1_190' title='bbox 1633 2006 2046 2061; x_wconf 72' lang='lat' dir='ltr'><em>a1‘5z27.1⁴‘iciuus:</em></span> 
     </span>
     <span class='ocr_line' id='line_1_23' title="bbox 346 2065 2049 2120; baseline -0.003 -9"><span class='ocrx_word' id='word_1_191' title='bbox 346 2083 550 2112; x_wconf 78' lang='lat' dir='ltr'><strong>sensus</strong></span> <span class='ocrx_word' id='word_1_192' title='bbox 598 2069 644 2110; x_wconf 86' lang='lat' dir='ltr'><em>ei</em></span> <span class='ocrx_word' id='word_1_193' title='bbox 697 2068 860 2108; x_wconf 74' lang='lat' dir='ltr'><strong>simu!</strong></span> <span class='ocrx_word' id='word_1_194' title='bbox 912 2068 1274 2118; x_wconf 77' lang='lat' dir='ltr'><strong>sivuificavit.</strong></span> <span class='ocrx_word' id='word_1_195' title='bbox 1350 2067 1470 2108; x_wconf 76' lang='lat' dir='ltr'><strong>Loco</strong></span> <span class='ocrx_word' id='word_1_196' title='bbox 1514 2069 1627 2120; x_wconf 80' lang='lat' dir='ltr'><strong>vulg.</strong></span> <span class='ocrx_word' id='word_1_197' title='bbox 1672 2065 1873 2120; x_wconf 83' lang='grc' dir='ltr'><em>ἐσήμαινε</em></span> <span class='ocrx_word' id='word_1_198' title='bbox 1912 2078 2049 2120; x_wconf 85' lang='lat' dir='ltr'>nuper</span> 
     </span>
     <span class='ocr_line' id='line_1_24' title="bbox 346 2123 2048 2178; baseline -0.004 -7"><span class='ocrx_word' id='word_1_199' title='bbox 346 2142 401 2171; x_wconf 84' lang='lat' dir='ltr'><em>ex</em></span> <span class='ocrx_word' id='word_1_200' title='bbox 443 2126 570 2168; x_wconf 87' lang='lat' dir='ltr'>codd.</span> <span class='ocrx_word' id='word_1_201' title='bbox 609 2128 705 2166; x_wconf 80' lang='lat' dir='ltr'><strong>Par.</strong></span> <span class='ocrx_word' id='word_1_202' title='bbox 750 2124 908 2166; x_wconf 73' lang='grc' dir='ltr'><strong>ΑΒΚ.</strong></span> <span class='ocrx_word' id='word_1_203' title='bbox 958 2126 1061 2168; x_wconf 81' lang='lat' dir='ltr'><strong>Veu.</strong></span> <span class='ocrx_word' id='word_1_204' title='bbox 1099 2126 1160 2166; x_wconf 88' lang='lat' dir='ltr'><em>II.</em></span> <span class='ocrx_word' id='word_1_205' title='bbox 1195 2125 1314 2167; x_wconf 86' lang='lat' dir='ltr'><strong>Mon.</strong></span> <span class='ocrx_word' id='word_1_206' title='bbox 1350 2128 1455 2178; x_wconf 80' lang='lat' dir='ltr'><em>Aug.</em></span> <span class='ocrx_word' id='word_1_207' title='bbox 1490 2123 1607 2177; x_wconf 80' lang='lat' dir='ltr'><strong>Flor.</strong></span> <span class='ocrx_word' id='word_1_208' title='bbox 1641 2139 1678 2166; x_wconf 81' lang='lat' dir='ltr'><em>a.</em></span> <span class='ocrx_word' id='word_1_209' title='bbox 1712 2139 1748 2169; x_wconf 86' lang='lat' dir='ltr'><em>c.</em></span> <span class='ocrx_word' id='word_1_210' title='bbox 1782 2139 1820 2165; x_wconf 89' lang='grc' dir='ltr'><em>α.</em></span> <span class='ocrx_word' id='word_1_211' title='bbox 1857 2139 1896 2178; x_wconf 82' lang='grc' dir='ltr'><em>γ.</em></span> <span class='ocrx_word' id='word_1_212' title='bbox 1928 2130 2048 2165; x_wconf 82' lang='lat' dir='ltr'><strong>recte</strong></span> 
     </span>
     <span class='ocr_line' id='line_1_25' title="bbox 346 2184 925 2241; baseline -0.007 -14"><span class='ocrx_word' id='word_1_213' title='bbox 346 2184 531 2241; x_wconf 79' lang='grc' dir='ltr'><em>ἐσήμηνε</em></span> <span class='ocrx_word' id='word_1_214' title='bbox 562 2184 813 2225; x_wconf 76' lang='lat' dir='ltr'><strong>restitutum</strong></span> <span class='ocrx_word' id='word_1_215' title='bbox 844 2189 925 2223; x_wconf 84' lang='lat' dir='ltr'><em>est</em></span> 
     </span>
    </p>

    <p class='ocr_par' dir='ltr' id='par_1_5' title="bbox 344 2237 2051 2586">
     <span class='ocr_line' id='line_1_26' title="bbox 457 2237 2047 2293; baseline -0.003 -9"><span class='ocrx_word' id='word_1_216' title='bbox 457 2244 512 2286; x_wconf 83' lang='lat' dir='ltr'><em>E.</em></span> <span class='ocrx_word' id='word_1_217' title='bbox 581 2240 648 2283; x_wconf 87' lang='grc' dir='ltr'><em>Τι’</em></span> <span class='ocrx_word' id='word_1_218' title='bbox 684 2239 738 2280; x_wconf 86' lang='grc' dir='ltr'><em>δὲ</em></span> <span class='ocrx_word' id='word_1_219' title='bbox 778 2237 867 2293; x_wconf 84' lang='grc' dir='ltr'><em>δή,·</em></span> <span class='ocrx_word' id='word_1_220' title='bbox 877 2241 897 2292; x_wconf 91' lang='grc'>]</span> <span class='ocrx_word' id='word_1_221' title='bbox 944 2240 1141 2281; x_wconf 83' lang='lat' dir='ltr'><strong>Accessit</strong></span> <span class='ocrx_word' id='word_1_222' title='bbox 1181 2237 1235 2292; x_wconf 82' lang='grc' dir='ltr'><em>δή</em></span> <span class='ocrx_word' id='word_1_223' title='bbox 1275 2254 1326 2281; x_wconf 79' lang='lat' dir='ltr'><em>ex</em></span> <span class='ocrx_word' id='word_1_224' title='bbox 1360 2240 1461 2280; x_wconf 80' lang='lat' dir='ltr'><em>Par</em></span> <span class='ocrx_word' id='word_1_225' title='bbox 1494 2244 1550 2284; x_wconf 91' lang='lat' dir='ltr'>A</span> <span class='ocrx_word' id='word_1_226' title='bbox 1583 2239 1681 2283; x_wconf 82' lang='lat' dir='ltr'><strong>vat.</strong></span> <span class='ocrx_word' id='word_1_227' title='bbox 1724 2238 1771 2284; x_wconf 84' lang='grc' dir='ltr'><em>Θ.</em></span> <span class='ocrx_word' id='word_1_228' title='bbox 1803 2240 1916 2280; x_wconf 87' lang='lat' dir='ltr'>Ven.</span> <span class='ocrx_word' id='word_1_229' title='bbox 1954 2238 2047 2282; x_wconf 82' lang='grc' dir='ltr'><em>ΞΠ.</em></span> 
     </span>
     <span class='ocr_line' id='line_1_27' title="bbox 345 2295 2049 2353; baseline -0.004 -10"><span class='ocrx_word' id='word_1_230' title='bbox 345 2297 1069 2353; x_wconf 77' lang='lat' dir='ltr'>Vind.Ang.Vat.m.r.F10r.</span> <span class='ocrx_word' id='word_1_231' title='bbox 1104 2311 1143 2337; x_wconf 79' lang='lat' dir='ltr'><em>a.</em></span> <span class='ocrx_word' id='word_1_232' title='bbox 1175 2311 1212 2338; x_wconf 89' lang='lat' dir='ltr'><em>c.</em></span> <span class='ocrx_word' id='word_1_233' title='bbox 1245 2311 1288 2338; x_wconf 75' lang='grc' dir='ltr'><em>Χ.</em></span> <span class='ocrx_word' id='word_1_234' title='bbox 1321 2312 1358 2340; x_wconf 86' lang='grc' dir='ltr'><em>α.</em></span> <span class='ocrx_word' id='word_1_235' title='bbox 1394 2313 1431 2350; x_wconf 82' lang='grc' dir='ltr'><em>γ.</em></span> <span class='ocrx_word' id='word_1_236' title='bbox 1470 2297 1684 2340; x_wconf 61' lang='lat' dir='ltr'><strong>iambum.</strong></span> <span class='ocrx_word' id='word_1_237' title='bbox 1730 2298 1795 2340; x_wconf 83' lang='lat' dir='ltr'><em>De</em></span> <span class='ocrx_word' id='word_1_238' title='bbox 1812 2295 2049 2338; x_wconf 73' lang='lat' dir='ltr'>Iamblicho</span> 
     </span>
     <span class='ocr_line' id='line_1_28' title="bbox 346 2313 2049 2411; baseline -0.004 -12"><span class='ocrx_word' id='word_1_239' title='bbox 346 2359 463 2411; x_wconf 84' lang='lat' dir='ltr'><strong>quod</strong></span> <span class='ocrx_word' id='word_1_240' title='bbox 507 2313 796 2399; x_wconf 74' lang='lat' dir='ltr'><strong>Schgneiderus</strong></span> <span class='ocrx_word' id='word_1_241' title='bbox 836 2355 1069 2406; x_wconf 83' lang='lat' dir='ltr'><strong>dubitavit,</strong></span> <span class='ocrx_word' id='word_1_242' title='bbox 1109 2357 1205 2408; x_wconf 86' lang='lat' dir='ltr'><strong>ipse</strong></span> <span class='ocrx_word' id='word_1_243' title='bbox 1247 2356 1461 2405; x_wconf 69' lang='lat' dir='ltr'><strong>innotavit</strong></span> <span class='ocrx_word' id='word_1_244' title='bbox 1502 2357 1644 2397; x_wconf 72' lang='lat' dir='ltr'><strong>flocum</strong></span> <span class='ocrx_word' id='word_1_245' title='bbox 1689 2356 1954 2408; x_wconf 76' lang='lat' dir='ltr'><strong>exscriptum</strong></span> <span class='ocrx_word' id='word_1_246' title='bbox 1995 2354 2049 2394; x_wconf 77' lang='lat' dir='ltr'><em>ab</em></span> 
     </span>
     <span class='ocr_line' id='line_1_29' title="bbox 344 2410 2051 2466; baseline -0.005 -8"><span class='ocrx_word' id='word_1_247' title='bbox 344 2418 421 2458; x_wconf 75' lang='lat' dir='ltr'><strong>illo</strong></span> <span class='ocrx_word' id='word_1_248' title='bbox 455 2421 627 2458; x_wconf 83' lang='lat' dir='ltr'><strong>exstare</strong></span> <span class='ocrx_word' id='word_1_249' title='bbox 659 2415 701 2456; x_wconf 90' lang='lat' dir='ltr'><em>in</em></span> <span class='ocrx_word' id='word_1_250' title='bbox 736 2415 957 2456; x_wconf 83' lang='lat' dir='ltr'><strong>Vinoison.</strong></span> <span class='ocrx_word' id='word_1_251' title='bbox 995 2414 1203 2454; x_wconf 74' lang='lat' dir='ltr'><em>Anecdot.</em></span> <span class='ocrx_word' id='word_1_252' title='bbox 1238 2414 1359 2466; x_wconf 85' lang='lat' dir='ltr'>11.p.</span> <span class='ocrx_word' id='word_1_253' title='bbox 1386 2413 1469 2457; x_wconf 86' lang='grc'><em>193</em></span> <span class='ocrx_word' id='word_1_254' title='bbox 1491 2428 1583 2466; x_wconf 82' lang='lat' dir='ltr'>sqq.</span> <span class='ocrx_word' id='word_1_255' title='bbox 1618 2413 1690 2454; x_wconf 89' lang='lat' dir='ltr'><em>ubi</em></span> <span class='ocrx_word' id='word_1_256' title='bbox 1724 2414 1884 2466; x_wconf 76' lang='lat' dir='ltr'><strong>nquido</strong></span> <span class='ocrx_word' id='word_1_257' title='bbox 1924 2412 1979 2454; x_wconf 87' lang='grc' dir='ltr'><em>Τι’</em></span> <span class='ocrx_word' id='word_1_258' title='bbox 2005 2410 2051 2451; x_wconf 79' lang='grc' dir='ltr'><em>δὲ</em></span> 
     </span>
     <span class='ocr_line' id='line_1_30' title="bbox 347 2467 2049 2528; baseline -0.002 -13"><span class='ocrx_word' id='word_1_259' title='bbox 347 2472 424 2528; x_wconf 81' lang='grc' dir='ltr'><em>δή;</em></span> <span class='ocrx_word' id='word_1_260' title='bbox 484 2473 690 2515; x_wconf 85' lang='lat' dir='ltr'><strong>Ceterum</strong></span> <span class='ocrx_word' id='word_1_261' title='bbox 724 2471 824 2514; x_wconf 80' lang='lat' dir='ltr'><strong>Par.</strong></span> <span class='ocrx_word' id='word_1_262' title='bbox 860 2477 911 2512; x_wconf 90' lang='lat' dir='ltr'>A</span> <span class='ocrx_word' id='word_1_263' title='bbox 954 2470 1010 2512; x_wconf 85' lang='grc' dir='ltr'><em>Ίί</em></span> <span class='ocrx_word' id='word_1_264' title='bbox 1042 2471 1110 2512; x_wconf 87' lang='grc' dir='ltr'><em>δαὶ</em></span> <span class='ocrx_word' id='word_1_265' title='bbox 1144 2468 1219 2524; x_wconf 82' lang='grc' dir='ltr'><em>δή;</em></span> <span class='ocrx_word' id='word_1_266' title='bbox 1281 2471 1384 2512; x_wconf 85' lang='lat' dir='ltr'><em>Mox</em></span> <span class='ocrx_word' id='word_1_267' title='bbox 1418 2473 1547 2526; x_wconf 83' lang='lat' dir='ltr'><strong>vulgo</strong></span> <span class='ocrx_word' id='word_1_268' title='bbox 1583 2467 1654 2522; x_wconf 76' lang='grc' dir='ltr'><em>ἐπ’</em></span> <span class='ocrx_word' id='word_1_269' title='bbox 1687 2470 1894 2524; x_wconf 81' lang='grc' dir='ltr'><em>ἐσχάτων,</em></span> <span class='ocrx_word' id='word_1_270' title='bbox 1933 2469 2049 2524; x_wconf 86' lang='lat' dir='ltr'><strong>quod</strong></span> 
     </span>
     <span class='ocr_line' id='line_1_31' title="bbox 346 2529 1405 2586; baseline -0.004 -11"><span class='ocrx_word' id='word_1_271' title='bbox 346 2546 400 2575; x_wconf 77' lang='lat' dir='ltr'><em>ex</em></span> <span class='ocrx_word' id='word_1_272' title='bbox 432 2531 611 2585; x_wconf 85' lang='lat' dir='ltr'><strong>optimis</strong></span> <span class='ocrx_word' id='word_1_273' title='bbox 641 2530 924 2586; x_wconf 77' lang='lat' dir='ltr'><strong>plurimisque</strong></span> <span class='ocrx_word' id='word_1_274' title='bbox 956 2530 1075 2570; x_wconf 69' lang='lat' dir='ltr'><strong>&#39;ibris</strong></span> <span class='ocrx_word' id='word_1_275' title='bbox 1113 2529 1405 2571; x_wconf 79' lang='lat' dir='ltr'><strong>emendatum.</strong></span> 
     </span>
    </p>
   </div>
   <div class='ocr_carea' id='block_1_4' title="bbox 347 2667 1162 2889">
    <p class='ocr_par' dir='ltr' id='par_1_6' title="bbox 347 2667 1162 2889">
     <span class='ocr_line' id='line_1_32' title="bbox 352 2667 1161 2728; baseline -0.005 -13"><span class='ocrx_word' id='word_1_276' title='bbox 352 2675 503 2728; x_wconf 76' lang='grc' dir='ltr'><em>κοινῆς</em></span> <span class='ocrx_word' id='word_1_277' title='bbox 537 2671 839 2726; x_wconf 74' lang='grc' dir='ltr'><em>μαθηματικῆς</em></span> <span class='ocrx_word' id='word_1_278' title='bbox 858 2667 1091 2724; x_wconf 71' lang='grc' dir='ltr'><em>ἐπιστήμης</em></span> <span class='ocrx_word' id='word_1_279' title='bbox 1119 2672 1161 2711; x_wconf 83' lang='lat' dir='ltr'><em>in</em></span> 
     </span>
     <span class='ocr_line' id='line_1_33' title="bbox 347 2729 1162 2775; baseline -0.009 0"><span class='ocrx_word' id='word_1_280' title='bbox 347 2732 655 2775; x_wconf 83' lang='lat' dir='ltr'><strong>Villoison.</strong></span> <span class='ocrx_word' id='word_1_281' title='bbox 705 2729 919 2772; x_wconf 83' lang='lat' dir='ltr'>Anecdot.</span> <span class='ocrx_word' id='word_1_282' title='bbox 978 2731 1162 2770; x_wconf 59' lang='lat' dir='ltr'><strong>Graeco.</strong></span> 
     </span>
     <span class='ocr_line' id='line_1_34' title="bbox 348 2788 1155 2844; baseline -0.006 -12"><span class='ocrx_word' id='word_1_283' title='bbox 348 2789 406 2832; x_wconf 88' lang='lat' dir='ltr'><em>T.</em></span> <span class='ocrx_word' id='word_1_284' title='bbox 434 2790 495 2831; x_wconf 92' lang='lat' dir='ltr'><em>II.</em></span> <span class='ocrx_word' id='word_1_285' title='bbox 529 2803 572 2844; x_wconf 90' lang='lat' dir='ltr'><em>p.</em></span> <span class='ocrx_word' id='word_1_286' title='bbox 605 2788 692 2833; x_wconf 87' lang='lat'><em>193</em></span> <span class='ocrx_word' id='word_1_287' title='bbox 723 2800 815 2842; x_wconf 86' lang='lat' dir='ltr'><strong>sqq.</strong></span> <span class='ocrx_word' id='word_1_288' title='bbox 854 2799 937 2828; x_wconf 89' lang='lat' dir='ltr'><em>non</em></span> <span class='ocrx_word' id='word_1_289' title='bbox 970 2788 1066 2838; x_wconf 71' lang='lat' dir='ltr'><strong>sine</strong></span> <span class='ocrx_word' id='word_1_290' title='bbox 1100 2788 1155 2828; x_wconf 82' lang='lat' dir='ltr'><em>le-</em></span> 
     </span>
     <span class='ocr_line' id='line_1_35' title="bbox 351 2848 764 2889; baseline -0.005 0"><span class='ocrx_word' id='word_1_291' title='bbox 351 2848 504 2889; x_wconf 72' lang='lat' dir='ltr'><strong>ctionis</strong></span> <span class='ocrx_word' id='word_1_292' title='bbox 535 2849 764 2889; x_wconf 75' lang='lat' dir='ltr'><strong>varietate.</strong></span> 
     </span>
    </p>
   </div>
   <div class='ocr_carea' id='block_1_5' title="bbox 352 2928 1163 3206">
    <p class='ocr_par' dir='ltr' id='par_1_7' title="bbox 352 2928 1163 3206">
     <span class='ocr_line' id='line_1_36' title="bbox 410 2928 1160 2986; baseline -0.005 -12"><span class='ocrx_word' id='word_1_293' title='bbox 410 2933 460 2977; x_wconf 90' lang='lat' dir='ltr'><em>C.</em></span> <span class='ocrx_word' id='word_1_294' title='bbox 543 2928 619 2974; x_wconf 74' lang='grc' dir='ltr'><em>Ὠς</em></span> <span class='ocrx_word' id='word_1_295' title='bbox 669 2928 912 2986; x_wconf 73' lang='grc' dir='ltr'><em>ἐγγύθεν</em></span> <span class='ocrx_word' id='word_1_296' title='bbox 958 2953 1012 2959; x_wconf 83' lang='lat'>—</span> <span class='ocrx_word' id='word_1_297' title='bbox 1053 2928 1160 2971; x_wconf 83' lang='grc' dir='ltr'><em>δια-</em></span> 
     </span>
     <span class='ocr_line' id='line_1_37' title="bbox 352 2988 1160 3044; baseline -0.006 -11"><span class='ocrx_word' id='word_1_298' title='bbox 352 2992 513 3044; x_wconf 81' lang='grc' dir='ltr'><em>νοοῦ]</em></span> <span class='ocrx_word' id='word_1_299' title='bbox 548 2991 736 3033; x_wconf 87' lang='lat' dir='ltr'><strong>Verbum</strong></span> <span class='ocrx_word' id='word_1_300' title='bbox 767 2988 1040 3030; x_wconf 79' lang='grc' dir='ltr'><em>διανοεῖσθαι</em></span> <span class='ocrx_word' id='word_1_301' title='bbox 1065 3001 1160 3029; x_wconf 89' lang='lat' dir='ltr'><em>cum</em></span> 
     </span>
     <span class='ocr_line' id='line_1_38' title="bbox 354 3045 1162 3102; baseline -0.002 -13"><span class='ocrx_word' id='word_1_302' title='bbox 354 3045 413 3091; x_wconf 75' lang='grc' dir='ltr'><em>ὥς</em></span> <span class='ocrx_word' id='word_1_303' title='bbox 445 3055 491 3090; x_wconf 77' lang='lat' dir='ltr'><em>et</em></span> <span class='ocrx_word' id='word_1_304' title='bbox 508 3049 700 3102; x_wconf 84' lang='lat' dir='ltr'><strong>genitivo</strong></span> <span class='ocrx_word' id='word_1_305' title='bbox 725 3047 932 3102; x_wconf 83' lang='lat' dir='ltr'><strong>participii</strong></span> <span class='ocrx_word' id='word_1_306' title='bbox 953 3047 1162 3095; x_wconf 71' lang='lat' dir='ltr'><strong>iunctum,</strong></span> 
     </span>
     <span class='ocr_line' id='line_1_39' title="bbox 353 3105 1163 3160; baseline -0.004 -11"><span class='ocrx_word' id='word_1_307' title='bbox 353 3112 403 3149; x_wconf 86' lang='lat' dir='ltr'><em>ut</em></span> <span class='ocrx_word' id='word_1_308' title='bbox 443 3107 540 3148; x_wconf 83' lang='lat' dir='ltr'><strong>libr.</strong></span> <span class='ocrx_word' id='word_1_309' title='bbox 581 3106 618 3147; x_wconf 94' lang='grc' dir='ltr'><em>Ι.</em></span> <span class='ocrx_word' id='word_1_310' title='bbox 660 3119 702 3160; x_wconf 82' lang='grc' dir='ltr'><em>ρ.</em></span> <span class='ocrx_word' id='word_1_311' title='bbox 747 3105 848 3150; x_wconf 86' lang='lat'>409.</span> <span class='ocrx_word' id='word_1_312' title='bbox 891 3107 966 3156; x_wconf 85' lang='lat' dir='ltr'><em>C.‚</em></span> <span class='ocrx_word' id='word_1_313' title='bbox 1012 3105 1084 3145; x_wconf 89' lang='lat' dir='ltr'><em>ubi</em></span> <span class='ocrx_word' id='word_1_314' title='bbox 1124 3117 1163 3146; x_wconf 85' lang='lat' dir='ltr'><em>v.</em></span> 
     </span>
     <span class='ocr_line' id='line_1_40' title="bbox 354 3168 502 3206; baseline -0.015 0"><span class='ocrx_word' id='word_1_315' title='bbox 354 3168 502 3206; x_wconf 83' lang='lat' dir='ltr'><strong>annot.</strong></span> 
     </span>
    </p>
   </div>
   <div class='ocr_carea' id='block_1_6' title="bbox 356 3243 1165 3474">
    <p class='ocr_par' dir='ltr' id='par_1_8' title="bbox 356 3243 1165 3474">
     <span class='ocr_line' id='line_1_41' title="bbox 415 3243 1165 3302; baseline -0.004 -12"><span class='ocrx_word' id='word_1_316' title='bbox 415 3248 465 3290; x_wconf 90' lang='lat' dir='ltr'><em>D.</em></span> <span class='ocrx_word' id='word_1_317' title='bbox 530 3262 628 3288; x_wconf 85' lang='grc' dir='ltr'><em>ουκ</em></span> <span class='ocrx_word' id='word_1_318' title='bbox 658 3243 1029 3302; x_wconf 72' lang='grc' dir='ltr'><em>ἀναγκάζεται</em></span> <span class='ocrx_word' id='word_1_319' title='bbox 1062 3247 1165 3288; x_wconf 78' lang='grc' dir='ltr'><em>τῶν</em></span> 
     </span>
     <span class='ocr_line' id='line_1_42' title="bbox 356 3301 1163 3361; baseline -0.001 -15"><span class='ocrx_word' id='word_1_320' title='bbox 356 3306 571 3346; x_wconf 77' lang='grc' dir='ltr'><em>πολλῶν</em></span> <span class='ocrx_word' id='word_1_321' title='bbox 603 3301 628 3358; x_wconf 83' lang='grc' dir='ltr'><em>ἦ</em></span> <span class='ocrx_word' id='word_1_322' title='bbox 659 3307 733 3361; x_wconf 84' lang='grc' dir='ltr'><em>ψ]</em></span> <span class='ocrx_word' id='word_1_323' title='bbox 771 3306 912 3348; x_wconf 85' lang='lat' dir='ltr'>Verba</span> <span class='ocrx_word' id='word_1_324' title='bbox 946 3306 1030 3346; x_wconf 81' lang='grc' dir='ltr'><em>τῶν</em></span> <span class='ocrx_word' id='word_1_325' title='bbox 1061 3306 1163 3345; x_wconf 78' lang='grc' dir='ltr'><em>πολ-</em></span> 
     </span>
     <span class='ocr_line' id='line_1_43' title="bbox 356 3363 1162 3415; baseline 0 -11"><span class='ocrx_word' id='word_1_326' title='bbox 356 3364 441 3404; x_wconf 78' lang='grc' dir='ltr'><em>λῶν</em></span> <span class='ocrx_word' id='word_1_327' title='bbox 473 3367 589 3404; x_wconf 76' lang='lat' dir='ltr'>Ast.</span> <span class='ocrx_word' id='word_1_328' title='bbox 623 3375 702 3415; x_wconf 83' lang='lat' dir='ltr'><em>pro</em></span> <span class='ocrx_word' id='word_1_329' title='bbox 734 3364 929 3405; x_wconf 79' lang='lat' dir='ltr'><strong>insiticiis</strong></span> <span class='ocrx_word' id='word_1_330' title='bbox 967 3363 1162 3405; x_wconf 79' lang='lat' dir='ltr'>habenda</span> 
     </span>
     <span class='ocr_line' id='line_1_44' title="bbox 356 3417 1155 3474; baseline -0.001 -12"><span class='ocrx_word' id='word_1_331' title='bbox 356 3424 519 3464; x_wconf 73' lang='lat' dir='ltr'><strong>conset.</strong></span> <span class='ocrx_word' id='word_1_332' title='bbox 585 3419 787 3462; x_wconf 79' lang='lat' dir='ltr'>Defendit</span> <span class='ocrx_word' id='word_1_333' title='bbox 827 3434 875 3462; x_wconf 82' lang='lat' dir='ltr'><em>eu</em></span> <span class='ocrx_word' id='word_1_334' title='bbox 902 3417 1155 3474; x_wconf 79' lang='lat' dir='ltr'><strong>Morgen-</strong></span> 
     </span>
    </p>
   </div>
   <div class='ocr_carea' id='block_1_7' title="bbox 1249 2667 2053 3303">
    <p class='ocr_par' dir='ltr' id='par_1_9' title="bbox 1249 2667 2053 3303">
     <span class='ocr_line' id='line_1_45' title="bbox 1250 2667 2049 2727; baseline 0.001 -17"><span class='ocrx_word' id='word_1_335' title='bbox 1250 2675 1419 2712; x_wconf 84' lang='lat' dir='ltr'><strong>stern.</strong></span> <span class='ocrx_word' id='word_1_336' title='bbox 1467 2671 1661 2727; x_wconf 57' lang='lat' dir='ltr'><strong>Symboi.</strong></span> <span class='ocrx_word' id='word_1_337' title='bbox 1706 2671 1830 2713; x_wconf 88' lang='lat' dir='ltr'><strong>Critt.</strong></span> <span class='ocrx_word' id='word_1_338' title='bbox 1862 2681 1902 2722; x_wconf 86' lang='lat' dir='ltr'><em>p.</em></span> <span class='ocrx_word' id='word_1_339' title='bbox 1930 2667 2049 2711; x_wconf 75' lang='lat' dir='ltr'><strong>XIX.</strong></span> 
     </span>
     <span class='ocr_line' id='line_1_46' title="bbox 1250 2729 2050 2771; baseline -0.005 -1"><span class='ocrx_word' id='word_1_340' title='bbox 1250 2730 1616 2771; x_wconf 80' lang='lat' dir='ltr'><strong>constructionem</strong></span> <span class='ocrx_word' id='word_1_341' title='bbox 1668 2729 1790 2769; x_wconf 75' lang='lat' dir='ltr'><strong>hanc·</strong></span> <span class='ocrx_word' id='word_1_342' title='bbox 1817 2739 1916 2768; x_wconf 73' lang='lat' dir='ltr'><em>esse</em></span> <span class='ocrx_word' id='word_1_343' title='bbox 1957 2739 2050 2768; x_wconf 88' lang='lat' dir='ltr'><em>mo-</em></span> 
     </span>
     <span class='ocr_line' id='line_1_47' title="bbox 1249 2780 2050 2841; baseline -0.005 -14"><span class='ocrx_word' id='word_1_344' title='bbox 1249 2799 1378 2827; x_wconf 81' lang='lat' dir='ltr'><strong>nens:</strong></span> <span class='ocrx_word' id='word_1_345' title='bbox 1421 2785 1455 2827; x_wconf 84' lang='grc' dir='ltr'><em>ε’.</em></span> <span class='ocrx_word' id='word_1_346' title='bbox 1490 2801 1532 2827; x_wconf 89' lang='grc' dir='ltr'><em>π.</em></span> <span class='ocrx_word' id='word_1_347' title='bbox 1565 2802 1601 2841; x_wconf 86' lang='grc' dir='ltr'><em>γ.</em></span> <span class='ocrx_word' id='word_1_348' title='bbox 1637 2801 1670 2828; x_wconf 88' lang='grc' dir='ltr'><em>τ.</em></span> <span class='ocrx_word' id='word_1_349' title='bbox 1709 2782 1791 2826; x_wconf 81' lang='grc' dir='ltr'><em>οὐκ</em></span> <span class='ocrx_word' id='word_1_350' title='bbox 1821 2780 2050 2838; x_wconf 75' lang='grc' dir='ltr'><em>ἀναγκάζε-</em></span> 
     </span>
     <span class='ocr_line' id='line_1_48' title="bbox 1250 2841 2050 2898; baseline -0.003 -14"><span class='ocrx_word' id='word_1_351' title='bbox 1250 2859 1315 2885; x_wconf 88' lang='grc' dir='ltr'><em>ται</em></span> <span class='ocrx_word' id='word_1_352' title='bbox 1348 2841 1374 2898; x_wconf 84' lang='grc' dir='ltr'><em>ἦ</em></span> <span class='ocrx_word' id='word_1_353' title='bbox 1405 2843 1518 2898; x_wconf 82' lang='grc' dir='ltr'><strong><em>ψυχὴ</em></strong></span> <span class='ocrx_word' id='word_1_354' title='bbox 1552 2843 1628 2898; x_wconf 81' lang='grc' dir='ltr'><em>τὴν</em></span> <span class='ocrx_word' id='word_1_355' title='bbox 1646 2841 1798 2896; x_wconf 84' lang='grc' dir='ltr'><em>νόησιν</em></span> <span class='ocrx_word' id='word_1_356' title='bbox 1816 2841 2050 2895; x_wconf 79' lang='grc' dir='ltr'><em>ἐπερέσθαι</em></span> 
     </span>
     <span class='ocr_line' id='line_1_49' title="bbox 1251 2898 2050 2943; baseline -0.003 -2"><span class='ocrx_word' id='word_1_357' title='bbox 1251 2905 1293 2942; x_wconf 83' lang='grc' dir='ltr'><em>τί</em></span> <span class='ocrx_word' id='word_1_358' title='bbox 1320 2918 1422 2943; x_wconf 82' lang='grc' dir='ltr'><em>ποτε</em></span> <span class='ocrx_word' id='word_1_359' title='bbox 1462 2905 1545 2943; x_wconf 78' lang='grc' dir='ltr'><em>τῶν</em></span> <span class='ocrx_word' id='word_1_360' title='bbox 1583 2902 1749 2943; x_wconf 76' lang='grc' dir='ltr'><em>πολλῶν</em></span> <span class='ocrx_word' id='word_1_361' title='bbox 1779 2899 1867 2941; x_wconf 83' lang='grc' dir='ltr'><em>ἐστι</em></span> <span class='ocrx_word' id='word_1_362' title='bbox 1898 2898 2050 2940; x_wconf 78' lang='grc' dir='ltr'><em>δάκτυ-</em></span> 
     </span>
     <span class='ocr_line' id='line_1_50' title="bbox 1251 2958 2050 3013; baseline -0.001 -13"><span class='ocrx_word' id='word_1_363' title='bbox 1251 2962 1345 3002; x_wconf 73' lang='grc' dir='ltr'><em>λοςι</em></span> <span class='ocrx_word' id='word_1_364' title='bbox 1377 2974 1507 3013; x_wconf 84' lang='lat' dir='ltr'><strong>quam</strong></span> <span class='ocrx_word' id='word_1_365' title='bbox 1529 2963 1736 3002; x_wconf 82' lang='lat' dir='ltr'><strong>rationem</strong></span> <span class='ocrx_word' id='word_1_366' title='bbox 1761 2959 1889 3000; x_wconf 78' lang='lat' dir='ltr'><strong>etiam</strong></span> <span class='ocrx_word' id='word_1_367' title='bbox 1914 2958 2050 2999; x_wconf 77' lang='lat' dir='ltr'><strong>Fici-</strong></span> 
     </span>
     <span class='ocr_line' id='line_1_51' title="bbox 1249 3017 2051 3071; baseline -0.001 -12"><span class='ocrx_word' id='word_1_368' title='bbox 1249 3031 1345 3059; x_wconf 83' lang='lat' dir='ltr'><em>nus</em></span> <span class='ocrx_word' id='word_1_369' title='bbox 1375 3025 1587 3071; x_wconf 79' lang='lat' dir='ltr'><strong>sequutus</strong></span> <span class='ocrx_word' id='word_1_370' title='bbox 1626 3025 1714 3059; x_wconf 76' lang='lat' dir='ltr'><strong>est:</strong></span> <span class='ocrx_word' id='word_1_371' title='bbox 1764 3017 1855 3067; x_wconf 85' lang='lat' dir='ltr'><em>„Iu</em></span> <span class='ocrx_word' id='word_1_372' title='bbox 1889 3017 2051 3058; x_wconf 84' lang='lat' dir='ltr'><strong>omni·</strong></span> 
     </span>
     <span class='ocr_line' id='line_1_52' title="bbox 1252 3073 2051 3130; baseline -0.004 -13"><span class='ocrx_word' id='word_1_373' title='bbox 1252 3077 1351 3118; x_wconf 81' lang='lat' dir='ltr'><em>bus</em></span> <span class='ocrx_word' id='word_1_374' title='bbox 1397 3075 1670 3130; x_wconf 88' lang='lat' dir='ltr'><strong>siquidem</strong></span> <span class='ocrx_word' id='word_1_375' title='bbox 1707 3073 2051 3116; x_wconf 77' lang='lat' dir='ltr'><strong>huiuscemo-</strong></span> 
     </span>
     <span class='ocr_line' id='line_1_53' title="bbox 1251 3133 2052 3186; baseline -0.002 -11"><span class='ocrx_word' id='word_1_376' title='bbox 1251 3134 1302 3174; x_wconf 82' lang='lat' dir='ltr'><em>di</em></span> <span class='ocrx_word' id='word_1_377' title='bbox 1335 3147 1441 3175; x_wconf 89' lang='lat' dir='ltr'><em>non</em></span> <span class='ocrx_word' id='word_1_378' title='bbox 1473 3133 1698 3186; x_wconf 78' lang='lat' dir='ltr'><strong>cogitur</strong></span> <span class='ocrx_word' id='word_1_379' title='bbox 1730 3133 1947 3173; x_wconf 80' lang='lat' dir='ltr'><strong>animus</strong></span> <span class='ocrx_word' id='word_1_380' title='bbox 1978 3133 2052 3173; x_wconf 90' lang='lat' dir='ltr'><em>in—</em></span> 
     </span>
     <span class='ocr_line' id='line_1_54' title="bbox 1250 3190 2053 3244; baseline -0.002 -12"><span class='ocrx_word' id='word_1_381' title='bbox 1250 3192 1615 3244; x_wconf 68' lang='lat' dir='ltr'><strong>tekligentiam</strong></span> <span class='ocrx_word' id='word_1_382' title='bbox 1649 3190 1712 3231; x_wconf 81' lang='lat' dir='ltr'><em>ad</em></span> <span class='ocrx_word' id='word_1_383' title='bbox 1737 3190 2053 3243; x_wconf 82' lang='lat' dir='ltr'><strong>disceptan-</strong></span> 
     </span>
     <span class='ocr_line' id='line_1_55' title="bbox 1250 3246 2053 3303; baseline -0.001 -14"><span class='ocrx_word' id='word_1_384' title='bbox 1250 3248 1367 3290; x_wconf 87' lang='lat' dir='ltr'><em>dum</em></span> <span class='ocrx_word' id='word_1_385' title='bbox 1442 3260 1775 3303; x_wconf 80' lang='lat' dir='ltr'><strong>provocare,</strong></span> <span class='ocrx_word' id='word_1_386' title='bbox 1836 3246 1967 3301; x_wconf 81' lang='lat' dir='ltr'><strong>quid</strong></span> <span class='ocrx_word' id='word_1_387' title='bbox 2030 3261 2053 3288; x_wconf 83' lang='lat' dir='ltr'>e</span> 
     </span>
    </p>
   </div>
   <div class='ocr_carea' id='block_1_8' title="bbox 1250 3305 2123 3358">
    <p class='ocr_par' dir='ltr' id='par_1_10' title="bbox 1250 3305 2123 3358">
     <span class='ocr_line' id='line_1_56' title="bbox 1250 3305 2123 3358; baseline -0.002 -10"><span class='ocrx_word' id='word_1_388' title='bbox 1250 3308 1447 3348; x_wconf 74' lang='lat' dir='ltr'><strong>multis</strong></span> <span class='ocrx_word' id='word_1_389' title='bbox 1502 3307 1575 3348; x_wconf 79' lang='lat' dir='ltr'><em>sit</em></span> <span class='ocrx_word' id='word_1_390' title='bbox 1622 3307 1891 3358; x_wconf 85' lang='lat' dir='ltr'><strong>digitus.“</strong></span> <span class='ocrx_word' id='word_1_391' title='bbox 1969 3305 2053 3346; x_wconf 82' lang='lat' dir='ltr'><em>Ve-</em></span> <span class='ocrx_word' id='word_1_392' title='bbox 2119 3311 2123 3316; x_wconf 83' lang='grc'><em>“</em></span> 
     </span>
    </p>
   </div>
   <div class='ocr_carea' id='block_1_9' title="bbox 1249 3363 2052 3477">
    <p class='ocr_par' dir='ltr' id='par_1_11' title="bbox 1249 3363 2052 3477">
     <span class='ocr_line' id='line_1_57' title="bbox 1249 3363 2052 3417; baseline -0.002 -13"><span class='ocrx_word' id='word_1_393' title='bbox 1249 3376 1350 3404; x_wconf 84' lang='lat' dir='ltr'><strong>reor</strong></span> <span class='ocrx_word' id='word_1_394' title='bbox 1390 3370 1435 3405; x_wconf 87' lang='lat' dir='ltr'><em>ut</em></span> <span class='ocrx_word' id='word_1_395' title='bbox 1474 3370 1592 3406; x_wconf 80' lang='lat' dir='ltr'>recte</span> <span class='ocrx_word' id='word_1_396' title='bbox 1622 3376 1752 3417; x_wconf 80' lang='lat' dir='ltr'><strong>quum</strong></span> <span class='ocrx_word' id='word_1_397' title='bbox 1787 3363 2052 3417; x_wconf 81' lang='lat' dir='ltr'><strong>hyperbaton</strong></span> 
     </span>
     <span class='ocr_line' id='line_1_58' title="bbox 1250 3419 2049 3477; baseline 0.001 -18"><span class='ocrx_word' id='word_1_398' title='bbox 1250 3422 1318 3462; x_wconf 83' lang='lat' dir='ltr'><strong>sit.</strong></span> <span class='ocrx_word' id='word_1_399' title='bbox 1383 3421 1609 3477; x_wconf 56' lang='lat' dir='ltr'><strong>Senpcutia</strong></span> <span class='ocrx_word' id='word_1_400' title='bbox 1641 3422 1747 3464; x_wconf 77' lang='lat' dir='ltr'><strong>haec</strong></span> <span class='ocrx_word' id='word_1_401' title='bbox 1783 3426 1872 3462; x_wconf 75' lang='lat' dir='ltr'><em>est:</em></span> <span class='ocrx_word' id='word_1_402' title='bbox 1934 3419 2049 3463; x_wconf 82' lang='lat' dir='ltr'><strong>Qua-</strong></span> 
     </span>
    </p>
   </div>
  </div>
 </body>
</html>
