2106 3594
1701 152 1706 194 ἑ
1734 155 1839 220 LV

131 317 411 372 aluissent.
470 314 666 384 ltaque
690 311 886 386 poesin
913 309 1227 383 praecipue,
1253 317 1449 382 utpote
1473 314 1840 382 artemflupwj-

132 389 292 454 τικήν
317 395 374 443 et
394 385 698 458 speciosam
735 383 985 437 veritatis
1010 382 1389 450 imitationem,
1414 400 1525 435 una
1552 391 1686 442 ‘cum
1719 383 1840 438 aliis

131 460 342 514 artibus
360 457 582 512 virtutis
605 455 911 509 rationibus
927 454 1007 507 ita
1024 453 1198 507 voluit
1222 454 1593 524 attemperat-i,
1608 460 1679 508 'ut
1698 473 1840 525 quae

132 532 375 602 ipsarum
402 535 588 600 partes
613 525 856 581 moribus
881 536 946 579 et.
961 525 1202 597 ingeniis*
1225 524 1426 578 civium
1451 526 1734 580 nociturae
1759 526 1840 579 vi-

130 601 417 668 derentur,
470 617 570 652 eae
614 618 648 651 a
694 597 921 651 civitate
959 614 1062 650 sua
1098 604 1417 651 arcerentur
1444 602 1613 665 atque
1627 598 1843 669 ‘procul

129 673 323 727 abesse
345 671 682 733 iuberentur.
730 667 896 738 Quod
922 675 1074 722 certe
1110 669 1274 740 plane
1301 676 1729 722 consentaneum
1758 672 1843 723 es't

129 744 249 799 eius
272 742 608 815 reipublicae
635 740 963 807 rationibuS,
991 757 1132 810 quae
1169 747 1580 794 consummatae
1617 740 1842 794 virtutis

114 815 218 868 ‚vel
252 815 497 869 iustitiae
522 812 879 866 fundamento
905 811 1177 865 innititur.
1228 814 1418 880 Atque
1445 810 1580 864 haec
1616 811 1841 881 'quidem

128 888 243 940 sere
290 894 420 940 sunt
453 885 579 952 illa,
643 903 784 954 quae
838 882 1006 955 vulgo
1058 882 1192 935 mire
1254 891 1309 935 et
1367 900 1543 954 prope
1602 881 1841 936 absurde

130 978 163 1010 a
214 958 448 1011 Platone
497 955 752 1009 instituta
798 973 919 1008 esse
968 953 1215 1007 iudicata
1271 961 1414 1008 sunt.
1514 953 1674 1021 Quae
1738 954 1843 1009 etsi

129 1049 243 1083 non
289 1046 468 1101 pauca
522 1027 729 1081 habent
774 1045 919 1096 quae
957 1025 1287 1079 iustissimas
1326 1023 1841 1079 moveantdubita-

129 1101 307 1154 tiones
353 1098 714 1171 inprimisque
764 1097 892 1151 talia
946 1097 1089 1164 sint,
1144 1098 1200 1149 in
1253 1116 1394 1166 quae
1445 1096 1609 1150 cadat
1656 1113 1841 1170 repre-

129 1171 324 1225 hensio
363 1170 798 1225 Aristotelis
851 1169 1014 1223 Polit.
1063 1169 1117 1222 ll.
1167 1187 1215 1222 c.
1261 1172 1304 1222 1.
1344 1175 1400 1221 et
1449 1169 1500 1223 Q.
1541 1169 1635 1241 qui
1670 1169 1727 1221 in
1766 1169 1842 1222 ci-

128 1244 322 1307 vitate,
350 1261 491 1313 quae
522 1242 779 1296 libertate
804 1240 1063 1313 gavisura
1086 1240 1177 1308 sit,
1210 1259 1323 1294 non
1363 1239 1717 1314 ὁμοφωνίαν,
1745 1239 1844 1295 sed

125 1319 470 1387 συμφωνίαν
504 1320 692 1367 censet
712 1330 945 1385 regnare
970 1319 1254 1383 oportere3
1291 1318 1476 1365 tamen
1524 1313 1844 1384 neutiquam

128 1384 206 1440 ita
240 1392 559 1458 comparata
596 1393 756 1453 sunt,
793 1391 857 1437 ut
889 1390 1038 1437 recte
1075 1382 1203 1436 inde
1241 1384 1428 1456 colligi
1465 1384 1670 1457 possit,
1710 1383 1844 1438 civi-

126 1466 298 1511 tatem
337 1457 585 1511 Platonis
620 1475 821 1509 vanum
860 1473 981 1510 esse
1020 1463 1076 1508 ct
1100 1455 1257 1509 inane
1297 1457 1494 1528 capitis
1523 1456 1842 1509 sebi-icantis

129 1529 418 1598 somnium,
472 1527 623 1598 quod
662 1526 1160 1598 philosophus·aut
1196 1527 1442 1580 iustitiae
1481 1527 1841 1582 illustrandae

130 1619 327 1655 caussa
362 1608 459 1654 aut
491 1600 617 1653 lusu
653 1597 894 1667 quodam
931 1598 1261 1651 luxuriantis
1313 1599 1523 1671 ingenii
1561 1598 1842 1653 confinxe-

129 1672 220 1726 rit.
308 1671 453 1725 Nam
500 1671 595 1725 ubi
642 1669 944 1724 secundum
997 1670 1173 1740 ipsius
1212 1669 1463 1724 Platonis
1501 1679 1739 1724 mentem
1777 1690 1841 1724 ac

129 1743 461 1798 sententiam
478 1740 761 1795 intellecta
794 1741 997 1794 fuerint
1021 1741 1204 1795 omnia
1230 1742 1306 1811 ⁸),
1347 1750 1496 1794 certe
1537 1761 1696 1795 nemo
1738 1741 1841 1795 du-

130 1814 358 1882 bitabit,
398 1814 530 1884 quin
559 1812 924 1884 philosophus
960 1831 1152 1865 revera
1187 1813 1479 1883 exemplar*
1504 1812 1728 1883 aliquod
1767 1814 1843 1867 ci-

128 1886 318 1939 vitatis
367 1903 676 1957 proponere
712 1885 979 1950 voluerit,
1020 1884 1078 1936 in
1115 1882 1266 1953 quod
1303 1884 1599 1955 populares
1637 1884 1722 1938 sui
1760 1885 1851 1949 in<

128 1966 432 2026 tuerentur,
473 1975 582 2027 quo
621 1955 836 2009 facilius
873 1954 1262 2027 intelligerent,
1302 1962 1568 2025 quantum
1602 1955 1846 2026 ipsorum

131 2028 476 2101 respublicae
512 2028 581 2081 ab
621 2027 688 2081 iis
727 2026 993 2081 institutis
1032 2037 1197 2097 atque
1223 2027 1468 2082 consiliis
1492 2026 1844 2098 defecissent,

129 2119 272 2172 quae
310 2101 495 2155 sanior
576 2098 893 2170 hilosophia
929 2100 1122 2168 utique
1160 2098 1443 2152 videretur
1492 2098 1725 2154 suadere
1763 2107 1847 2155 at-

130 2189 240 2244 que
277 2190 525 2226 commen
570 2189 677 2224 are.
1196 2174 1201 2179 '

277 2258 464 2328 Atque
517 2256 652 2310 haec
706 2255 980 2310 sententia
1029 2256 1193 2309 etiam
1243 2262 1399 2309 tanto
1439 2257 1642 2310 certior
1679 2255 1845 2312 debet

131 2327 325 2397 videri,
366 2347 476 2400 quo
529 2328 731 2383 certius
782 2327 1126 2400 exploratum
1159 2327 1422 2396 liabetur,
1464 2327 1531 2382 de
1563 2348 1672 2400 quo
1699 2329 1850 2393 nulla

131 2407 316 2474 potest
387 2419 508 2455 esse
577 2399 981 2469 controversia,
1066 2399 1356 2453 Platonem
1436 2399 1491 2452 in
1558 2399 1851 2454 condenda

134 2472 343 2546 optima
391 2471 615 2525 civitate
664 2472 740 2525 ita
790 2490 910 2526 esse
961 2477 1257 2539 versatum,
1310 2478 1370 2524 ut
1410 2491 1551 2541 quae
1590 2471 1848 2542 instituit,

134 2542 452 2614 neutiquam
478 2543 596 2615 ipse
630 2543 813 2597 omnia
836 2543 1252 2616 excogitaverit,
1292 2541 1391 2597 sed
1413 2545 1599 2615 potius
1637 2563 1706 2597 ex
1730 2543 1850 2600 aliis

133 2615 299 2670 rebus
337 2613 596 2699 publici8‚
650 2633 792 2686 quae
842 2614 951 2686 ipsi
998 2614 1395 2686 probarentur,
1445 2614 1515 2667 ad
1550 2635 1662 2669 rem
1698 2635 1851 2671 suam

133 2685 444 2741 traduxisse
495 2694 660 2757 atque
711 2693 1022 2740 mutuatum
1058 2704 1209 2756 csse,
1262 2686 1339 2739 ita
1379 2686 1618 2756 quidem,
1671 2695 1733 2740 ut
1788 2706 1853 2743 ea

237 2889 278 2942 ⁶)
321 2888 393 2930 De
421 2886 663 2941 paradoxis
699 2886 899 2928 Platonis
940 2885 1134 2938 politicis
1172 2891 1346 2939 praeter
1384 2885 1678 2928 Aristotel.
1721 2886 1852 2929 Polit.

309 2946 372 2990 11.
403 2944 453 2988 C.
491 2945 514 2988 1
549 2967 591 2975 -
633 2943 662 2986 5
689 2975 701 2991 ,
738 2945 812 2998 qui
845 2944 994 2985 omnia
1024 2944 1081 2984 ad
1112 2945 1321 2985 trutinam
1353 2945 1653 2997 experientiae
1685 2947 1851 2999 exegit,

310 3004 535 3058 copiosius
577 3002 917 3054 disputaverunt
967 3001 1390 3054 Morgenstern.
1430 3002 1742 3046 commentatt.
1795 3005 1850 3046 de

315 3061 515 3103 Platonis
554 3060 781 3114 republica
817 3074 843 3113 p
901 3059 999 3104 203.
1036 3082 1081 3089 -
1121 3060 1221 3103 237.
1265 3061 1319 3104 Α.
1358 3059 1435 3102 De
1476 3060 1627 3101 Geer
1658 3060 1848 3105 Diatrib.

309 3121 355 3160 in
404 3118 609 3173 politices
667 3118 923 3159 Platonivae
964 3118 1182 3173 principia
1228 3131 1255 3172 p
1322 3117 1420 3163 161.
1465 3140 1519 3149 -
1553 3117 1638 3163 187
1667 3149 1680 3170 ,
1743 3134 1854 3173 quos

311 3179 556 3219 consulent
594 3176 761 3217 utiliter
799 3177 872 3229 qni
911 3176 965 3217 ‹le
998 3177 1065 3217 liis
1098 3176 1229 3218 rebus
1261 3176 1436 3229 plenius
1469 3176 1642 3217 edoceri
1675 3179 1855 3231 cupiant

310 3236 433 3278 conf.
480 3235 610 3277 ctiam
642 3234 966 3277 Steinliart.
1012 3234 1217 3288 l‘rolegg.
1251 3234 1308 3275 ad
1341 3234 1493 3287 Remp.
1536 3247 1588 3276 ex
1628 3236 1853 3289 interpret.

315 3294 497 3337 Hieron.
518 3292 736 3334 Muelleri.
757 3305 798 3345 p.
821 3291 916 3336 174.
939 3306 1037 3345 sqq.
1068 3290 1494 3334 commentationem
1529 3294 1716 3333 (faroli
1755 3308 1852 3336 van

314 3351 671 3393 voorthnsen
707 3350 774 3391 De
811 3351 922 3393 mm.
954 3351 1157 3392 doctrina
1196 3351 1250 3392 de
1277 3350 1589 3392 communione
1626 3343 1854 3393 niulieruun

314 3414 356 3450 et
378 3409 631 3451 liberorum.
667 3408 848 3450 Uti-celii
900 3408 1026 3453 1850.
1060 3408 1087 3450 8
1134 3408 1385 3461 evulgatam
1420 3409 1503 3462 ipsi
1539 3420 1625 3449 non
1651 3410 1851 3451 vidium.
