2106 3594
1678 122 1886 189 XLIH

165 274 255 319 tae
306 266 579 338 angustiis
637 264 695 317 in
755 280 1008 334 campum
1071 263 1436 334 patentiorem
1497 265 1642 320 vitae
1709 264 1884 320 civilis

165 335 427 392 educeret
473 352 768 403 veramque
807 340 980 388 artem
1016 333 1233 390 civilem
1268 342 1434 405 atque
1471 335 1749 393 communi
1786 354 1880 390 so-

166 409 351 463 cietati
386 405 803 464 saluberrimam
840 422 962 459 esse
998 405 1298 460 evinceret.-

197 611 202 615 ,
309 539 510 618 Itaque
558 547 795 620 primum
844 544 1067 616 quidem
1117 546 1211 602 ubi
1262 548 1604 620 quaerimus,
1655 541 1885 620 quibus-

164 640 290 676 nam
324 620 634 676 rationibus
685 617 959 674 adductus
998 618 1161 673 Plato
1199 620 1478 675 civitatem
1516 620 1738 675 finxerit
1774 620 1883 692 ipsi

162 691 371 748 homini
410 710 574 762 quam
611 690 970 758 simillimam,
1020 699 1255 760 possunt
1305 692 1424 757 eius
1472 692 1552 744 rei
1605 691 1746 758 duae
1784 712 1885 763 po-

161 763 434 820 tissimum
472 781 704 829 caussae
744 759 945 830 afferri,
983 779 1214 830 quarum
1239 763 1420 819 ’altera
1456 763 1515 817 in
1541 761 1883 829 Graecorum

160 834 490 908 sapientium
535 833 607 888 de
657 833 882 899 civitate
929 832 1315 904 opinionibus,
1367 834 1541 899 altera
1580 835 1648 888 in
1701 835 1881 906 ipsius

164 905 472 980 argumenti
534 904 607 959 ad
658 901 1008 962 tractandum
1063 903 1263 959 delecti
1322 914 1520 962 natura
1587 914 1644 960 et
1695 905 1882 961 indole

200 978 354 1034 osita
380 985 481 1032 est.
555 976 647 1031 De
672 976 767 1030 illa
791 975 999 1047 optime
1025 977 1280 1048 exposuit
1320 975 1418 1032 Ol.
1456 977 1536 1032 de
1576 976 1885 1044 Geerius

159 1000 401 1120 lirincip.
452 1049 676 1103 Politic.
713 1047 935 1101 Platon.
982 1067 1036 1118 p.
1082 1048 1193 1102 125¹
1234 1068 1316 1119 sq.
1371 1048 1458 1102 his
1496 1067 1630 1103 usus
1669 1050 1885 1104 verbis:

160 1120 365 1185 Graeci
416 1118 764 1193 philosophi,
812 1118 997 1190 inquit
1042 1119 1128 1172 vir
1183 1118 1571 1191 doctissimus,
1631 1120 1883 1193 inprimis

158 1194 354 1261 Plato,
405 1199 520 1246 tam
567 1191 733 1264 longe
769 1190 1053 1258 aberant,
1087 1198 1151 1244 ut
1188 1192 1468 1246 civitatem
1507 1193 1884 1247 existimarent

160 1274 424 1335 tanquam
470 1263 780 1318 machinam
837 1261 1115 1332 quandam
1156 1282 1322 1333 esse„
1359 1283 1500 1334 quae
1539 1265 1882 1319 extrinsecus

160 1337 442 1407 acciperet
477 1346 660 1389 motus
698 1353 943 1403 causam,
980 1344 1043 1387 ut
1079 1333 1289 1388 homini
1329 1355 1449 1390 eam
1478 1344 1879 1409 compararent,

159 1428 221 1464 se
268 1409 451 1479 ipsum
499 1406 777 1475 moventi,
840 1404 1009 1458 libere
1062 1407 1281 1478 agenti,
1346 1407 1572 1462 viventi.
1658 1409 1736 1462 Et
1783 1428 1884 1480 pro

164 1478 472 1534 incredibili
507 1477 620 1546 illa,
659 1496 770 1548 qua
805 1476 1083 1547 valebant,
1121 1497 1383 1533 sensuum
1410 1479 1681 1549 efficacia,
1723 1479 1885 1552 quid-

167 1548 304 1633 quid
349 1549 408 1603 in
456 1549 683 1604 civitate
734 1549 1037 1631 reperirent
1077 1549 1161 1603 vel
1211 1549 1420 1605 ordinis
1456 1551 1546 1605 vel
1587 1553 1883 1608 conturba-

165 1622 387 1689 tronis„
414 1620 503 1675 vel
557 1619 839 1676 felicitatis
891 1620 982 1675 vel
1038 1621 1321 1692 miseriae,
1372 1622 1481 1677 hoc
1530 1643 1689 1678 omne
1727 1624 1785 1677 in
1823 1642 1882 1678 se

165 1693 183 1747 i
226 1693 332 1760 sis,
392 1691 452 1746 in
491 1699 620 1747 'suo
681 1691 790 1763 ipsi
860 1691 1043 1746 animo
1103 1700 1167 1746 ut
1224 1712 1484 1765 praesens
1551 1696 1881 1750 sentiebant.

215 1763 364 1819 ronti
398 1764 456 1818 in
494 1763 718 1819 civitate
751 1762 933 1818 varias
962 1762 1474 1826 animadvertebant
1500 1774 1708 1836 partes,
1747 1766 1882 1820 alias

165 1835 439 1903 meliores,
475 1833 612 1889 alias
649 1833 898 1907 peiores,
938 1842 1167 1889 cunctas
1204 1843 1390 1890 autem
1426 1847 1656 1910 agentes
1695 1845 1752 1892 et
1789 1857 1883 1892 ve-

165 1906 270 1963 luti
318 1926 345 1962 s
383 1906 620 1975 irantes,
670 1924 736 1960 ac
799 1922 967 1976 saepe
1016 1905 1122 1961 sibi
1185 1907 1422 1962 invicem
1486 1917 1880 1982 repugnanteS,

166 1978 329 2035 subin
370 1997 400 2032 e
445 1978 611 2034 etiam
648 1983 837 2032 mutuo
875 1977 1200 2033 conciliatas
1238 1986 1295 2034 et
1332 1981 1768 2048 consentientes;
1807 1981 1885 2040 ita
1957 2041 1959 2045 Α

169 2049 391 2106 easdem
427 2057 634 2121 partes,
673 2047 904 2105 eandem
956 2050 1194 2121 partium
1244 2052 1598 2123 varietatem,
1652 2061 1882 2124 motum,

166 2121 562 2195 agitationem,
610 2120 925 2176 universam
981 2122 1201 2176 omnino
1258 2123 1657 2195 rempublicam
1718 2125 1776 2179 in
1826 2145 1885 2182 se

167 2193 302 2266 ipsis
348 2192 709 2266 reperiebant.
797 2192 981 2266 Igitur
1030 2193 1252 2264 quando
1302 2194 1371 2249 de
1422 2196 1760 2267 reipublicae
1798 2216 1886 2252 sa-

167 2265 278 2320 lute
314 2263 671 2339 provehenda
707 2264 1050 2337 cogitabant,
1090 2286 1203 2321 non
1242 2274 1522 2322 externam
1559 2268 1677 2324 eius
1719 2269 1886 2324 ratio-

167 2356 293 2392 nem
342 2334 730 2406 attendebant,
781 2334 883 2391 sed
938 2337 1236 2391 internam:
1286 2358 1345 2393 se
1387 2339 1496 2411 ipsi
1531 2340 1885 2412 animumque

168 2415 328 2464 suum
383 2407 782 2480 respiciebantt
843 2414 899 2462 et
959 2428 1120 2479 quam
1190 2411 1458 2466 rationem
1515 2410 1587 2466 ad
1646 2412 1886 2468 animum

168 2477 567 2536 emendandum
616 2478 947 2563 beatumque
1001 2480 1344 2538 reddendum
1390 2482 1647 2538 idoneam
1696 2503 1887 2540 cense-

168 2551 303 2607 bant
380 2548 607 2607 eandem
653 2549 727 2604 ad
762 2551 1001 2607 civitatis
1038 2553 1352 2609 felicitatem
1388 2554 1759 2628 usurpandam
1798 2576 1884 2611 ar-

170 2593 530 2680 bitrabantur.
617 2617 695 2676 Et
740 2621 1189 2695 quandoquidem
1248 2626 1412 2682 homo
1465 2627 1657 2682 morali
1720 2627 1886 2683 disci·

169 2693 318 2768 plina
368 2693 439 2748 ad
490 2693 748 2747 virtutem
800 2693 1223 2767 felicitatemque
1273 2697 1475 2753 adduci
1547 2698 1742 2769 debet,
1807 2699 1887 2754 ita

170 2764 402 2822 eandem
461 2764 604 2821 hanc
667 2763 1015 2837 disciplinam
1081 2768 1253 2823 totius
1316 2769 1599 2825 habebant
1659 2770 1885 2843 politiae

170 2835 603 2893 fundamentum.
677 2835 877 2908 Itaque
915 2837 1111 2908 Plato,
1153 2847 1451 2924 postquam
1491 2842 1740 2898 veritatis
1778 2844 1886 2898 vir-

170 2908 415 2981 tutisque
454 2927 674 2965 causam
713 2917 906 2964 contra
947 2909 1224 2983 sophistas
1266 2911 1663 2984 vindicaverat,
1715 2915 1886 2970 viam-

172 3000 277 3053 que
314 2979 740 3055 significaverat,
791 2999 901 3051 qua
948 2980 1111 3037 homo
1163 2982 1236 3039 ad
1296 3003 1565 3041 summam
1627 2986 1887 3041 virtutem

171 3050 556 3126 provehendus
602 3061 779 3119 esset3
832 3072 932 3125 per
979 3052 1209 3111 eandem
1258 3054 1519 3130 deinceps
1567 3057 1711 3114 viam
1750 3058 1884 3114 civi-

170 3131 337 3179 tatem
392 3122 566 3180 voluit
616 3122 687 3178 ad
736 3141 1001 3179 summam
1051 3125 1368 3183 felicitatem
1426 3128 1603 3184 educi.
1687 3130 1885 3185 Homi-

172 3214 291 3249 nem
340 3196 601 3251 continuo
649 3215 773 3250 cum
829 3196 1051 3251 civitate
1090 3205 1147 3253 et
1183 3199 1463 3255 civitatem
1501 3220 1625 3256 cum
1662 3201 1885 3256 homine

171 3268 535 3341 comparavit,
602 3267 888 3339 utriusque
959 3287 1082 3325 csse
1144 3279 1298 3328 ratus
1362 3272 1591 3330 eandem
1646 3273 1886 3329 indolem
