2124 3744
285 208 387 258 :564
542 200 934 255 ARGUMEN
945 201 1119 255 TUM
1172 203 1386 257 LIBRI
1424 204 1730 258 DECIMI.

287 345 628 410 institutum,
692 350 755 395 ut
817 361 914 412 pro
972 361 1308 411 unoquoque
1360 344 1560 398 delicto
1627 355 1723 399 aut
1778 348 1981 402 scelere

286 435 463 485 poena
500 414 683 468 decies
720 421 1020 484 repetatur,
1060 414 1300 483 itemque
1339 417 1578 484 praemia
1615 427 1763 471 recte
1804 420 1977 473 facto·

286 506 404 539 rum
443 485 626 540 decies
663 483 1074 538 distribuantur.
1150 486 1360 540 Multas
1388 495 1569 541 tamen
1596 489 1803 543 animas
1842 489 1981 544 adeo

285 577 403 612 csse
437 556 786 624 insanabileS,
827 565 890 609 ut
924 575 1108 609 earum
1145 576 1324 628 poena
1359 559 1506 612 mille
1544 560 1700 614 annis
1737 581 1848 615 non
1886 562 1981 615 ab·

284 629 568 696 solvatur,
600 627 698 683 sed
737 627 919 680 denuo
956 627 1321 697 instauretur,
1360 630 1530 684 veluti
1569 631 1983 700 parricidarum,

285 702 695 773 sacrilegorum,
734 700 1077 768 maximeque
1113 712 1488 770 tyrannorum,
1546 703 1743 770 quibus
1777 723 1985 775 poenae

286 772 516 829 luendae
580 772 689 825 sint
722 770 887 842 longe
937 770 1309 840 gravissimae.
1382 772 1612 827 Exactis
1650 781 1832 829 autem
1867 775 1986 828 mil-

285 844 423 898 lenis
473 844 631 897 annis
682 843 890 899 animas
946 843 1003 894 in
1040 841 1166 896 loco
1205 842 1444 911 quodam
1482 845 1783 899 excelsiore
1822 847 1987 900 maie-

282 917 551 986 statisque
601 914 764 984 pleno
818 913 1006 967 Parcis
1054 913 1398 985 praesidibus
1435 915 1505 969 ad
1543 936 1809 971 novarum
1847 919 1985 971 vita-

284 1007 403 1040 rum
451 986 793 1041 sortitionem
843 984 1073 1041 admitti.
1167 986 1276 1039 Hic
1326 1006 1456 1040 vero
1506 987 1796 1059 plurimam
1847 1008 1987 1061 opus

284 1078 402 1112 esse
452 1056 830 1129 prudentiam,
881 1075 950 1110 ne
1001 1057 1190 1127 specie
1239 1057 1506 1129 deceptae
1542 1060 1709 1115 vitam
1750 1060 1987 1114 deterio-

282 1149 395 1184 rem
434 1129 645 1183 meliori
681 1137 1034 1199 anteponant.
1110 1128 1408 1199 Optionem
1445 1131 1590 1185 enim
1627 1131 1824 1201 cuique
1862 1150 1989 1185 esse

284 1203 541 1270 liberam,
580 1200 852 1270 deumque
891 1200 1039 1258 omni
1078 1200 1241 1270 culpa
1276 1220 1491 1270 vacare,
1529 1203 1577 1257 si
1612 1221 1756 1272 quae
1791 1203 1989 1256 malam

283 1274 491 1345 eligant
553 1280 772 1327 sortem.
871 1271 949 1324 Et
997 1280 1114 1324 tum
1164 1271 1388 1341 quidem
1440 1273 1519 1326 ita
1568 1273 1870 1344 accidisse,
1926 1282 1991 1328 ut

283 1346 490 1416 primus
538 1343 886 1416 tyrannidem
935 1343 1040 1396 sibi
1107 1343 1334 1415 elegerit
1397 1363 1572 1413 eaque
1635 1365 1695 1399 re
1766 1346 1992 1418 cognita

283 1417 547 1470 continuo
596 1423 800 1469 sortem
853 1434 1004 1468 suam
1042 1414 1594 1470 luxeritmiserrime.
1671 1416 1785 1472 Sed
1819 1419 1989 1488 pluri·

284 1507 399 1543 mas
451 1487 628 1541 solere
679 1487 825 1542 vitae
875 1487 1172 1557 superioris
1235 1486 1419 1540 studio
1479 1488 1537 1540 in
1596 1507 1775 1542 novae
1841 1489 1990 1543 vitae

282 1559 547 1612 electione
588 1558 716 1611 duci
751 1557 986 1626 ideoque
1025 1569 1121 1610 aut
1167 1557 1398 1611 eandem
1437 1569 1532 1612 aut
1569 1567 1718 1613 certe
1754 1560 1987 1614 similem

283 1638 568 1702 expetere3
621 1648 742 1684 esse
779 1637 961 1682 tamen
1001 1630 1164 1682 etiam
1203 1630 1432 1698 multas,
1490 1649 1633 1700 quae
1669 1650 1779 1684 non
1815 1631 1991 1685 homi-

282 1723 411 1757 num
466 1702 607 1756 vitas
657 1708 900 1765 sumant,
963 1700 1059 1754 sed
1114 1701 1396 1754 brutarum
1450 1703 1821 1756 animantium.
1897 1703 1989 1756 Ita

285 1774 543 1845 Orpheus
595 1773 789 1845 cygni,
855 1772 1156 1843 Thamyris
1217 1773 1516 1842 lusciniae,
1586 1774 1731 1827 Aiax
1792 1775 1990 1843 leoniS,

283 1848 624 1917 Agamemno
665 1844 911 1914 aquilae,
954 1844 1219 1897 Atalanta
1254 1845 1475 1916 pugilis,
1518 1845 1706 1916 Epeus
1745 1847 1992 1900 mulieris

283 1918 556 1985 sollertis,
579 1917 790 1988 Ulyxes
831 1916 1065 1968 hominis
1106 1916 1366 1986 simplicis
1405 1924 1459 1969 et
1495 1917 1757 1988 ignobilis
1784 1925 1988 1971 sortem

283 1990 516 2061 elegisse
553 1995 858 2041 narrantur.
938 1987 1051 2041 Uni
1099 1995 1314 2040 tantum
1351 1988 1450 2054 illi,
1492 1989 1586 2057 qui
1623 1997 1772 2042 recte
1811 1989 1991 2060 philo-

280 2061 501 2131 sophati
538 2068 700 2126 sunt,
752 2058 1017 2129 optimam
1055 2060 1447 2113 nanciscuntur
1503 2067 1708 2112 sortem
1771 2060 1986 2129 iterque

283 2133 487 2185 habent
535 2132 755 2184 minime
805 2129 1231 2186 molestumvsed
1267 2130 1566 2185 iucundum
1620 2149 1684 2184 ac
1731 2132 1985 2186 coeleste.

283 2206 518 2258 Peracta
555 2222 686 2256 vero
725 2202 1012 2255 sortitione
1052 2220 1238 2254 omnes
1278 2221 1309 2254 a
1347 2222 1447 2256 suo
1500 2221 1751 2271 quaeque
1803 2205 1989 2274 genic,

280 2294 378 2347 per
426 2276 631 2328 Parcas
685 2274 979 2341 attributo,
1033 2273 1234 2327 deduci
1284 2280 1576 2327 narrantur
1625 2273 1683 2326 in
1730 2293 1831 2328 sua
1867 2294 1988 2328 cor-

281 2366 468 2417 pora..
522 2345 690 2413 Quod
753 2354 1044 2414 antequam
1105 2344 1237 2412 fiat,
1296 2364 1387 2399 eas
1440 2364 1716 2416 permeare
1777 2346 1988 2400 Lethes

283 2438 535 2489 campum
586 2427 763 2471 etex
802 2416 1054 2469 Amelete
1093 2415 1263 2470 fluvio
1301 2416 1468 2488 longa
1504 2415 1723 2470 haurire
1762 2418 1983 2486 oblivia,

282 2491 359 2543 ita
406 2498 590 2543 tamen
642 2496 705 2542 ut
752 2487 937 2557 prouti
990 2488 1113 2558 plus
1164 2488 1412 2542 minusve
1453 2488 1725 2556 biberint,
1776 2489 1854 2541 ita
1905 2509 1991 2543 re-

283 2582 403 2616 rum
455 2569 830 2614 anteactarum
880 2561 1140 2613 memoria
1189 2560 1487 2630 priventur.
1573 2560 1662 2613 Ex
1709 2560 2000 2614 Letheaeo,

285 2634 523 2703 denique
561 2651 754 2703 campo
807 2650 995 2684 omnes
1035 2631 1212 2702 geniis
1251 2631 1638 2684 comitantibus
1679 2630 1751 2684 ad
1787 2651 1987 2686 novam

285 2705 693 2777 generationem
741 2721 1050 2771 novamque
1094 2704 1261 2756 vitam
1313 2701 1644 2756 descendere
1693 2722 1758 2756 ac
1807 2703 1986 2757 denuo

235 2775 240 2780 ’
286 2776 500 2849 ingredi
537 2774 760 2829 vivendi
800 2774 1144 2828 curriculum.
1223 2776 1282 2827 P.
1324 2776 1444 2827 614.
1484 2775 1552 2829 A.
1590 2805 1660 2814 ——·
1698 2775 1816 2830 621.
1854 2778 1924 2827 A.

428 2848 534 2901 His
572 2847 846 2900 uberrima
894 2847 1207 2900 narratione
1242 2845 1533 2915 explicatis
1573 2845 1833 2900 Socrates
1866 2846 1988 2898 uni-

290 2938 449 2974 verso
487 2919 722 2972 sermoni
760 2917 902 2970 hanc
941 2918 1098 2987 quasi
1134 2916 1446 2971 coronidem
1472 2917 1725 2987 imponit,
1763 2926 1828 2969 ut
1864 2936 1990 2988 gra-

290 2992 432 3044 viter
482 2997 701 3043 moneat
759 2989 1024 3043 iustitiam
1074 2989 1321 3042 studiose
1374 3007 1493 3042 esse
1531 2987 1835 3054 colendam,
1877 3007 1987 3057 quo

290 3071 403 3115 tum
452 3063 724 3117 nobismet
772 3061 907 3131 ipsis
953 3069 1072 3114 tu'm
1121 3060 1228 3114 diis
1281 3059 1678 3113 immortalibus
1716 3058 1877 3112 amici
1913 3060 1985 3114 si—

290 3153 409 3187 mus
447 3145 611 3203 atque
650 3133 706 3184 in
744 3132 847 3185 hac
887 3147 943 3185 et
977 3133 1032 3186 in
1073 3132 1273 3186 futura.
1298 3130 1415 3184 vita
1449 3130 1518 3183 ad
1557 3129 1836 3184 beatitatis
1875 3132 1987 3184 fru-

291 3211 434 3257 ctum
459 3204 842 3274 perveniamus
883 3222 1044 3272 quam
1084 3203 1394 3256 maximum.
1471 3202 1531 3255 P.
1572 3203 1692 3258 621.
1727 3202 1792 3255 Β.
1820 3201 1890 3255 (3,,
1914 3203 1990 3254 D.

780 3358 846 3362 ⁷⁷⁷⁷⁷
852 3346 1421 3394 -——-—--'-—-·——r
1452 3352 1523 3365 -.-—--
1567 3371 1575 3384 .
