2106 3594
1713 137 1851 190 (ixl

151 284 323 335 Porro
386 279 806 347 Polemarchus,
848 280 1050 351 Lysiae
1102 282 1285 348 frater,
1337 280 1553 333 etiamsi
1601 299 1668 332 eo
1720 290 1852 334 natu

145 354 319 407 maior
354 354 526 407 fuisse
562 349 935 422 perhibeatur,
972 360 1155 404 tamen
1192 350 1437 405 nondum
1471 350 1694 406 videtur
1732 371 1852 406 eam

146 434 264 480 tum
309 424 566 479 habuisse
613 430 882 491 aetatem,
943 440 1084 492 quae
1147 424 1349 478 talibus
1415 423 1850 494 quaestionibuS,

146 497 338 567 quales
383 496 458 550 ab
502 494 661 548 initio
708 495 892 577 operis
930 495 1336 564 suscipiuntur,
1388 496 1501 549 ullo
1547 494 1713 550 modo
1749 515 1855 566 par

145 577 308 625 esset.
395 566 518 622 Nec
568 585 700 638 vero
752 565 849 620 illo
883 573 1131 638 tempore
1169 567 1475 638 Sophocles
1514 569 1622 620 iam
1661 586 1851 635 senex,

143 639 246 697 sed
271 639 479 710 potius
527 638 620 691 vix
675 638 1182 710 quinquagenarius
1238 639 1375 708 fuit,
1440 652 1501 692 ut
1557 646 1676 692 tum
1739 659 1851 694 uon

143 711 388 784 patuerit
436 709 644 764 dixisse
693 728 836 780 quae
885 709 1164 782 Cephalus
1215 711 1372 765 Libr.
1422 711 1466 763 1.
1518 729 1573 780 p.
1623 712 1745 764 329.
1782 711 1852 764 B.

141 784 230 838 ab·
252 783 384 854 -ipso
435 791 707 850 tanquam
755 782 874 835 viro
908 789 1107 836 aetate
1156 781 1502 853 provectiore
1542 781 1691 835 dicta
1729 800 1853 837 esse

142 862 342 910 narrat.
428 852 695 909 Similiter
735 853 1097 908 >iudicandum
1146 862 1231 908 est
1271 854 1437 908 etiam
1484 853 1564 907 de·
1606 854 1850 927 Thrasy·-

140 926 369 994 mach0,
423 926 520 995 qui
558 924 782 997 Olymp.
822 927 908 980 82.
958 926 1048 980 vel
1086 928 1172 981 83.
1210 945 1314 980 nec
1350 926 1459 979 iam
1496 926 1677 980 clarus
1712 927 1850 980 exti-

140 1006 285 1052 terat
329 1016 431 1052 nec
478 1006 789 1052 excesserat
850 998 1158 1069 pueritiam.
1233 999 1435 1068 Itaque
1469 1017 1572 1051 nec
1610 999 1851 1053 asseclae

139 1071 281 1138 eiua,
322 1067 743 1124 Charmantides
784 1070 1144 1123 Paeaniensis
1183 1077 1245 1124 et
1286 1069 1606 1141 Clitophon,
1661 1069 1849 1124 adole-

139 1151 373 1210 scentes,
411 1150 528 1196 tum
552 1142 671 1197 nati
707 1142 876 1196 fuisse
900 1141 1175 1196 videntur.
1249 1140 1403 1210 Quid
1441 1141 1593 1211 quod
1629 1139 1850 1196 Glauco

139 1223 196 1269 et
230 1212 599 1282 Adimantus,
649 1213 923 1282 siquidem
960 1221 1025 1267 ut
1060 1222 1222 1267 vetus
1256 1214 1365 1268 fert
1399 1214 1546 1268 fama
1594 1214 1847 1269 Platonis

138 1287 337 1340 fratres
390 1285 739 1358 intelligendi
776 1293 935 1355 sunt,
985 1285 1081 1339 illo
1131 1294 1380 1356 tempore
1415 1285 1660 1340 nondum
1696 1287 1848 1340 vixe-

137 1367 284 1427 runt,
323 1356 566 1412 sedecim
601 1358 719 1411 fere
756 1358 914 1411 annis
949 1365 1082 1429 post
1118 1356 1339 1411 demum
1374 1359 1431 1411 in
1479 1358 1656 1412 lucem
1696 1357 1850 1413 editi.

137 1429 256 1486 Sed
302 1429 556 1484 nolumus
605 1430 790 1484 omnia
833 1438 1167 1499 memorare,
1218 1449 1361 1500 quae
1409 1430 1492 1482 illi
1528 1429 1727 1483 rationi
1762 1449 1848 1483 re-

139 1502 454 1566 laetantui-3
489 1502 813 1573 praesertim
849 1502 895 1556 si
926 1501 1094 1555 etiam-
1115 1521 1304 1555 eorum
1339 1501 1612 1555 rationem
1642 1501 1847 1556 haben·-

140 1572 267 1628 dam
314 1591 437 1627 esse
486 1573 919 1641 meminerimus,
974 1573 1173 1642 quibus
1231 1573 1489 1628 Socrates
1541 1578 1854 1628 sermonem

119 1643 407 1717 postridie
454 1664 617 1715 quam
664 1644 887 1699 habitus
937 1645 1166 1717 fingitur
1198 1645 1265 1698 in
1320 1645 1596 1715 principio
1634 1646 1847 1710 Timaei

139 1718 324 1784 refert,
364 1716 576 1770 Timaei
616 1716 805 1784 Locri,
845 1715 1054 1770 Critiae
1093 1715 1432 1771 Callaeschri
1457 1716 1577 1785 filii,
1609 1718 1849 1772 Hermo·-

35 1802 37 1827 *
137 1788 326 1855 cratis,
378 1807 611 1857 quorum
646 1796 897 1858 tempora
934 1798 1081 1842 certe
1131 1789 1464 1842 conveniant
1497 1807 1723 1843 necesse
1763 1799 1849 1844 est

137 1879 262 1915 cum
296 1860 638 1930 temporibus
674 1860 1029 1930 reliquorum,
1069 1861 1163 1930 qui
1203 1860 1439 1913 Politiae
1474 1859 1723 1932 dialogos
1759 1863 1848 1916 vel

134 1951 165 1985 a
245 1940 326 2001 nt,
362 1939 426 1985 ut
461 1929 742 2000 SocrateS,
782 1932 1258 2004 Thrasymachus,
1300 1930 1582 2003 Cephalus
1617 1933 1848 2003 eiusque

135 2003 173 2058 fi
197 2004 283 2059 ius
334 2011 466 2058 natu
516 2004 786 2057 maximus
840 2004 1266 2072 Polemarchus,
1324 2011 1382 2058 et
1428 2003 1560 2058 inde
1611 2024 1643 2057 a
1705 2005 1849 2060 libro

135 2074 380 2131 secundo
416 2073 635 2130 Glauco
673 2086 730 2130 et
766 2075 1120 2142 Adimantus,
1157 2076 1246 2130 vel
1284 2075 1516 2130 audiunt
1550 2076 1735 2146 taciti,
1780 2086 1848 2131 ut

135 2147 188 2202 L
228 2148 341 2203 sias
391 2155 450 2201 et
501 2147 884 2221 Euthydemus
921 2149 1053 2202 item
1075 2147 1330 2220 Cephali
1366 2148 1486 2217 filii,
1526 2148 1844 2220 Niceratus,

136 2217 185 2277 C
226 2219 563 2275 armantides
622 2230 679 2274 et
729 2221 1077 2292 paucissimis
1134 2221 1317 2275 verbis
1375 2221 1622 2292 exceptis
1682 2221 1846 2276 etiam

133 2290 461 2363 Clitophon.
555 2292 828 2348 Nimirum
887 2293 1131 2347 omnium
1187 2292 1403 2352 illarum
1438 2292 1759 2362 turbarum,
1796 2295 1844 2348 si

133 2384 323 2419 verum
375 2364 723 2433 quaerimus,
780 2373 976 2419 auctor
1022 2365 1127 2418 suit
1175 2365 1844 2435 personatusPlutar-

134 2436 308 2490 chus
345 2436 484 2489 Vitt.
525 2436 600 2489 X.
642 2435 862 2492 Orator.
900 2458 952 2508 p.
994 2439 1116 2490 230.
1158 2436 1241 2491 ed.
1271 2437 1501 2490 Hutten.
1551 2457 1605 2508 p.
1645 2438 1840 2492 37.ed.

135 2507 430 2562 Westerm.
481 2509 575 2577 qui
625 2509 852 2580 Lysiam
891 2518 1102 2577 narrat,
1150 2507 1397 2580 Cephalo
1435 2516 1660 2580 parente
1699 2530 1844 2564 mor—

34 2619 37 2642 2
135 2589 252 2663 tuo,
277 2598 393 2633 una
425 2597 551 2632 cum
577 2579 955 2649 Polemarcho,
995 2581 1162 2634 fratre
1189 2583 1573 2649 natumaiore,
1610 2582 1843 2652 quinde-

134 2669 241 2707 cim
293 2668 558 2705 annorum
627 2650 1036 2724 adoloscentem
1099 2651 1323 2727 Olymp.
1386 2653 1727 2708 LXXXIV.
1795 2656 1841 2710 l.

136 2739 217 2771 ==
255 2742 304 2779 a.
340 2725 463 2779 444.
486 2730 599 2778 ant.
640 2720 771 2779 Chr.
801 2741 852 2778 n.
877 2732 1137 2780 unacum
1164 2723 1384 2780 colonis
1406 2722 1840 2781 Atheniensibus

133 2791 376 2852 Thurios
411 2794 614 2851 abiisse
660 2794 847 2865 ibique
868 2814 1048 2867 usque
1071 2792 1142 2850 ad
1163 2793 1390 2868 olymp.
1432 2795 1621 2852 XCII.
1652 2802 1696 2854 1.
1748 2818 1825 2845 2:

132 2867 265 2920 412.
332 2886 381 2921 a.
440 2866 572 2922 Chr.
619 2886 673 2922 n.
732 2876 1003 2940 perpetuo
1057 2868 1401 2924 remansisse.
1492 2867 1582 2921 De
1635 2869 1839 2939 quibus

131 2937 297 3012 rebus
338 2957 519 3013 nuper
571 2940 912 2994 narravimus
963 2938 1124 2993 Prole
1206 2981 1218 2993 .
1256 2938 1327 2992 ad
1375 2938 1610 2994 Phaedr.
1660 2940 1746 2995 ed.
1789 2943 1838 2995 2.

132 3009 188 3081 p.
227 3008 358 3065 LII.
397 3043 464 3051 —
500 3009 660 3070 LIV.
729 3011 876 3067 Nam
930 3010 1079 3082 quod
1116 2958 1205 3067 iffi
1243 3012 1538 3082 memoriae
1573 3012 1837 3087 prodidit,

135 3076 438 3154 Cephalum
483 3081 593 3138 iam
643 3090 760 3139 tum
815 3081 960 3140 diem
1005 3099 1320 3155 supremum
1348 3080 1563 3141 >obiisse
1600 3083 1838 3141 obitum-

134 3170 261 3222 que·
290 3153 410 3210 eius
452 3155 707 3210 extitisse
770 3174 1057 3224 caussam,
1113 3173 1212 3210 cur
1273 3154 1373 3210 filii
1437 3155 1675 3212 Thurios
1727 3157 1838 3212 sint

135 3223 387 3296 profecti,
425 3225 481 3281 id
515 3227 640 3299 ips'e
676 3226 897 3282 videtur
932 3228 1224 3300 ementitus
1259 3245 1396 3297 esse,
1439 3228 1711 3302 siquidem
1732 3229 1836 3283 hac

135 3294 444 3351 narratione
502 3299 707 3354 reiecta
765 3308 821 3355 et
877 3299 1185 3373 improbata
1220 3298 1383 3370 ¹nullo
1435 3300 1551 3355 sere
1610 3301 1835 3374 negotio

135 3365 280 3421 effici
320 3374 531 3440 potest,
583 3379 644 3425 nt
691 3368 1116 3444 chronologicae
1154 3370 1395 3427 rationes
1435 3369 1668 3427 Politiae
1709 3372 1833 3426 Pla-
