2124 3744
697 157 910 211 LIBRI
967 155 1219 212 SEXTI.
1748 159 1810 210 15

106 308 235 355 sunt
269 319 449 355 rerum
486 319 715 375 genera;
750 319 919 354 unum
958 317 1173 367 eorum,
1214 317 1351 369 quae
1390 301 1540 353 varia
1577 308 1708 353 sunt
1744 317 1808 353 ac

107 373 460 444 multiplicia,
514 373 687 427 veluti
742 373 906 438 bona,
963 370 1186 443 pulcra,
1254 370 1512 437 honesta3
1576 372 1808 425 alterum

106 445 352 515 illorum,
403 463 543 514 quae
590 444 694 499 sibi
749 461 966 514 semper
1001 450 1256 495 constant
1292 461 1394 496 nec
1432 462 1674 513 unquam
1713 461 1806 516 pa-

105 517 319 570 tiuntur
366 525 594 570 naturae
631 535 764 569 suae
801 513 1189 581 mutationem,
1233 533 1492 584 quorsum
1531 516 1812 585 pertinent

106 589 337 656 bonum,
376 587 683 656 honestum,
735 587 983 657 pulcrum
1029 586 1086 638 in
1136 605 1194 639 se
1243 595 1570 656 spectatum.
1664 585 1810 640 Illud

105 679 281 731 genus
324 659 579 713 sensibus
625 659 984 730 percipimus:
1035 656 1142 710 hoc
1187 666 1366 711 mente
1417 667 1473 711 et
1510 658 1689 712 animo
1725 659 1809 711 in-

107 741 340 785 tuemur.
412 730 530 784 Iam
581 730 724 783 inter
772 748 968 784 sensus
1016 729 1262 799 corporis
1315 728 1541 783 dubium
1578 749 1690 782 non
1729 738 1810 783 est

107 803 241 874 quin
286 802 440 855 visus
492 803 563 855 sit
616 802 781 872 longe
848 800 1349 855 artificiosissimus,
1433 800 1617 869 Quum
1668 801 1810 853 enim

106 874 273 929 ceteri
310 891 525 941 sensuS,
564 873 736 926 veluti
773 881 954 927 tactus
992 881 1047 926 et
1071 872 1310 941 auditus,
1350 872 1502 925 nulla
1524 871 1814 944 indigeant

105 965 163 999 re
212 945 535 998 intermedia
583 943 654 997 ad
694 964 780 999 res
818 943 1227 1016 percipiendas;
1279 955 1394 997 tum
1432 944 1555 997 visu
1594 944 1639 998 si
1680 942 1813 1014 quid

106 1017 388 1088 percipere
438 1017 698 1085 volueris,
752 1024 971 1087 praeter
1006 1015 1230 1069 videndi
1281 1015 1596 1069 facultatem
1649 1025 1812 1086 atque

106 1108 237 1157 rem,
279 1107 440 1158 quam
479 1107 701 1157 cernere
729 1107 916 1158 queas,
955 1088 1179 1140 tertium
1213 1086 1472 1157 quiddam
1495 1088 1812 1157 requiritur,

107 1180 219 1231 quo
264 1179 375 1213 non
421 1159 795 1214 intercedente
843 1159 964 1212 fieri
1001 1179 1111 1212 non
1149 1167 1363 1231 potest,
1414 1168 1479 1213 ut
1515 1159 1814 1230 quidquam

108 1232 283 1286 oculis
331 1231 444 1285 tuis
493 1232 824 1302 conspicias.
903 1230 1071 1299 Quod
1111 1230 1339 1300 quidem
1370 1231 1504 1284 nihil
1544 1240 1629 1285 est
1667 1229 1816 1284 aliud

107 1304 214 1358 nisi
249 1303 376 1372 lux,
428 1310 592 1374 quam
631 1303 751 1359 Soli
790 1312 1073 1375 acceptam
1110 1303 1414 1358 referimus,
1490 1304 1651 1356 Enim
1686 1322 1816 1356 vero

108 1375 194 1430 sol
244 1384 330 1430 est
378 1376 473 1446 qui
524 1376 697 1430 oculis
746 1376 951 1429 nostris
1001 1375 1180 1429 lucem
1233 1374 1469 1429 affundit
1514 1377 1815 1446 efficitque,

109 1454 175 1501 ut
210 1466 299 1502 res
338 1448 593 1502 sensibus
629 1448 906 1502 subiectas
945 1466 1167 1501 cernere
1206 1448 1497 1518 possimus.
1572 1449 1680 1516 En,
1723 1447 1818 1501 ha-

109 1520 208 1574 bes
254 1519 364 1573 iam
414 1520 659 1574 summi
718 1520 885 1573 boni
935 1520 1259 1591 imaginem,
1324 1539 1483 1590 quam
1550 1519 1816 1574 dicebam.

107 1590 254 1645 Nam
303 1590 452 1662 quod
503 1590 623 1646 Sol
673 1591 848 1646 oculis
894 1591 1144 1664 corporis
1183 1600 1426 1662 praestat
1465 1593 1726 1646 auxilium
1763 1592 1819 1645 in

108 1661 439 1717 contuendis
462 1663 628 1718 rebus
651 1662 811 1717 nobis
838 1662 1220 1728 circumdatis3
1261 1662 1403 1717 idem
1444 1663 1605 1717 idea
1641 1665 1819 1718 Boni

107 1734 278 1789 menti
325 1734 487 1788 affert
534 1735 861 1789 beneficium
912 1736 971 1788 in
1021 1734 1129 1789 illis
1178 1735 1344 1789 rebus
1396 1735 1818 1809 cognoscendis,

107 1824 251 1877 quae
288 1825 552 1860 sensuum
594 1808 1007 1889 perceptionem
1046 1807 1290 1879 fugiunt(
1370 1807 1592 1862 Etenim
1631 1827 1820 1880 quem-

108 1875 405 1932 admodum
477 1878 625 1932 ocuh
672 1896 759 1932 res
817 1879 1154 1933 obscuritate
1203 1879 1480 1934 involutas
1531 1899 1632 1934 nee
1681 1880 1823 1937 lucis

107 1948 277 2004 radiis
330 1949 678 2004 collustratas
735 1950 880 2004 clare
935 1969 1159 2004 cernere
1218 1950 1366 2004 haud
1416 1962 1681 2023 possunt,
1744 1953 1824 2006 ita

108 2039 213 2076 nec
265 2021 480 2076 animus
532 2041 597 2076 ea
646 2029 831 2095 potest
869 2041 1209 2095 cognoscere
1260 2031 1358 2076 aut
1394 2024 1626 2094 intueri,
1680 2043 1822 2095 quae

109 2093 348 2148 obnoxia
385 2101 517 2148 sunt
551 2094 841 2148 mutationi
874 2103 1171 2165 carentque
1210 2096 1456 2150 veritatis
1495 2097 1822 2150 constantia.

107 2165 307 2236 ltaque
369 2184 641 2220 summum
687 2165 826 2220 illud
864 2167 1081 2221 Bonum
1119 2166 1256 2220 nihil
1295 2175 1380 2222 est
1416 2167 1564 2223 aliud
1602 2168 1708 2224 nisi
1746 2167 1822 2237 id,

109 2235 260 2308 quod
309 2245 366 2291 et
413 2238 579 2292 rebus
617 2238 798 2322 ipsis,
852 2258 993 2310 quae
1048 2247 1489 2312 cognoscuntur,
1538 2241 1824 2295 veritatem·

108 2310 369 2383 impertit,
407 2317 462 2363 et
501 2318 670 2364 menti
705 2318 962 2379 nostrae,
1003 2311 1246 2382 alioquin
1284 2311 1355 2365 ad
1393 2311 1699 2367 divinarum
1739 2332 1824 2366 re-

109 2400 231 2435 rum
268 2381 557 2435 scientiam
601 2381 887 2455 caliganti,
938 2383 1187 2438 veritatis
1241 2384 1612 2456 cognitionem
1649 2384 1822 2440 affert.

112 2452 300 2521 Quum
349 2453 521 2525 igitur
568 2455 882 2524 praeclarae
934 2473 1020 2508 res
1061 2455 1172 2508 sint
1209 2457 1468 2528 ‘cognitio
1525 2465 1691 2528 atque
1730 2476 1825 2511 ve-

114 2525 274 2589 ritas3
321 2532 504 2578 tamen
551 2524 759 2580 bonum
802 2526 937 2580 illud
987 2546 1079 2582 eas
1126 2527 1447 2600 longissime
1485 2538 1706 2602 superat
1743 2528 1826 2582 di-

112 2596 323 2669 gnitate
362 2614 490 2664 sua,
542 2597 634 2666 qui
680 2617 748 2670 pe
799 2597 950 2669 quod
989 2616 1210 2653 causam
1246 2599 1460 2654 illarum
1496 2601 1553 2654 in
1593 2619 1652 2655 se
1694 2619 1826 2654 con-

111 2669 310 2722 tineat:
348 2676 406 2722 et
439 2668 603 2723 sicuti
659 2689 732 2723 ux
769 2678 825 2724 et
860 2670 1011 2725 visus
1051 2670 1152 2725 soli
1193 2671 1411 2741 quidem
1452 2672 1645 2727 affines
1676 2681 1824 2740 sunt,

111 2758 295 2812 neque
340 2747 523 2794 tamen
577 2760 702 2795 cum
752 2742 875 2815 ipso
923 2742 1039 2797 sole
1088 2749 1290 2797 temere
1328 2743 1708 2816 permutandi,
1748 2744 1828 2798 ita

112 2812 277 2866 etiam
324 2811 531 2866 veritas
582 2821 748 2896 atque
798 2814 1042 2887 cognitio
1095 2833 1219 2869 cum
1258 2815 1404 2870 bono
1442 2815 1537 2870 illo
1577 2815 1828 2871 similitu-

114 2882 299 2939 dinem
337 2882 559 2955 quidem
598 2885 836 2962 aliquam
880 2894 937 2940 et
971 2886 1414 2941 coniunctionem
1452 2886 1684 2958 habent,
1724 2905 1828 2943 nec

114 2963 299 3011 tamen
362 2965 493 3011 sunt
563 2956 820 3012 Bonum
881 2958 1120 3031 ipsum.
1225 2959 1432 3014 Verum
1491 2961 1634 3014 enim
1695 2979 1828 3014 vero

116 3027 366 3098 quamvis
409 3027 515 3082 iam
570 3047 638 3082 ex
677 3028 762 3083 his
800 3029 973 3085 Boni
1055 3031 1352 3085 raestantia
1400 3031 1698 3087 clarissime
1736 3050 1828 3087 co-

116 3106 436 3171 gnoscatur,
474 3108 655 3155 tamen
694 3102 858 3156 etiam
896 3049 1049 3156 aliug
1087 3101 1219 3173 quid
1259 3102 1493 3173 accedit,
1540 3102 1687 3175 quod
1726 3122 1828 3158 nos

116 3168 185 3223 ad
235 3187 502 3225 summam
560 3172 678 3227 eius
733 3173 1147 3229 admirationem
1188 3174 1302 3229 abri
1348 3175 1426 3230 iat
1460 3171 1686 3231 nece'sse
1724 3186 1827 3245 est,

117 3250 175 3296 et
211 3242 266 3296 in
304 3261 415 3312 quo
455 3243 472 3296 i
515 3262 579 3298 so
612 3264 867 3331 magnam
905 3245 1072 3300 habet
1108 3266 1230 3301 curn
1258 3266 1320 3302 so
1344 3266 1373 3302 e
1401 3246 1827 3303 similitudinem.

34 3342 37 3346 2
119 3312 428 3383 Quemadm
506 3334 596 3370 um
647 3336 791 3372 enim
844 3318 926 3373 sol
976 3319 1137 3372 rebus
1187 3318 1289 3374 sub
1332 3338 1526 3375 sensus
1565 3319 1830 3374 subiectis

118 3405 225 3439 non
278 3385 381 3438 hoc
438 3393 650 3441 tantum
706 3388 898 3457 affert,
939 3398 998 3443 nt
1038 3388 1210 3443 ociilis
1247 3393 1393 3445 cerni
1437 3400 1672 3462 queant,
1733 3391 1829 3444 sed
