2098 3658
307 146 406 198 198

909 143 1375 198 PLATONIS

302 293 431 344 θῶν
488 288 686 344 οὐδένα
749 286 927 345 ἄλλον
981 296 1289 355 αἰτιατέον,
1349 294 1456 345 τῶν
1514 294 1571 344 δὲ
1636 294 1820 346 κακῶν
1873 294 1995 347 ἄλλ’

300 370 445 427 ἄττα
492 376 573 428 δεῖ
618 375 797 440 ζητεῖν
842 370 911 426 τοὶ
955 374 1141 438 α’ίτια,
1188 373 1310 430 ἀλλ’
1366 373 1431 429 ού
1478 372 1577 429 τὸν
1622 373 1794 431 θεόν..

304 462 594 521 θέστατα,
653 461 796 532 ἔφη,
841 460 1019 521 δοκεῖς
1064 481 1164 527 μοι
1207 462 1397 529 λέγειν.

303 540 441 610 ἐγώ,
494 540 832 596 ἀποδεκτέον
879 538 1006 598 οὔτε
1037 540 1280 615 Ὁμήρου
1343 539 1466 598 οὔτ’

1846 375 2006 444 Ἀλη-
2061 437 2064 443 ,

1489 457 1603 513 Οὐκ
1647 455 1791 530 ἄρα,
1837 452 1906 527 ἦν
1948 461 1996 516 δ’

1530 539 1707 598 ἄλλου
1770 548 2007 611 ποιητοῦ
2072 543 2074 545 ’

209 640 263 693 1)
307 624 521 702 ταύτην
564 622 669 692 τὴν
712 624 996 697 ἁμαρτίαν
1032 631 1152 698 περὶ
1183 625 1316 692 τοὺς
1345 623 1524 690 θεοὺς
1545 625 1800 694 ἀνοήτως
1825 625 2006 700 ἁμαρ·

301 709 577 773 τείνοντος
622 713 712 764 καὶ
759 713 1030 779 λέγοντος,
1077 710 1149 776 ὡς
1193 714 1334 767 δοιοὶ
1372 715 1542 766 πίθοι
2074 704 2089 725 ”

1171 802 1535 851 κατακείαται
1577 800 1635 848 ὲν
1678 793 1809 859 Διὸς
1855 792 2006 851 οὔδει
2061 798 2065 846 ῗ

428 879 612 947 κηρῶν
657 879 914 946 ἔμπλειοι,
961 875 990 933 ὁ
1034 881 1136 948 μὲν
1180 883 1422 943 ἐσθλῶν,
1467 876 1654 950 αὐτὰρ
1694 877 1735 933 ὁ
1780 882 2005 934 δειλῶν·

298 963 390 1015 καὶ
438 953 487 1029 ᾧ
524 965 627 1030 μὲν
668 958 741 1015 ὀὲν
784 962 945 1032 μίξας
987 960 1018 1017 ὁ
1066 961 1201 1028 Ζεὺς
1247 967 1324 1034 δῷ
1367 962 1720 1038 ἀμφοτέρων,

424 1042 626 1100 ἄλλοτε
671 1051 770 1115 μέν
794 1067 852 1101 τε
884 1048 1034 1116 κακῷ
1063 1043 1092 1101 ὅ
1122 1069 1180 1111 γε
1202 1047 1444 1120 κύρεται,
1473 1044 1676 1102 ἄλλοτε
1707 1045 1755 1101 δ’
1786 1049 2007 1117 ἑσθλῷ’
2062 1083 2063 1086 =

299 1121 343 1198 ᾧ
390 1126 442 1183 δ’
493 1125 567 1184 ἂν
607 1130 702 1200 μή,
745 1129 868 1184 ἀλλ’
921 1127 1142 1202 ἄκρατα
1183 1131 1254 1187 τοὶ
1299 1138 1475 1204 ἕτερα,
1524 1129 1626 1186 τὸν
1670 1134 1727 1188 δὲ
2057 1124 2063 1128 ‚

638 1212 782 1281 κακὴ
823 1214 1174 1288 βούβρωστις
1213 1220 1303 1272 ἐπὶ
1337 1215 1536 1289 χθόνα
1584 1218 1711 1271 δῖαν
1755 1213 2006 1270 ἐλαύνει·

301 1296 422 1354 οὐδ’
474 1295 548 1362 ὡς
591 1303 795 1369 ταμίας
834 1296 968 1369 ἡμῖν
1013 1296 1150 1364 Ζεὺς

1012 1381 1261 1450 ἀγαθῶν
1307 1403 1363 1438 τε
1407 1386 1593 1440 κακῶν
1637 1404 1695 1438 τε
1739 1386 2011 1438 τέτυκται.

416 1575 465 1617 Ι).
527 1575 620 1615 καὶ
650 1564 685 1628 ᾧ
715 1574 809 1626 μὲν
837 1571 900 1613 ἄν
933 1574 1096 1626 μίξας
1124 1577 1206 1629 —-]
1240 1576 1314 1618 Sic
1344 1577 1444 1620 Par.
1477 1581 1526 1617 A.
1559 1577 1661 1619 Vat.
1695 1573 1749 1619 Θ.
1781 1575 1896 1616 Ven.
1914 1574 2010 1617 ΞΠ.

299 1632 431 1674 Vind.
469 1635 522 1675 Φ.
570 1633 691 1675 Μοιι.
735 1632 852 1686 Aug.
893 1632 996 1674 Vat.
1037 1647 1072 1675 r.
1112 1633 1234 1678 Flor.
1265 1647 1306 1678 a.
1338 1648 1375 1676 c.
1409 1647 1450 1678 x.
1480 1637 1521 1687 β.
1552 1650 1593 1688 y,
1636 1633 1803 1675 Euseb.
1863 1633 2011 1687 Vulgo

359 1772 563 1816 οὐδένα
595 1771 765 1816 ἄλλον
795 1771 1114 1829 αἰτιατέον]
1146 1770 1163 1792 ”·

298 1836 577 1875 neminem
616 1833 793 1874 alium
823 1838 1115 1875 auctorem

298 1893 508 1933 habere
539 1896 712 1944 atque
743 1891 931 1931 dicere
959 1891 1113 1932 lieet.

299 1950 420 1991 Cave
469 1951 608 1990 αἴτιον
653 1946 866 1988 αἴτιατέον
920 1950 1114 1990 seriben-

299 2008 403 2051 dum
432 2013 575 2060 putes.
613 2007 839 2048 Phaedon
869 2019 912 2059 p.
942 2006 1014 2049 98.
1055 2007 1112 2051 B:

302 2061 394 2117 ὁρῶ
423 2062 560 2118 ἄνδρα
589 2088 646 2094 -
679 2059 810 2117 ἀέρας
841 2065 910 2104 καὶ
929 2063 1115 2117 αι’θέρας

301 2123 371 2163 καὶ
420 2120 557 2163 ’ὕδατα
601 2120 855 2172 αἰτιώμενον
901 2123 970 2163 καὶ
1013 2120 1114 2163 ἄλλα

300 2177 436 2220 πολλὰ
465 2177 644 2225 γᾶτοπα,
706 2180 816 2222 lbid.
858 2194 901 2232 p.
942 2180 1013 2224 98.
1051 2181 1112 2226 D:

299 2239 370 2279 καὶ
429 2232 486 2278 αὖ
554 2239 649 2291 περὶ
703 2238 784 2278 τοῦ
841 2236 1117 2291 διαλέγεσθαι

300 2293 399 2347 ὑμῖν
440 2295 589 2349 ἑτέρας
627 2294 829 2336 τοιαύτας
874 2297 1013 2337 αι”τιας
1052 2296 1116 2338 λέ-

299 2369 398 2424 yon,
448 2352 603 2406 φωνάς
652 2368 694 2394 τε
744 2356 812 2394 καὶ
864 2350 996 2408 ἀέρας
1047 2355 1115 2395 και

299 2407 439 2453 α’κοὰς
490 2414 557 2453 και
616 2408 718 2452 ἅλλα
756 2413 887 2464 μυρία
939 2415 1116 2453 τοιαῦτα

300 2467 564 2520 αἰτιώμενος.
627 2470 802 2513 Phileb.
851 2485 894 2523 p.
937 2471 1006 2514 65.
1051 2474 1114 2512 A:

301 2525 361 2569 ὥς
399 2530 529 2569 τοῦτο
570 2522 667 2568 οἷον
716 2528 763 2568 ἐν
806 2523 1024 2581 ὀρθότατ’
1063 2526 1117 2569 ἂν

302 2586 607 2636 αι’τιασαίμεθα
639 2587 724 2626 τῶν
754 2585 801 2627 ἑν
833 2587 883 2638 τῇ
907 2586 1113 2638 ξυμμίξει

356 2645 413 2689 Ι),
477 2641 547 2686 ὥς
593 2643 741 2684 δοιοὶ
783 2645 972 2698 πίθοι]
1011 2646 1115 2686 ler-

302 2716 376 2744 sus
410 2709 512 2743 sunt
550 2703 679 2743 Iliad.
713 2703 890 2755 XXIV,
922 2702 1008 2747 527
1048 2717 1113 2756 sq.

299 2762 452 2801 multis
497 2766 694 2802 veterum
736 2762 1114 2813 disputationibus

303 2819 526 2862 celebrati.
559 2832 599 2859 v.
633 2819 881 2860 Proelus
910 2820 958 2859 in
984 2819 1115 2860 Rem-

302 2877 426 2929 publ.
470 2891 511 2929 p.
567 2875 667 2919 378.
727 2876 1114 2932 Olympiodor.

304 2935 363 2974 ad
391 2935 617 2975 Alcibiad.
658 2935 692 2976 I.
726 2948 768 2986 p.
803 2934 843 2978 6.
877 2936 945 2978 ed.
978 2935 1115 2976 Creu-

306 3004 392 3033 zer.
427 2997 470 3032 et
492 3005 600 3045 quos
625 2993 824 3033 laudavit
856 2993 1028 3046 Heyn.
1059 2993 1117 3034 ad

307 3049 433 3091 niad
468 3050 519 3090 Τ
554 3049 674 3093 VIII
707 3064 750 3103 p.
785 3050 884 3094 705.

363 3106 457 3145 καὶ
490 3101 524 3161 ᾦ
547 3106 683 3174 μέν]
729 3108 848 3151 Vers.
885 3108 986 3153 529.
1017 3109 1047 3148 l.
1079 3121 1115 3150 o.

364 3154 399 3217 ᾦ
442 3161 465 3202 ὃ
527 3160 588 3204 ἂν
627 3162 726 3217 μή]
759 3167 889 3207 Vers.
919 3166 1022 3210 531·
1049 3165 1118 3205 De

305 3229 404 3260 voe.
437 3218 721 3274 βούβρωστις
754 3225 894 3265 sehffol
926 3224 983 3265 ad
1012 3223 1056 3263 h.
1087 3224 1116 3262 l.

306 3277 443 3326 ἔστιν,
482 3279 651 3331 inquit,
693 3284 881 3350 πονηρία
926 3277 954 3334 ἢ
988 3279 1118 3334 μέγας

307 3332 450 3385 λιμός·

307 3407 434 3434 vetat

516 3335 655 3376 οἶδὲ
699 3333 873 3392 σῖστροτ
913 3336 940 3393 ἢ
981 3335 1114 3381 ἀσθέ-

1262 1777 1316 1817 Ε.
1394 1771 1519 1816 οὐδ’
1561 1771 1630 1816 ὡς
1663 1777 1884 1828 ταμίας]
1924 1775 2012 1816 hoe
2057 1771 2060 1806 Ϊ

1201 1841 1269 1875 est
1314 1829 1415 1874 οὐδ’
1465 1829 1729 1874 ἀποδεκτέον
1771 1856 1822 1864 --
1862 1832 2010 1887 λέγον-

1202 1903 1299 1942 τος,
1336 1888 1399 1933 ὥς
1438 1892 1587 1943 ταμίας
1625 1886 1722 1945 ἡμῖν
1755 1888 1875 1932 Ζεύς
1904 1906 1942 1934 κ.
1975 1905 2010 1934 τ.
2060 1943 2061 1946 ¹
2097 1911 2098 1916 =

1748 1950 2009 2002 Heynius
2065 1957 2098 2001 21

1201 1950 1236 1993 λ.
1313 1950 1474 2002 Itaque
1527 1952 1691 1991 erravit

1201 2007 1333 2051 obss.
1366 2008 1544 2050 Homer.
1591 2008 1645 2051 T.
1679 2007 1804 2051 VIII.
1834 2021 1878 2060 p
1911 2006 2010 2051 Ι706.
2059 2015 2061 2018 ⁴

1201 2069 1427 2119 corrigens
1452 2061 1552 2106 οὐδ’
1579 2062 1654 2116 ὥς,
1683 2079 1748 2108 ne
1783 2066 1862 2106 sie
1895 2066 2011 2117 qui—

1200 2125 1331 2165 dem.
1395 2125 1601 2164 Proxima
1645 2118 1832 2177 α’γαθῶν
1864 2137 1907 2163 τε
1938 2137 2011 2162 κα-

1202 2182 1291 2222 κῶν
1338 2195 1381 2221 τε
1418 2183 1482 2222 sic
1529 2182 1780 2234 intelligas:

1200 2239 1506 2284 bonorum,
1566 2241 1644 2280 ita
1694 2240 1860 2280 etiam
1912 2251 2013 2279 ma·

1200 2299 1406 2348 lorum3
1439 2311 1478 2339 ν.
1511 2297 1701 2340 Matth.
1735 2296 1812 2339 Gr.
1845 2298 1885 2348 ᾖ.
1911 2295 2010 2339 626.
2076 2297 2082 2315 ’

1201 2357 1272 2396 Ex
1305 2369 1393 2408 qua
1433 2356 1798 2408 interpretatione
1828 2360 2014 2406 apparet

1202 2409 1387 2467 α’γαθιῦν
1404 2415 1660 2466 neutiquam
1680 2413 1908 2454 adversari
1938 2413 2010 2463 iis,
2058 2419 2060 2422 ’

1203 2485 1316 2525 quae
1356 2484 1489 2524 supra
1531 2473 1757 2524 disputata
1795 2475 1920 2520 sunt,
1963 2472 2012 2510 in

1202 2543 1293 2583 qua
1324 2531 1541 2570 sententia
1570 2530 1656 2569 fuit
1686 2530 1903 2579 Astius,
1936 2528 2010 2569 de-

1198 2589 1378 2629 lendum
1422 2589 1497 2628 ille
1536 2587 1776 2628 arbitratus
1817 2586 2011 2626 voeabu-

1198 2647 1291 2686 lum
1322 2642 1505 2699 ἀγαθῶν
1534 2647 1659 2686 iuxta
1690 2658 1787 2685 eum
1815 2644 2012 2695 partica-

1198 2705 1254 2745 lis
1284 2718 1327 2744 τε
1354 2728 1413 2734 -
1444 2717 1498 2743 τε.
1569 2703 1713 2743 Verba
1762 2703 1874 2742 haee
1913 2702 2012 2754 ipsa

1199 2764 1246 2802 in
1281 2762 1475 2802 Homero
1514 2766 1670 2800 nostro
1699 2771 1917 2812 nusquam
1946 2760 2011 2799 le-

1200 2825 1386 2873 guntur3
1433 2819 1511 2860 sed
1542 2819 1744 2858 dubitare
1779 2819 1882 2856 licet
1914 2830 2011 2857 eum

1207 2878 1468 2927 Plutarcho,
1512 2889 1616 2916 num
1659 2876 1924 2926 respiciatur
1954 2875 2011 2916 ad

1199 2936 1324 2977 lliad.
1358 2935 1434 2980 lV,
1467 2932 1537 2976 84.
1577 2938 1620 2973 et
1649 2933 1786 2983 XIX,
1818 2931 1916 2974 224.

1258 2993 1351 3044 Cap
1386 2990 1515 3032 XIX.
1548 2991 1602 3031 Ε.
1644 2987 1708 3044 ἣν
1741 2985 1764 3029 ὁ
1798 2986 2008 3030 Πάνδα-

1202 3060 1318 3102 ρος,
1362 3046 1655 3101 συνέχεεν]
1730 3047 2010 3089 Convenerat

1201 3110 1318 3148 inter
1362 3105 1559 3147 Graecos
1597 3112 1641 3146 et
1671 3107 1919 3158 Troianos,
1959 3111 2010 3145 ut

1203 3177 1376 3219 pugnae
1414 3169 1458 3206 et
1498 3165 1739 3204 certamina
1769 3176 2006 3216 compone-

1202 3228 1367 3263 rentur.
1437 3221 1528 3262 Sed
1568 3222 1691 3263 lliad.
1731 3221 1818 3269 Iv,
1851 3220 1910 3265 55
1939 3234 2005 3273 sq.

1202 3281 1407 3321 Minerva
1435 3293 1463 3320 a
1493 3279 1596 3320 love
1614 3281 1751 3321 missa
1770 3279 2009 3331 persuadet

1205 3338 1411 3379 Pandaro
1442 3338 1607 3390 Lycio,
1649 3344 1698 3378 ut
1728 3341 1884 3378 contra
1913 3336 2005 3377 foe-

1204 3398 1284 3438 dus
1315 3397 1449 3438 telum
1482 3397 1526 3437 in
1563 3396 1813 3438 Menelaum
1844 3395 2003 3436 mittat.

1835 2182 2011 2222 sicuti
2070 2190 2075 2198 '
