2106 3594
310 169 363 222 X
373 169 425 222 X
434 167 574 223 XIV

309 311 681 386 superioribus
720 308 824 361 erit
858 306 1237 378 perspicuum,
1297 314 1479 362 tamen
1530 307 1635 362 hoc
1684 309 1805 363 loco
1845 311 2006 364 etiam

308 384 508 439 clarius
551 378 856 435 ostendisse
894 377 1118 431 iuvabit.

452 452 680 506 Censuit
708 449 878 521 igitur
901 448 1062 502 Plato
1083 448 1315 520 primum
1341 449 1560 519 quidem
1586 451 1794 505 fontem
1819 458 1874 505 et
1903 452 2011 505 ori-

309 525 491 597 ginem
536 523 773 595 optimae
813 519 1047 574 civitatis
1082 521 1245 590 plane
1283 521 1512 574 eundem
1554 540 1674 576 esse
1713 542 1875 593 quem
1914 543 2011 595 op-

307 596 427 649 timi
474 594 727 647 hominis.
815 590 1036 644 Etenim
1074 592 1268 644 nititur
1314 593 1612 646 secundum
1663 594 1838 664 ipsius
1889 614 2012 648 sen-

305 667 534 720 tentiam
569 665 856 732 utriusque
902 662 1022 716 laus
1061 670 1226 733 atque
1271 665 1606 736 praestantia
1663 667 1878 719 omnino
1916 666 2013 719 tri-

306 738 440 811 plici
499 736 663 790 animi
734 730 1030 804 facultate,
1106 754 1268 805 quam
1341 743 1634 806 postquam
1692 756 1731 789 a*
1805 737 2013 810 Pytha-

308 809 489 882 goreis
538 821 906 880 cognoverat,
950 806 1197 877 *primum
1256 807 1316 860 in
1382 806 1635 860 Phaedro
1689 807 1909 880 dialogo
1956 829 2010 878 p.

309 883 432 936 237.
470 881 543 933 D.
582 898 703 949 sqq.
744 878 868 932 253.
921 875 984 931 C.
1033 892 1154 948 sqq.
1205 878 1274 930 al.
1335 877 1531 949 grandi
1601 886 1656 931 et
1721 879 2014 951 magnifica

310 952 558 1007 oratione
605 948 930 1019 illustravit,
979 957 1172 1021 postea
1223 950 1385 1003 etiam
1431 950 1488 1002 in
1525 949 1753 1004 Timaeo
1793 950 1862 1004 ad
1899 970 2013 1004 rem

310 1043 464 1079 suam
517 1021 796 1089 adhibuit,
847 1030 908 1074 ut
956 1039 1023 1079 ex
1068 1021 1172 1075 hac
1229 1021 1352 1091 ipsa
1398 1039 1455 1075 re
1509 1021 1670 1075 facile
1731 1029 2012 1093 appareat,

310 1113 580 1165 quaenam
636 1091 892 1147 Phaedro
950 1110 1074 1145 cum
1147 1091 1454 1162 Republica
1513 1092 1821 1146 intercedat
1882 1113 2012 1148 con-

308 1166 516 1221 iunctio
569 1184 634 1218 ac
676 1161 1044 1218 necessitudo,
1131 1162 1608 1231 Quemadmodum
1657 1164 1799 1217 enim
1835 1165 2013 1237 philo-

310 1238 518 1309 sophus
543 1243 656 1290 tres
687 1235 938 1289 distinxit
959 1234 1125 1288 animi
1151 1235 1371 1287 humani
1396 1242 1599 1306 partes,
1628 1243 1880 1305 mentem,
1908 1237 2015 1289 ira-

309 1309 584 1375 cundiam,
622 1305 1013 1377 cupiditatem,
1068 1306 1146 1358 ita
1191 1306 1420 1359 totidem
1471 1307 1529 1360 in
1566 1307 1788 1361 civitate
1840 1307 2017 1362 voluit

311 1400 430 1435 esse
478 1380 678 1433 civium
727 1397 959 1450 genera,
1006 1378 1223 1450 regale,
1262 1377 1523 1446 militare,
1572 1379 1855 1449 populare.
1940 1379 2016 1432 Et

311 1451 472 1508 sicuti
533 1450 771 1504 hominis
833 1450 1037 1519 optime
1095 1449 1291 1502 morati
1349 1450 1742 1520 praestantiam
1803 1450 2016 1504 absolvi

312 1523 487 1577 voluit
525 1528 787 1591 quattuor
822 1520 1119 1574 virtutibus
1158 1520 1583 1590 principalibuS,
1636 1540 1864 1591 quarum
1901 1529 2015 1575 tres

312 1595 587 1649 orirentur
633 1611 701 1645 ex
749 1591 925 1645 tribus
983 1591 1148 1644 animi
1194 1591 1578 1660 facultatibUS,
1633 1592 1902 1664 sapientia
1951 1611 2018 1646 ex

310 1673 491 1720 mente
528 1672 584 1717 et
618 1663 863 1731 ratione,
902 1661 1169 1716 fortitudo
1204 1682 1272 1716 ex
1305 1662 1617 1730 iracundia,
1655 1664 2018 1735 temperantia

312 1757 381 1791 ex
428 1735 791 1807 cupiditatum
839 1733 1244 1804 moderatione,
1306 1754 1416 1787 una
1467 1734 1733 1817 originem
1792 1734 2019 1789 duceret

313 1828 381 1863 ex
432 1809 490 1862 vi
527 1805 928 1874 conciliatrice,
969 1824 1131 1874 quam
1170 1805 1227 1858 in
1266 1813 1386 1859 toto
1426 1805 1643 1861 homme
1679 1806 2015 1860 moderando

312 1887 479 1950 atque
526 1876 767 1950 regendo
814 1877 1065 1942 haberet3
1115 1877 1190 1928 ita
1223 1877 1386 1930 etiam
1424 1877 1661 1931 civitatis
1702 1877 1922 1932 laudem
1959 1878 2015 1932 in

314 1970 379 2006 eo
415 1949 683 2004 contineri
716 1947 1011 2017 iudicavit,
1059 1956 1120 2001 ut
1157 1948 1359 2020 singuli
1397 1948 1596 2002 civium
1635 1948 1853 2004 ordines
1888 1968 2016 2004 suas

313 2023 418 2077 sibi
456 2040 520 2076 ac
557 2020 810 2091 proprias
846 2019 1075 2074 virtutes
1113 2027 1426 2088 tuerentur,
1483 2021 1760 2092 principes
1803 2021 2018 2093 sapien-

309 2095 462 2162 tiam,
497 2092 699 2146 milites
736 2091 822 2145 vel
859 2090 1117 2146 custodes
1152 2091 1559 2161 fortitudinem,
1601 2092 1827 2163 opifices
1865 2092 2018 2146 deni-

313 2183 420 2236 que
457 2172 621 2235 atque
658 2163 850 2217 rustici
883 2163 1328 2234 temperantiam,
1369 2163 1566 2231 quibus
1605 2165 1858 2219 omnibus
1896 2172 2018 2217 tan-

315 2255 479 2308 quam
528 2234 924 2289 consummatio
973 2233 1241 2305 quaedam
1273 2234 1507 2295 accedit
1553 2235 1792 2305 iustitia,
1861 2236 2018 2290 cuius

313 2309 369 2362 vi
397 2316 508 2361 tam
547 2306 801 2360 ordinum
841 2324 1003 2375 quam
1029 2306 1292 2359 virtutum
1322 2307 1480 2375 quasi
1518 2305 1740 2375 quidam
1782 2325 2016 2360 concen-

314 2387 405 2433 tus
445 2379 713 2446 efficitur,
767 2377 884 2431 sine
937 2396 1044 2447 quo
1095 2396 1200 2431 nec
1248 2378 1439 2431 civitas
1490 2377 1645 2430 firma
1697 2396 1760 2431 ac
1799 2378 2015 2432 stabilis

314 2470 436 2505 esse
473 2457 674 2522 potest.
749 2450 943 2517 Itaque
982 2449 1140 2502 facile
1177 2449 1502 2521 intelligitur
1526 2450 1732 2503 fontem
1769 2457 1879 2502 tam
1916 2449 2019 2503 hu-

313 2541 506 2578 mana-e
552 2541 716 2591 quam
762 2520 941 2574 civilis
974 2520 1328 2591 perfectionis
1362 2521 1553 2590 utique
1587 2539 1812 2592 prorsus
1850 2541 2019 2587 unum

315 2593 657 2662 eundemque
737 2611 884 2656 esse3
966 2592 1022 2644 in
1095 2611 1203 2661 quo
1266 2611 1565 2661 sanequam
1625 2592 1846 2645 videtur
1920 2591 2016 2645 ad-

314 2665 591 2732 mirabile,
645 2662 794 2733 quod
843 2664 1008 2717 Plato
1055 2663 1342 2736 indagavit
1377 2671 1434 2717 et
1470 2664 1756 2717 constituit
1790 2670 1902 2717 tres
1941 2663 2018 2717 ci-

314 2738 463 2790 vium
483 2735 832 2804 ordine8,qui
858 2736 970 2788 fere
992 2734 1155 2788 iidem
1181 2744 1329 2804 sunt,
1347 2752 1486 2804 quos
1512 2733 1874 2806 posteriorum
1899 2753 2019 2788 sae-

316 2809 560 2860 culorum
606 2806 710 2860 viri
736 2806 924 2860 civiles
948 2813 1002 2859 et
1025 2807 1236 2877 politici
1260 2807 1567 2862 discernere
1591 2813 2017 2875 consueverunt,

317 2877 625 2931 ordinem
688 2877 1117 2947 docentium,
1182 2878 1495 2932 ordinem
1555 2877 2016 2930 militantium
2097 2882 2106 2942 J

316 2956 380 3001 et
422 2948 730 3002 ordinem
768 2949 1239 3003 nutrientium
1322 2951 1553 3013 113qu
1615 2951 1834 3001 Wehr-
1883 2951 2018 3001 und

315 3021 780 3088 Nc‘ilzrstand);
843 3039 1154 3090 quanquam
1205 3020 1299 3092 phi
1325 3019 1568 3091 osophus
1615 3039 1730 3074 rem
1788 3039 1900 3073 non
1950 3036 2018 3071 ex

314 3109 421 3143 usu
455 3089 630 3158 vitae,
683 3089 779 3142 sed
830 3109 898 3142 ex
945 3091 1246 3162 sapientiae
1298 3090 1679 3144 reconditioris
1767 3091 2016 3144 enetrali-
2092 3133 2093 3140 ,

314 3161 419 3214 bus
458 3161 748 3230 repetitam
786 3164 1093 3216 accuratius
1132 3181 1292 3232 quam
1332 3162 1498 3215 ceteri
1534 3161 1604 3215 ad
1637 3110 2015 3233 philosophiae
2090 3214 2091 3225 2

314 3232 671 3287 subtilitatem
707 3250 804 3284 exe
845 3231 904 3284 it..
986 3233 1195 3286 Verum
1232 3233 1366 3286 satis
1406 3231 1473 3287 de
1511 3234 1612 3286 his.

466 3301 806 3372 Quemadmo
850 3321 939 3353 um
1000 3323 1127 3357 vero
1176 3303 1368 3375 optimi
1414 3304 1649 3358 hominis
1688 3311 1744 3358 et
1781 3304 2016 3375 optimae
2088 3318 2094 3360 Ι

316 3375 551 3431 civitatis
598 3393 795 3428 caussa
855 3379 909 3425 et
957 3376 1110 3444 origo
1164 3394 1230 3428 ex
1292 3375 1483 3428 eodem
1539 3375 1700 3446 plane
1752 3375 2018 3446 repetitur
2086 3387 2094 3425 μ
