2124 3744
292 202 394 253 464
739 195 1025 253 BREVIS
1073 194 1538 254 ADMONJTIO
1620 202 1625 217 ²

293 342 334 396 ὃ
384 334 473 402 αὖ,
522 338 590 394 V.
639 358 692 410 p.
731 340 858 394 460..
894 339 962 396 E.
1017 341 1192 395 εἴκοσι
1228 346 1495 411 {mcum
1533 341 1773 411 quinque
1805 341 1984 395 Florr.

293 431 394 484 pro
433 410 640 464 εἴκοσιν
677 413 786 476 ἔτη,
826 410 930 464 VI.
970 414 1179 483 p.·503.
1219 412 1292 465 D.
1330 415 1391 467 δέ
1429 433 1527 484 γε,
1576 417 1820 485 ἔφαμεν,
1860 416 1985 483 :pro

294 491 355 538 δέ
393 482 459 551 γ’,
499 484 732 555 ἔφαμεν,
769 481 905 535 VII.
944 503 997 554 p.
1032 485 1156 537 520.
1195 483 1260 536 C.
1313 478 1415 538 ὦδε
1453 487 1562 554 ἔχει
1589 503 1691 556 pro
1730 478 1818 537 ὧδ’
1863 489 1986 554 ἔχει,

292 552 643 623 vicissimque
677 551 832 606 hiatu
878 554 1096 608 sublato
1126 554 1359 609 elisione
1406 555 1643 610 admissa
1685 555 1839 609 Libr.
1877 554 1987 610 III.

293 647 350 698 p.
409 626 545 679 39st-
578 628 648 682 A.
701 625 776 680 ὅσ’
830 624 968 680 ἄλλα
1015 646 1113 698 pro
1154 626 1256 680 ὅσα
1303 628 1462 697 ἄλλα,
1502 627 1604 682 IV.
1653 646 1708 697 p.
1761 630 1884 682 434.
1924 626 1989 683 C.

293 697 494 752 αὑτοῦῐ
520 716 619 768 pro
652 697 867 751 ἑαυτοῦ
879 737 896 765 ,
926 697 1015 751 ‘V.
1055 717 1109 767 p.
1148 700 1272 752 465.
1310 698 1412 753 C?
1428 697 1497 752 τὰ
1547 699 1991 771 δ’ἐξᾳρνυύμενοι

293 789 393 841 pro
433 765 757 836 vd-d‘ae}.·{}.,
802 768 922 823 VI..
951 789 1003 839 p.
1054 771 1174 825 508.
1214 775 1282 824 A.
1371 770 1480 826 οὔτ’
1534 776 1593 824 ὲν
1647 773 1689 836 qi
1729 777 1838 840 ὲγγ.
1886 789 1990 842 pro

296 841 446 896 οὔτε
475 845 543 895 ,ὲν
582 833 626 908 ᾦ
679 847 822 909 ὲγγ.,
870 841 1425 913 retingendum-est-
1482 841 1636 896 Haec
1697 841 1993 914 igitur,‘·si

297 912 496 982 quibus
542 911 745 981 volupe
795 919 905 981 est,
962 913 1299 983 postliminio
1356 914 1747 983 restituantur,
1804 933 1992 984 quam-

296 1003 459 1054 quam
497 982 730 1037 fatemur
764 985 960 1054 partim
998 1002 1098 1037 nos
1137 985 1204 1038 de
1241 1005 1427 1039 eorum
1459 986 1689 1039 veritate
1724 985 1861 1040 ideo.
1891 985 1994 1039 du·-

295 1057 498 1124 bitare,
551 1054 680 1124 quia
727 1056 785 1108 in
831 1055 917 1109 his
957 1055 1100 1126 ipsis
1149 1057 1278 1111 alibi
1324 1058 1381 1110 in
1421 1056 1611 1111 eodem
1664 1056 1852 1111 codice
1913 1056 1994 1109 di-

294 1145 454 1182 versa
503 1145 721 1196 quoque
772 1127 1043 1197 reperitur
1085 1128 1362 1182 scribendi
1406 1129 1547 1182 ratio
1595 1147 1774 1198 neque
1833 1128 1994 1183 codd.

241 1236 242 1239 =
295 1197 528 1268 reliqui,
582 1198 746 1252 sicuti
795 1199 925 1252 alibi
971 1197 1359 1268 feresactu-m,
1397 1201 1600 1254 maiore
1636 1219 1862 1254 numero
1899 1198 1995 1253 ad-

297 1270 506 1324 dicunt.
545 1301 614 1308 —-
689 1268 802 1324 Sed
825 1319 827 1322 ⁴
849 1271 1125 1325 mittamus
1171 1272 1596 1341 hasminu'tias,
1647 1290 1996 1342 quamquam,

298 1343 347 1396 si
382 1360 571 1395 verum
608 1342 784 1394 fateri>
806 1342 1090 1410 volumus,
1129 1344 1187 1396 in
1227 1343 1333 1410 tali?
1369 1361 1573 1397 caussa
1603 1343 1740 1395 nihil
1777 1350 1863 1397 est
1899 1343 1999 1397 mi·-

298 1420 492 1467 nutum
545 1420 641 1465 aut
684 1413 822 1466 leve.
919 1414 1206 1468 Addamus
1250 1415 1438 1485 potius
1499 1414 1789 1484 nonnulla,
1859 1431 1999 1485 quae

298 1483 570 1556 gravioris
606 1483 868 1537 momenti
906 1485 1221 1554 videantur,
1284 1484 1726 1556 quandoquidem
1761 1486 1836 1540 ad»
1871 1504 2001 1540 con-

299 1554 596 1610 firmandas
644 1555 1035 1610 iudicandasve
1082 1565 1332 1629 receptas
1379 1558 1647 1611 lectiones
1687 1557 2002 1613 ‘nonnullas

299 1628 536 1681 valeant.
610 1628 983 1698 Memoramus
1032 1629 1201 1700 igitur
1247 1629 1354 1684 hoc
1379 1629 1525 1683 ¹loco¹
1547 1630 1780 1701 primum
1814 1629 2003 1684 lectio-

302 1718 427 1753 nem
477 1698 629 1753 Libr.
668 1698 748 1753 II.
784 1717 839 1769 p.
879 1702 1000 1754 383.
1049 1701 1117 1753 B.
1168 1704 1347 1754 παιῶ
1361 1701 1416 1755 ν’
1459 1701 1863 1775 ὲπευφήμισεν,
1903 1700 2003 1754 du-

305 1771 437 1826 dum
477 1789 508 1822 a
545 1771 805 1825 nobisex
846 1769 1032 1826 Schol.
1070 1772 1396 1842 restitut-am,
1446 1779 1590 1827 teste
1623 1773 2004 1828 Duebnero

305 1844 362 1896 in
414 1842 542 1896 Par.
592 1845 662 1896 A.
715 1842 925 1911 liquido
962 1844 1323 1915 perscriptam
1355 1845 1615 1914 reperiri,
1677 1863 2006 1915 quamquam

304 1934 378 1968 ea·
410 1913 479 1967 de
515 1932 575 1967 re
613 1913 981 1968 Bekkerus
1019 1916 1177 1985 etis,
1216 1917 1311 1986 qui
1347 1916 1407 1969 in
1441 1935 1602 1970 usum
1625 1916 2006 1971 Turicensium

307 1986 542 2040 contulit
567 1984 835 2039 :codicem
852 2026 869 2055 ,
919 1988 1150 2040 omnino<
1176 1995 1397 2042 tacent.·
1422 2018 1492 2028 -
1550 1988 1859 2042 Praeterea
1876 2024 1878 2028 ψ
1894 2005 2007 2040 non

306 2058 595 2129 indignum
630 2057 850 2111 videtur
886 2057 1374 2128 animadversione,
1418 2059 1574 2114 Libr.
1604 2060 1674 2117 V.
1696 2080 1749 2130 p.
1774 2063 1912 2114 457:.·
1937 2058 2008 2112 A.

306 2130 598 2184 lectionem
621 2132 797 2200 ὲλαφρ
815 2126 999 2199 ω’τερα
1024 2149 1124 2199 pro
1163 2151 1213 2184 v.
1252 2131 1598 2203 ἐλαφρότερα
1625 2151 1658 2185 a
1678 2132 1727 2184 B
1745 2131 2008 2184 ek-kero

308 2208 584 2272 receptam
617 2199 800 2254 iudice
831 2199 1212 2254 Duebnero
1252 2221 1285 2256 a
1319 2202 1444 2257 Par.
1475 2204 1540 2256 A.
1580 2223 1661 2274 pr.
1688 2222 1841 2257 man.
1880 2219 2009 2256 con-

310 2272 531 2327 firmari.
583 2302 652 2312 —-—
723 2271 859 2326 Nec·
898 2272 1290 2345 negligendum
1324 2275 1477 2328 Libr.
1517 2274 1626 2328 III.
1677 2296 1730 2347 p.
1785 2276 1905 2328 400.
1939 2272 2010 2326 D.

313 2343 599 2398 articulum
689 2342 756 2396 τὸΓ
854 2353 980 2396 ante
1086 2344 1394 2416 ἄῤῥυθμον
1481 2347 1644 2400 etiam
1727 2347 1784 2399 in
1855 2345 2011 2399 libris

314 2416 516 2470 Ambr.
545 2416 694 2486 Aug.
734 2415 872 2479 Ven.
913 2414 1078 2470 Vind.
1116 2427 1172 2469 et
1208 2424 1468 2488 quattuor
1507 2417 1850 2472 Florentinis
1890 2417 2012 2470 esse

315 2487 625 2558 repetitum.
650 2517 720 2525 ——
759 2485 872 2541 Sed
890 2486 1051 2540 Libr.
1093 2486 1171 2542 II.
1206 2509 1262 2560 p.
1286 2491 1406 2545 364.
1430 2491 1502 2542 A.
1541 2509 1653 2560 quo,
1673 2490 1789 2543 iure
1839 2488 2013 2543 codex

315 2559 555 2630 optimus
591 2558 760 2611 verba
797 2579 852 2612 τε
894 2565 987 2613 καὶ
1024 2559 1350 2626 δικαιοσύνη
1388 2580 1512 2614 cum
1548 2560 1734 2615 Vinds
1765 2560 2014 2616 Lobcov.

317 2638 374 2684 et
409 2630 542 2685 Vat.
586 2649 628 2682 r..
679 2629 926 2698 omittat,
964 2648 1129 2699 quum
1179 2631 1259 2685 ibi
1310 2633 1505 2704 agatur
1555 2633 1896 2704 potissimum
1945 2631 2014 2686 de

316 2701 557 2769 iustitia,
592 2701 723 2761 vix,
742 2701 1058 2772 ¹quisquam.
1108 2705 1464 2775 exputaverit.
1548 2705 1671 2758 Nec
1718 2704 2015 2774 quidquam

317 2773 386 2827 de
423 2792 487 2826 ea
525 2772 816 2827 omissione
855 2772 1141 2828 Bekkerus
1196 2783 1252 2828 et
1287 2775 1606 2830 Turicensis
1643 2775 2015 2852 prodiderunt.

318 2876 388 2884 —-
426 2844 683 2913 Denique
733 2843 1043 2898 addendum
1090 2846 1244 2900 Libr.
1282 2846 1418 2900 VII.
1456 2867 1509 2918 p.
1551 2850 1679 2902 539.
1708 2847 1778 2901 A.
1815 2845 2017 2899 Parisi-

318 2936 450 2969 num
507 2916 704 2970 librum
750 2916 818 2970 iis
869 2917 1332 2971 annumerandum
1396 2938 1548 2991 esse,
1606 2919 1700 2988 qui
1753 2919 2017 2989 scriptum

319 2987 529 3042 habent
575 2991 836 3057 νομίμου.
922 2986 1266 3058 Quamquam
1313 3010 1384 3044 ne
1420 2991 1500 3044 sic
1551 2990 2018 3061 quidemrapermoa

319 3077 541 3127 vemur,
593 3065 652 3112 ut
707 3062 943 3127 νομικοῦ
999 3060 1354 3115 reiiciendum
1417 3063 1842 3129 existimemus,
1877 3078 2018 3130 quae

320 3137 410 3185 est
455 3130 706 3200 profecto
754 3129 919 3186 lectio
967 3130 1149 3202 longe
1191 3133 1510 3198 verissima..
1563 3132 1887 3193 ,Enimvero
1952 3130 2020 3184 de

321 3200 648 3255 lectionibus
696 3201 853 3270 libri,
900 3210 1181 3271 quatenus
1235 3203 1307 3257 ad
1359 3203 1647 3275 scriptoris
1702 3204 2022 3256 sententiam

323 3270 707 3326 declarandam
743 3273 1048 3343 pertinent,
1096 3293 1222 3328 vere
1273 3276 1520 3336 videmur
1557 3275 1854 3347 scripsisse¹
1881 3292 2021 3346 quae

321 3342 578 3469 Bmlegff:
648 3360 702 3414 p.
777 3342 1132 3399 CXXXIII.
1199 3346 1575 3401 iudicavimus.
1701 3347 1900 3417 Neque
1968 3363 2022 3397 e-

559 3433 577 3467 ι

322 3414 437 3469 nim
499 3415 518 3467 i
641 3415 930 3470 tribuenda
983 3424 1119 3471 sunt⁴
1149 3418 1376 3487 zemma,
1428 3419 1635 3489 quippe.
1688 3419 1784 3489 qui
1839 3435 2022 3488 saepe,
