2124 3744
307 218 409 267 450
942 215 1317 270 PLATON
1343 215 1423 270 IS

217 357 269 409 D
307 364 646 436 φιλοσοφίας
707 361 910 435 ἀρετῆς
962 363 1355 438 μετειληφότα.
1422 362 1496 428 ὡς
1553 366 1610 418 δὲ
1668 366 1760 418 καὶ
1816 366 2006 432 εἰπεῖν,

310 445 414 502 οὐκ
471 443 738 510 ἐλάττους
802 443 945 502 εἶναι
998 453 1057 502 ἐν
1113 459 1230 512 τοῖς
1288 446 1567 512 τοιούτοις
1619 445 2011 516 ἁλισκομένους

310 527 440 593 τοὺς
497 535 555 584 ὲκ
599 533 701 585 τοῦ
746 527 996 602 ούρανοῦ
1043 529 1316 598 ἥκοντας,
1371 531 1471 587 ἅτε
1525 530 1712 587 πόνων
1755 530 2011 602 ἀγυμνά-

307 616 656 677 στουςϋτῶν
697 613 750 669 δ’
803 621 860 670 ὲκ
905 619 1004 682 τῆς
1047 619 1148 685 γῆς
1190 613 1326 681 τοὺς
1370 615 1630 682 πολλούς,
1674 613 1775 670 ἅτε
1802 613 2011 679 αὐτούς

307 719 364 753 τε
423 698 809 764 πεπονηκότας
862 697 1069 764 ἄλλους
1126 723 1183 755 τε
1227 700 1571 774 ἑωρακότας,
1632 698 1733 756 οὐκ
1789 699 1843 765 ἐξ
1896 707 2010 754 ὲπι·

308 784 518 853 δρομῆς
563 782 666 845 τὰς
710 788 939 856 αἱρέσεις
983 788 1296 840 ποιεῖσθαι.
1353 783 1439 840 διὸ
1503 783 1569 851 δὴ
1627 788 1717 840 καὶ
1772 787 2009 855 μεταβο-

308 863 412 933 λὴν
456 869 568 921 τῶν
610 871 793 921 κακῶν
839 871 931 923 καὶ
985 872 1098 923 τῶν
1140 868 1391 936 ἀγαθῶν
1444 881 1564 934 ταῖς
1609 871 1842 931 πολλαῖς
1897 871 2010 923 τῶν

308 953 506 1026 ψυχῶν
558 955 888 1024 γίγνεσθαι,
949 957 1044 1007 καὶ
1103 951 1195 1008 διὰ
1250 955 1354 1018 τὴν
1412 957 1513 1008 τοῦ
1569 953 1777 1023 κλήρου
1821 952 2008 1024 τύχην.

308 1038 422 1089 ἐπεὶ
481 1034 530 1091 εἴ
583 1057 665 1100 τις
720 1035 842 1101 ἀεί,
909 1034 1076 1092 ὁπότε
1128 1043 1202 1102 εἰς
1258 1036 1360 1093 τὸν
1418 1037 1631 1093 ἐνθάδε
1687 1041 1816 1107 βίον
1873 1036 2008 1111 ἀφι-

220 1122 269 1175 Ε
307 1130 531 1190 κνοῖτο,
573 1119 740 1189 ὑγιῶς
782 1126 1086 1197 φιλοσοφοῖ
1129 1125 1222 1177 καὶ
1265 1121 1294 1178 ὁ
1338 1125 1539 1195 κλῆρος
1580 1122 1732 1190 αὐτῷ
1778 1124 1877 1188 τῆς
1924 1126 2008 1175 αἱ-

309 1211 501 1275 ρέσεως
555 1204 631 1275 μὴ
688 1212 746 1261 ἐν
799 1210 1134 1270 τελευταίοις
1177 1211 1398 1271 πίπτοι,
1455 1206 1756 1262 κινδυνεύει
1798 1213 1855 1260 ὲκ
1899 1208 2010 1259 τῶν

307 1292 525 1344 ἐκεῖθεν
577 1288 1072 1362 ἀπαγγελλομένων
1128 1291 1194 1347 οὐ
1249 1289 1427 1362 μόνον
1481 1290 1694 1346 ἐνθάδε
1751 1289 2008 1360 εὐδαιμο-

307 1382 423 1428 νεῖν
459 1369 559 1439 liv,
602 1373 747 1429 ἀλλὰ
792 1378 885 1430 καὶ
927 1372 1033 1443 τὴν
1076 1379 1304 1431 ἐνθένδε
1348 1381 1513 1430 ἐκεῖσε
1556 1378 1648 1430 καὶ
1693 1377 1853 1446 δεῦρο
1898 1371 2004 1428 ποί-

308 1463 394 1512 λιν
450 1461 683 1530 πορείαν
739 1457 841 1514 οὐκ
895 1456 971 1514 ἂν
1019 1463 1276 1530 χθονίαν
1340 1462 1434 1514 καὶ
1478 1469 1739 1531 τραχεῖαν
1782 1455 2008 1531 πορεύε-

425 1654 476 1695 Ε.
538 1652 602 1708 μὴ
641 1652 696 1694 ἐν
736 1655 1085 1695 τελευταίοις
1126 1654 1335 1709 πίπτοι]
1381 1654 1455 1696 Sic
1496 1653 1597 1696 Par.
1634 1654 1691 1695 A.
1730 1651 1861 1694 vind.
1897 1654 2005 1706 Ang-

309 1713 411 1755 Vat.
444 1711 486 1753 d.
520 1725 577 1754 m.
613 1704 733 1753 Flor.
761 1726 799 1754 a.
834 1727 870 1754 c.
904 1726 944 1754 x.
979 1727 1018 1754 α.
1051 1727 1090 1766 γ.
1136 1714 1258 1754 Vett.
1292 1713 1414 1754 editt.
1447 1710 1504 1766 μὴ
1545 1712 1793 1752 τελευταῖος.
1834 1710 2006 1752 Bekke·

309 1783 384 1812 rus
417 1770 647 1824 tegendum
677 1770 860 1812 coniecit
892 1768 950 1825 μὴ
980 1769 1027 1811 ἐν
1056 1774 1147 1811 τοῖς
1178 1767 1428 1811 τελευταῖος.
1488 1817 1495 1823 ,

426 1829 476 1870 P.
515 1829 614 1872 620.
678 1826 927 1883 ἐλεεινήν
958 1843 1012 1869 τε
1041 1825 1139 1882 γὰρ
1170 1827 1347 1884 ἰδεῖν]
1377 1827 1540 1869 Euseb.
1577 1827 1737 1880 Praep.
1771 1826 1854 1868 Ev.
1885 1825 2005 1879 Xlll,

309 1886 378 1930 16.
411 1900 453 1939 p.
475 1885 574 1931 589.
602 1887 650 1926 Α.
685 1883 792 1927 ἰδεῖν
820 1885 896 1937 μὲν
932 1884 1027 1942 γὰρ.
1090 1885 1295 1929 Ceterum
1328 1887 1428 1928 Ast.
1463 1885 1529 1927 hic
1561 1890 1605 1927 et
1633 1885 1790 1936 ubique
1821 1883 2003 1927 formam

307 1941 473 1998 ἐλεινήν
504 1943 813 1987 restituendam
851 1946 1045 1996 censuit,
1086 1949 1293 1998 sequutus
1323 1944 1535 1986 Porsonis
1565 1943 1892 1994 auctoritatem,
1932 1943 2003 1994 qui

307 2003 497 2044 Praefat.
537 2003 590 2044 ad
632 2002 800 2046 Hecub.
841 2016 880 2057 p.
921 2002 1040 2045 vlu.
1083 2001 1264 2044 formum
1304 1999 1489 2044 ἐλεεινόν
1524 2000 1688 2041 Atticis
1730 1999 2000 2041 abiudicavit.

309 2144 418 2192 νοῦ,·
451 2143 546 2184 Vid.
569 2145 700 2186 etiam
734 2143 828 2185 libr.
865 2143 957 2187 Vn.
983 2144 1110 2199 Reip.

310 2215 350 2256 p.
383 2201 483 2246 518.
517 2201 567 2243 D.

1195 2145 1344 2186 locum
1393 2139 1719 2195 intelligendum
1772 2141 2001 2194 pertinent.

1197 2201 1252 2243 cf.
1286 2201 1440 2243 Ovid.
1474 2200 1648 2246 Metam,
1682 2198 1760 2240 ΧΙ.
1791 2199 1848 2240 ἰη.
1909 2198 2003 2240 Nec

367 2260 419 2300 D.
476 2254 544 2299 ὥς
573 2257 630 2299 δὲ
661 2260 746 2299 καὶ
778 2259 973 2308 εἰπεῖν,
1010 2254 1113 2300 οὐκ

307 2314 739 2370 ἐλάττουεή]
802 2317 1110 2370 Propemo-

306 2375 424 2418 dum
475 2375 614 2417 adeo
668 2386 770 2416 non
817 2389 943 2416 esse
984 2388 1109 2428 pau-

306 2436 520 2484 ciores,
562 2433 652 2486 qui
696 2432 746 2473 in
778 2435 989 2475 talibus
1022 2432 1110 2475 de-

305 2490 789 2546 prehenderentur
818 2492 999 2541 exiis,
1021 2492 1109 2544 qui

305 2551 331 2592 e
362 2552 525 2591 coeio
557 2548 895 2591 devenirent
925 2554 1005 2590 etr.

368 2631 467 2676 οὐκ
498 2633 557 2688 ἐξ
585 2631 886 2691 ἐπιδρομῆς
914 2660 970 2666 ——
1000 2650 1111 2678 ποι·

307 2690 527 2748 εϊσθαι]
561 2705 644 2734 non
676 2694 818 2748 primo
849 2694 995 2736 statim
1027 2695 1107 2736 im-

308 2755 412 2805 petu
450 2755 494 2793 et
520 2751 653 2792 citato
684 2764 837 2803 cursu,
876 2752 903 2795 i.
938 2765 977 2794 e.
1022 2764 1108 2794 nou

306 2813 500 2860 temere,
539 2809 712 2862 eligere.
780 2809 977 2854 Adverte
1015 2815 1108 2852 tro-

306 2866 446 2922 picum
478 2866 690 2908 formulae
722 2879 865 2910 usum.

363 2950 415 2992 E.
486 2946 587 2992 ούκ
625 2945 688 2993 ἂν
734 2953 975 3006 χθονίαν
1019 2955 1107 2994 καὶ

306 3008 572 3064 τραχεῖαν]
594 3009 674 3053 i.e.
701 3023 799 3052 non
829 3013 1106 3054 subterra·—

306 3080 469 3109 neam.
537 3068 705 3109 Attulit
751 3071 860 3112 haec
905 3068 1105 3111 Suidas

306 3123 361 3165 T.
393 3124 479 3165 ΙΙΙ.
513 3134 555 3177 p.
587 3124 686 3169 673.

364 3208 417 3250 P.
458 3211 559 3255 620.
630 3207 690 3253 τὰ
729 3210 896 3254 πολλὰ
937 3212 1105 3265 αἱρεῖ·

312 3266 472 3322 σθαι]
514 3267 833 3326 plerumque
863 3271 1105 3325 eligere,

362 3348 598 3408 Ὀρφέως
627 3378 683 3386 -—
712 3357 857 3407 μίσει
888 3357 991 3397 τοῦ
1020 3370 1105 3410 γυ-

306 3414 559 3453 ναικείου
608 3413 838 3468 γένους]
900 3415 964 3456 De
1011 3415 1104 3455 Or·

305 3468 442 3523 pheo
483 3473 589 3511 nota
634 3476 735 3513 sunt
764 3484 877 3525 quae
907 3470 961 3514 ad
994 3470 1105 3513 hunc

1196 2261 1370 2310 ignotus
1436 2263 1505 2300 est
1575 2257 1874 2312 Thamyras
1933 2258 2000 2297 vei

1196 2316 1506 2370 Thamyris,
1540 2328 1667 2368 quem
1699 2319 1874 2355 narrant
1905 2327 1999 2356 cum

1195 2375 1336 2416 Musis
1369 2379 1591 2416 certamen
1638 2372 1788 2414 iniisse
1820 2385 2000 2426 supera-

1196 2438 1375 2485 tumque
1406 2433 1629 2473 oculorum
1652 2431 1747 2471 acie
1779 2443 1878 2471 esse
1910 2432 2000 2484 pri-

1194 2495 1357 2533 vatum.
1408 2502 1447 2533 v.
1498 2489 1721 2530 Homer.
1775 2488 1894 2529 liiad.
1935 2487 2002 2540 Π,

1193 2548 1294 2594 595.

1250 2631 1657 2686 μεταβάλλοντα
1687 2626 1997 2686 ειέἆνθρω-

1195 2693 1361 2732 πίνου
1410 2689 1546 2744 βιόυ
1595 2690 1835 2744 αἵρεσιν]
1877 2688 1915 2731 h.
1957 2703 1997 2731 e.

1191 2749 1377 2791 vicissim
1431 2748 1711 2791 accedentem
1762 2747 1851 2788 sive
1891 2760 1995 2788 con-

1191 2819 1364 2849 versum
1404 2805 1459 2848 ad
1496 2806 1711 2848 humanae
1753 2805 1868 2846 vitae
1906 2805 1996 2846 ele·

1192 2866 1396 2906 ctionem.
1468 2864 1577 2907 Nam
1616 2859 1909 2916 μεταβάλλειν,
1946 2867 1995 2902 ut

1192 2923 1345 2965 Germ.
1379 2921 1742 2976 umachiagen,
1775 2920 1992 2960 sensuin-

1191 2980 1418 3022 transitivo
1456 2980 1657 3030 positum.
1719 2978 1829 3019 Cum
1866 2990 1994 3031 prae-

1191 3039 1408 3093 positione
1439 3035 1512 3078 έπί
1539 3042 1582 3078 et
1612 3034 1674 3076 ele
1693 3035 1881 3076 iunctum
1915 3036 1991 3077 ali-

1191 3095 1232 3137 bi
1279 3108 1457 3149 quoque
1494 3093 1719 3147 reperitur.
1771 3092 1898 3134 Conf.
1947 3106 1989 3147 p.

1191 3154 1290 3198 620.
1321 3153 1381 3194 D.

1247 3239 1301 3281 B.
1378 3233 1476 3291 τὴν
1523 3234 1581 3276 δὲ
1627 3235 1898 3287 λαχοῦσαν
1935 3257 1990 3264 -—

1189 3293 1368 3351 ψυχήν
1390 3295 1463 3349 --]
1497 3294 1675 3334 Mireri·
1706 3295 1990 3346 interpretum

1189 3354 1244 3396 de
1274 3354 1339 3396 his
1371 3351 1510 3394 verbis
1541 3351 1772 3393 silentium.
1815 3350 1987 3392 Etenim

1187 3411 1289 3465 quid
1321 3409 1495 3452 tandem
1523 3408 1591 3451 hic
1620 3410 1699 3450 sibi
1722 3408 1816 3449 vult
1845 3407 1987 3449 istud:

1191 3466 1250 3511 ὥς
1282 3467 1332 3510 τὸ
1362 3464 1514 3510 elutis?
1548 3472 1622 3508 aut
1652 3478 1855 3519 quorsum
1889 3478 1986 3519 per—
