2124 3744
406 165 514 219 DE
551 161 1366 222 OODIOIS‘EARISFNDA.
1406 172 1508 218 etc.
1712 165 1814 221 4651

111 331 168 365 τε
202 313 301 365 καὶ
332 313 781 379 μεγαλοπρεπεῖς
794 305 908 371 ,τὰς
951 310 1213 372 διανοίας
1239 315 1438 379 {censet
1475 314 1606 365 ant-e
1624 306 1813 383 ειᾳῖᾱθῗ

106 380 200 436 ὅτι
234 381 646 454 transponenda
681 390 833 449 ense,
872 397 985 449 quo
1004 446 1006 448 V
1023 378 1214 451 verbas
1239 377 1637 452 pereamust,
1685 378 1817 437 Nos

106 454 418 507 etiamnum*
435 456 503 506 ‘ea
537 454 749 507 ratione
786 450 1205 520 acquiescimus,
1243 465 1318 521 qu
1417 448 1818 522 ,proposuimus

107 526 167 578 in
203 524 626 580 commentat-iia.
662 540 776 573 ——·⁴.
804 522 989 578 hibr.
1019 522 1277 595 NJK-p.
1323 470 1558 581 gilnfflaeA.
1598 521 1815 582 scribit:

104 601 200 652 καὶ
234 597 622 651 ἀποκτείνειαν
656 597 762 650 iim
805 613 913 666 pros
945 592 1224 665 eQ'quod
1259 592 1685 668 nosi.dedimusa
1722 598 1819 648 καὶ

102 668 475 729 ἀποκτείνειν,
512 666 913 721 ἀποκτιννύναι
949 666 1049 731 ἄν;
1102 663 1815 738 (ῃιιοᾶνροθῐετίιιειᾙᾳυίᾶι)

103 739 367 812 scriptum
405 738 630 794 exhibet
664 737 787 792 Par.
826 738 899 791 A.
928 768 996 776 —
1071 736 1248 791 Ibid.
1286 756 1341 809 p.
1378 738 1504 792 532.
1530 737 1602 792 A.
1640 736 1818 807 πρὸς

102 811 283 865 αὐτὰ
322 813 400 864 τὰ
435 814 659 883 ἄστρα
698 809 923 882 scripsit
956 827 1060 880 pro
1091 808 1244 881 vulg.
1278 807 1420 880 πρὸς
1441 808 1586 862 αὐτοὶ
1612 804 1812 878 ἄστρα,

103 881 252 953 quod
281 901 412 936 sane
435 883 580 935 inter
604 880 747 936 αὐτὰ
785 882 853 934 τά
890 883 999 948 ζῶα
1025 888 1083 935 et
1112 881 1288 935 αὐτὸν
1311 878 1413 935 τὸν
1437 879 1597 946 ἥλιον
1619 877 1817 934 intole-

101 953 274 1008 rabile
324 953 557 1008 videtur.
611 961 681 993 -'—
767 951 946 1008 Ibid.
996 972 1051 1024 p.
1090 953 1212 1006 532.
1252 951 1324 1006 A.
1366 950 1543 1006 edidit
1580 950 1648 1005 de
1686 970 1814 1006 suo:

99 1027 372 1102 ἐπιχειρῇ,
431 1020 504 1079 ἂν
572 1023 704 1079 ἄνευ
806 1027 1000 1079 πασῶν
1063 1055 1132 1064 -
1194 1021 1229 1077 ὃ
1291 1026 1444 1079 ἔστιν
1505 1023 1815 1094 (ἕκαστον)

102 1096 254 1167 ὁρμᾷ
309 1100 403 1151 καὶ
450 1095 528 1163 μὴ
576 1096 793 1158 ἀποστῆ
836 1113 886 1150 κ.
935 1117 983 1150 τ.
1033 1098 1081 1147 λ.
1146 1093 1241 1149 ubi
1306 1094 1564 1149 consulas
1630 1102 1815 1148 annot.

100 1175 270 1223 nostr.
306 1199 378 1209 -—·
447 1167 582 1222 Lib
599 1188 642 1221 r.
680 1151 848 1221 VI'II.
886 1186 940 1239 p.
979 1167 1101 1221 556.
1137 1165 1211 1220 D.
1249 1185 1317 1219 ex
1352 1165 1627 1238 scriptura
1663 1164 1816 1219 codi-

100 1241 182 1295 cis
218 1239 391 1294 Paris.
427 1241 499 1294 A.
539 1238 786 1293 extuditae
819 1237 1316 1309 ἄνδρες-ἡμέτερά
1353 1243 1460 1292 εἱσι
1509 1236 1668 1306 παρ’
1726 1238 1814 1291 οὐ·

101 1319 223 1367 osv:
320 1310 431 1365 nod
478 1311 526 1366 si
562 1311 692 1366 olim
744 1310 1007 1383 scriptum
1055 1309 1192 1379 fuit,
1243 1328 1312 1363 ex
1362 1309 1816 1382 interpretatione

100 1402 263 1438 verae
281 1331 581 1438 (lectionisz
622 1387 761 1438 εἰσιν
799 1389 966 1437 οὐδέν
1002 1381 1227 1436 fluxisse
1257 1381 1490 1436 videtur.
1528 1412 1597 1420 —-
1635 1379 1813 1435 Ibid.

141 1498 155 1510 .
193 1456 319 1511 569.
363 1459 436 1509 A.
475 1454 674 1509 edidit:
720 1453 831 1509 ἀλλ’
886 1458 979 1508 ἵνα
1030 1452 1186 1526 [vn-2]
1227 1455 1336 1507 τῶν
1374 1457 1658 1508 πλουσίων
1697 1455 1813 1508 κτλ.

0 1557 2 1595 ÷
100 1475 224 1582 Ros
260 1546 330 1581 ex
363 1525 525 1581 codd.
563 1526 844 1581 nonnullis
883 1522 1021 1579 ἀπὸ
1061 1524 1459 1580 restituendum
1483 1524 1814 1598 putavimus.

100 1630 168 1639 —
207 1598 401 1653 Libr.
438 1596 546 1652 IX.
581 1619 636 1671 p.
675 1601 799 1653 576.
839 1598 913 1652 D.
951 1597 1115 1652 etiam
1152 1616 1301 1652 nunc
1337 1596 1540 1652 edidit:
1604 1599 1672 1650 Τί
1712 1598 1816 1651 οὐν

98 1673 267 1744 ἀρετῇ
313 1691 363 1724 τ.
416 1689 518 1742 pro
569 1669 717 1743 vulg.
767 1677 822 1725 τί
869 1671 972 1725 οὐν
1022 1670 1133 1739 ἄρα
1169 1668 1203 1735 ἡ
1244 1671 1358 1723 κτλ.
1398 1701 1465 1709 -
1541 1665 1718 1723 Ibid.
1757 1687 1812 1740 p.

100 1744 223 1798 587.
279 1742 346 1796 Β.
398 1741 540 1797 coni.
590 1746 621 1796 ό
672 1746 732 1797 δὲ
791 1738 1136 1811 βασιλεύς
1186 1739 1489 1810 ὀλίγιστον.
1538 1772 1607 1780 —-
1696 1740 1814 1793 Iam

102 1833 232 1868 vero
290 1813 376 1867 his
434 1813 672 1868 virorum
734 1811 1026 1868 doctorum
1086 1812 1419 1868 coniecturis
1481 1812 1815 1885 subiungere

102 1885 286 1958 placet
332 1903 496 1939 unam
545 1885 819 1956 quandam
879 1885 1350 1953 observationem,
1404 1903 1546 1956 quae
1598 1883 1670 1938 ad
1728 1891 1816 1937 tu-

98 1955 322 2011 tandam
382 1955 635 2011 codicum
694 1957 986 2011 lectionem
1034 1957 1231 2011 valeat.
1330 1956 1612 2029 Scriptum
1667 1955 1813 2010 enim

99 2028 301 2103 legitur
348 2028 503 2083 Libr.
542 2028 588 2087 I.
626 2049 679 2102 p.
730 2030 852 2083 328.
902 2027 969 2082 C.
998 2023 1063 2083 Ὦ
1100 2026 1426 2100 Σώκρατες,
1466 2028 1595 2083 οὐδὲ
1633 2032 1815 2096 θαμί-

100 2103 209 2168 ζεις
254 2098 389 2171 ἡμῖν
437 2103 791 2171 καταβαίνων
845 2107 924 2164 εἰς
980 2097 1081 2155 τὸν
1119 2102 1380 2169 Πειραιᾶ.
1418 2099 1514 2155 ubi
1552 2098 1683 2154 οὐδὲ
1720 2098 1816 2153 vel

39 2190 49 2200 ·
100 2172 158 2226 in
205 2170 329 2227 οὔτι
376 2170 462 2225 vel
510 2171 568 2225 in
617 2171 679 2227 οὗ
715 2174 776 2227 δέ
825 2172 1025 2226 mutari
1074 2171 1368 2227 voluerunt
1415 2171 1614 2226 critici.
1697 2171 1818 2224 Iam

101 2262 232 2299 vero
271 2242 400 2299 οὐδε
436 2243 483 2298 si
533 2262 598 2298 eo
646 2262 758 2316 quo
795 2262 897 2299 nos
935 2243 1171 2299 diximus
1209 2243 1373 2299 modo
1411 2242 1813 2316 accipiendum,

101 2334 280 2387 neque
330 2323 427 2369 aut
471 2316 529 2369 in
569 2313 691 2371 οὔτι
736 2315 1059 2370 mutandum
1112 2323 1210 2370 aut
1260 2315 1318 2370 in
1355 2315 1492 2370 duas
1530 2334 1695 2370 voces
1733 2314 1816 2367 di-

103 2385 407 2441 rimendum
458 2395 575 2454 est,
636 2407 748 2442 non
814 2387 1002 2459 inepte
1065 2386 1368 2442 contendes
1424 2387 1520 2441 illa
1575 2386 1815 2458 Reipub.

101 2457 255 2513 Libr.
303 2458 379 2514 X.
428 2478 483 2531 p.
537 2461 658 2514 587.
710 2458 777 2513 C.
827 2481 920 2515 και
970 2457 1165 2528 ὁπόσῳ
1231 2461 1589 2529 ἐλαττοῦται,
1653 2458 1818 2514 οὐδὲ

101 2529 283 2585 πάνυ
331 2534 592 2600 ῥᾴδιον
644 2536 917 2596 εἰπεῖν,
968 2527 1112 2597 πλὴν
1160 2530 1294 2595 ἴσως
1334 2524 1466 2595 ὦδε,
1515 2530 1550 2584 i.
1600 2547 1645 2584 e.
1696 2527 1816 2583 das

102 2601 200 2656 ist
235 2604 405 2655 auch
450 2622 575 2674 gar
610 2605 794 2657 nicht
833 2601 1066 2658 leicht
1099 2622 1128 2656 z
1155 2622 1193 2657 u
1229 2620 1464 2676 sagen.
1538 2599 1817 2670 Quocirca

103 2673 232 2728 οὐδε
272 2675 534 2743 θαμίζεις
584 2676 937 2745 καταβαίνων
985 2675 1067 2729 sic
1113 2673 1422 2748 intelligas,
1479 2691 1544 2726 ac
1594 2673 1642 2727 si
1681 2673 1811 2727 οὐδὲ

108 2742 280 2814 θαμὰ
330 2747 684 2814 καταβαίνεις
730 2745 995 2819 scriptum
1049 2746 1324 2819 legaturz·
1365 2746 1468 2799 Du
1519 2744 1818 2799 kommst

103 2815 277 2871 auch
315 2835 437 2889 gar
474 2815 667 2872 nicht
703 2819 806 2872 oft
842 2816 1023 2873 nach
1062 2817 1209 2872 dem
1241 2817 1596 2872 Piraeeus.
1635 2815 1816 2871 Nimi-

103 2907 223 2943 rum
275 2887 733 2959 quemadmodum
782 2889 1015 2962 simplex
1064 2893 1124 2945 δὲ
1172 2889 1230 2943 in
1285 2887 1680 2944 exclamatione
1727 2887 1816 2941 vel

104 2958 161 3013 in
198 2959 619 3032 compellatione
671 2960 1074 3016 vehementiore
1124 2969 1256 3034 post
1300 2961 1615 3015 vocativum
1653 2958 1814 3030 poni-

104 3038 215 3099 tur,
249 3030 330 3086 ita
364 3045 428 3086 ut
451 3030 527 3101 id,
567 3032 654 3086 cui
684 3028 892 3104 aliquid
921 3033 1241 3105 opponitur,
1281 3032 1451 3086 tacita
1476 3030 1814 3104 cogitatione

104 3118 210 3173 sup
248 3100 470 3158 lendum
518 3102 799 3172 videatur,
865 3102 933 3158 de
987 3122 1097 3174 quo
1157 3103 1378 3159 dicendi
1441 3120 1643 3176 genere
1697 3100 1811 3156 vid.

107 3169 197 3226 Sc
259 3173 474 3247 aeter·
519 3183 588 3229 et
645 3175 928 3231 Porson.
992 3173 1061 3229 ad
1109 3174 1303 3248 Eurip.
1353 3173 1539 3231 Orest.
1588 3193 1639 3229 v.
1691 3175 1813 3230 614.

110 3242 477 3301 Hermann.
512 3245 599 3301 ad.
635 3246 897 3319 Sophocl.
935 3245 1139 3302 Electr.
1178 3268 1228 3302 v.
1273 3247 1388 3303 147.
1441 3264 1541 3300 nos
1580 3244 1650 3299 ad
1693 3245 1812 3299 Eu-

108 3312 350 3388 thydem.
400 3336 453 3389 p.
499 3320 623 3375 293.
673 3319 740 3373 Β.
791 3320 869 3373 ita
919 3317 1083 3372 etiam
1131 3317 1256 3373 οὐδὲ
1305 3316 1524 3393 videtur
1571 3317 1650 3372 sic
1689 3335 1812 3371 esso

110 3394 460 3458 usurpatum,
507 3398 572 3444 ut
616 3400 858 3446 assumta
906 3389 1243 3446 extrinsecus
1290 3389 1476 3461 aliqua
1512 3388 1806 3453 sententia,

1338 3476 1474 3530 30*
