2098 3658
257 95 358 146 246
816 167 820 171 Ι
884 90 1365 144 PLATONIS

258 239 306 294 δ’
361 235 493 304 ἐγώ,
537 241 755 307 μέτριος
806 236 969 308 ἀνήρ,
1016 236 1238 294 ἐπειδάν
1283 236 1553 312 ἀφίκηται
1608 244 1667 292 ἐν
1725 241 1790 314 τῇ
1840 242 1954 304 διη-

260 322 411 394 γήσει
457 323 545 375 ἐπὶ
588 321 727 387 λέξιν
775 319 900 376 τινά
948 318 979 389 ἢ
1026 323 1226 391 πρᾶξιν
1269 322 1476 394 ἀνδρὸς
1517 322 1782 392 ἀγαθοῦ,
1827 328 1956 376 ἐθε-

264 406 450 472 λήσειν
489 403 561 469 ὡς
605 405 778 471 αὐτὸς
816 403 893 460 ὢν
938 413 1140 472 ἐκεῖνος
1182 406 1544 476 ἀπαγγέλλειν
1587 410 1680 461 καὶ
1724 405 1824 461 οὐκ
1872 412 1959 460 αὶ-

264 492 597 561 σχυνεῖσθαι
644 494 731 544 ἐπὶ
780 494 844 567 τῇ
891 491 1122 567 τοιαύτῃ
1150 491 1396 562 μιμήσει,
1444 491 1683 562 μάλιστα
1728 493 1830 562 μὲν
1871 513 1961 559 μι·

264 573 541 645 μούμενος
611 570 710 629 τὸν
767 573 1003 644 ἀγαθὸν
1061 575 1330 650 ἀσφαλῶς
1396 596 1453 630 τε
1513 579 1604 629 καὶ
1669 572 1962 647 ἐμφρόνως

172 680 225 731 Ι)
267 657 618 728 πράττοντα,
677 658 883 713 ἐλάττω
943 663 999 714 δὲ
1058 663 1149 714 καὶ
1214 653 1385 726 ἧττον
1445 656 1478 726 ἢ
1525 657 1635 714 ὑπὸ
1699 657 1879 713 νόσων
1928 655 1961 724 ἢ

267 740 375 797 ὑπὸ
431 742 647 813 ἐρώτων
705 748 1053 818 ἐσφαλμένον
1108 744 1140 810 ὴ
1187 748 1279 798 καὶ
1323 743 1431 798 ὑπὸ
1489 749 1672 813 μέθης
1726 739 1758 809 ἤ
1806 764 1964 806 τινος

270 824 442 894 ἄλλης
486 826 776 901 ξυμφορᾶς
796 847 808 860 ·

867 827 1007 885 ὅταν
1052 832 1108 883 δὲ
1172 833 1425 898 γίγνηται
1471 827 1614 882 κατά
1663 848 1791 881 τινα
1836 832 1965 880 ἑαυ-

269 915 370 966 τοῦ
415 910 673 977 ἀνάξιον,
721 911 822 968 οὐκ
869 911 1160 978 ἐθελήσειν
1218 916 1432 990 σπουδῇ
1479 910 1793 978 ἀπεικάζειν
1839 916 1966 965 ἑαυ-

270 994 372 1051 τὸν
417 998 493 1066 τῷ
531 1000 756 1067 χείρονι,
801 1004 847 1053 εὶ
888 995 964 1067 μὴ
1009 995 1123 1069 ἄρα
1170 996 1313 1052 κατὰ
1343 995 1538 1069 βραχύ,
1581 994 1722 1053 ὅταν
1749 1017 1802 1049 τι
1829 1017 1965 1066 χρη-

268 1077 402 1136 στὸν
452 1084 600 1158 ποιῇ,
647 1079 771 1136 ἀλλ’
835 1086 1225 1152 αὶσχυνεῖθαι,
1277 1079 1396 1151 ἅμα
1454 1084 1555 1151 μὲν
1609 1078 1968 1151 ἀγύμναστος

270 1161 347 1220 ὢν
394 1168 493 1221 τοῦ
538 1171 840 1236 μιμεῖσθαι
886 1166 1017 1231 τοὺς
1074 1166 1391 1230 τοιούτους,
1435 1164 1554 1235 ἅμα
1602 1168 1660 1221 δὲ
1708 1167 1799 1218 καὶ
1846 1167 1968 1227 ὂυς-

386 1389 443 1429 D.
487 1386 686 1428 ἐλάττω
729 1385 784 1427 δὲ
825 1389 910 1428 καὶ
952 1380 1137 1441 ἦττον]
1201 1386 1420 1427 Salvinius
1452 1400 1562 1431 corr.
1596 1386 1778 1427 ἔ.λαττον
1811 1385 1900 1428 Sed
1932 1399 1971 1426 v.

267 1457 362 1486 ann.
396 1448 488 1487 Ast.
522 1445 742 1499 legendum
778 1446 960 1487 coniecit
995 1446 1167 1485 ἔλαττον
1199 1443 1245 1485 δὲ
1277 1443 1353 1485 τὸν
1385 1441 1494 1498 ἥττω
1527 1459 1569 1498 η.

385 1505 439 1544 Ε
471 1505 571 1544 τιῦν
603 1501 880 1543 κακιόνων
913 1500 1153 1550 τύπους,
1189 1498 1452 1571 ἀτιμάζων
1481 1502 1561 1556 -—]
1596 1501 1772 1555 steph:
1805 1500 1972 1542 τύπους

271 1562 340 1600 καὶ
374 1557 611 1614 ἀτιμάζων,
641 1562 757 1614 quod
792 1568 858 1602 est
890 1563 928 1601 in
964 1563 1079 1603 libris
1112 1562 1395 1614 paucissimis
1459 1560 1734 1614 participium
1764 1555 1973 1612 ἀτιμάζων

270 1631 440 1661 causam
478 1620 639 1661 indicat
670 1620 749 1660 τοῦ
780 1617 1067 1672 δυςχεραίνειν
1097 1619 1284 1671 ideoque
1315 1625 1432 1660 recte
1464 1623 1584 1660 caret
1613 1619 1782 1671 copula.

385 1677 490 1730 Cap.
521 1677 600 1722 IX.
652 1678 742 1732 οἵᾳ
775 1673 933 1732 ἡμεῖς
965 1673 1163 1731 ὀλίγον
1196 1691 1276 1727 πρ.
1294 1678 1313 1730 ]
1349 1676 1497 1731 Steph.
1531 1677 1628 1717 οἵαν
1658 1677 1799 1718 invitis
1830 1675 1973 1717 omni-

272 1734 349 1776 bus
383 1735 619 1779 codicibus.

271 1792 418 1836 Ambr.
454 1794 549 1837 Vat.
582 1807 638 1836 m.

269 1935 505 1979 Gronow
543 1938 674 1983 Obss.
716 1939 869 1983 lV.'c.
910 1938 1075 1979 XXVI.

275 1993 476 2050 mogmfi
493 1997 595 2040 eld.
618 1997 816 2039 Glossar.
850 1997 892 2039 in
917 1996 1074 2039 Aesch.

269 2052 429 2094 Persas
461 2066 499 2097 v.
531 2054 632 2099 403.

329 2110 378 2154 C.
419 2109 649 2161 μάλιστά
687 2111 784 2162 μὲν
814 2109 1071 2163 μιμούμε-

270 2179 366 2208 vos·
397 2166 1075 2224 τόνᾶγαθόν-]ῐιιηιιῃα-

268 2227 407 2269 xime
469 2229 700 2270 imitans
749 2230 928 2270 virum
984 2230 1073 2268 bo-

267 2296 411 2334 num,
453 2299 611 2337 quum
655 2292 787 2341 agat
831 2286 1073 2339 pruden-

266 2346 352 2382 ter
383 2347 544 2397 atque
576 2345 682 2391 sic,
714 2350 775 2386 ut
806 2344 987 2385 fraudi
1020 2349 1075 2384 et

268 2402 441 2441 errori
491 2415 592 2443 non
643 2404 715 2444 sit
768 2403 1074 2451 obnoxius,

265 2458 317 2497 in
355 2460 720 2511 paucioribus
742 2473 874 2501 vero
906 2464 1075 2511 atque

266 2516 470 2570 minus,
520 2531 677 2570 quum
729 2519 815 2560 vel
873 2518 1074 2559 morbis

267 2575 346 2614 ve!
375 2577 647 2617 amoribus
682 2579 766 2619 vel
800 2577 963 2618 etiam
997 2579 1072 2619 te-

265 2634 538 2674 mulentia
593 2636 783 2676 aliove
828 2636 975 2676 malo
1021 2633 1070 2673 in

265 2689 521 2733 fraudem
558 2692 820 2734 inductus
851 2693 938 2736 sit.
1000 2691 1074 2732 Sic

264 2745 420 2789 ἐλάττω
456 2751 644 2803 positum
676 2752 801 2792 etiam
849 2751 987 2797 Gorg.
1032 2762 1072 2801 p.

265 2806 365 2850 512.
420 2808 469 2849 Β.
513 2803 700 2851 οὐδενὸς
741 2804 896 2849 ἐλάττω
936 2805 1074 2848 ἐνίοτε

267 2862 444 2905 δι’ναται
492 2864 652 2920 σωζειν.
715 2868 776 2908 Et
808 2879 987 2917 prorsus
1019 2864 1073 2905 ad

267 2923 449 2964 eundem
484 2926 660 2979 modum
695 2939 734 2977 p.
767 2924 866 2968 417.
906 2924 962 2968 Bt
995 2936 1071 2963 πο·

267 2977 318 3020 λὺ
370 2983 497 3023 πλείω
546 2983 614 3023 καὶ
661 2984 820 3033 μᾶλλον
869 2978 1070 3024 δεδιότες.

268 3038 403 3090 legg.
435 3039 490 3080 X.
562 3041 717 3085 ,1904
763 3038 919 3082 ἐλάττω
950 3053 1074 3090 μετα-

264 3093 480 3148 βάλλοντα
514 3105 556 3139 et
588 3100 788 3140 πλείωκαὶ
806 3095 990 3140 άδικώτε
1021 3110 1075 3149 oa

263 3151 570 3209 μεταπεσόντα.
604 3158 718 3199 conf.
752 3171 848 3200 ann.
880 3156 940 3198 ad
974 3154 1072 3196 Cri-

267 3221 356 3254 ton
402 3225 442 3264 p.
489 3213 559 3257 46.
609 3215 660 3258 Ο.
709 3216 1074 3256 Bornemann.

260 3270 318 3314 ad
350 3267 544 3324 Xenop
557 3271 593 3315 h.
627 3272 874 3327 Cyropaed.
899 3272 930 3313 1.
949 3271 993 3323 3,
1029 3270 1072 3314 8-

261 3327 336 3371 ed.
366 3326 496 3371 1840.
531 3329 652 3380 Lips.

325 3387 385 3431 D·
421 3382 553 3427 ὅταν
583 3386 639 3428 δὲ
669 3401 921 3441 γιγνηται
942 3399 1078 3427 κατα

684 1721 849 1777 Deinde
889 1737 969 1777 τοῦ
1013 1742 1114 1779 ante
1152 1732 1340 1789 Ὁμήρου
1387 1749 1472 1779 om.
1526 1734 1646 1776 Flor
1686 1747 1726 1776 a.
1760 1747 1799 1775 c.
1832 1730 1885 1774 α’.
1919 1730 1971 1787 γ’.

1161 1934 1278 1977 τινὰ
1308 1939 1392 1985 -l
1434 1934 1505 1976 Ad
1535 1937 1729 1989 γίγνηται
1760 1935 1974 1988 intelligas

1162 2009 1186 2037 e
1219 1994 1515 2048 superioribus
1550 1995 1598 2045 τῇ
1628 1990 1833 2047 διηγήσει.
1867 1992 1973 2034 Me-

1162 2066 1277 2096 nex.
1323 2066 1363 2105 p.
1405 2052 1503 2096 239.
1548 2053 1607 2092 D:
1646 2050 1712 2092 δεῖ
1750 2048 1801 2104 δὴ
1836 2045 1975 2104 αυτὴν

1163 2109 1292 2159 ι’δεὶν,
1334 2108 1376 2150 εἰ
1400 2111 1532 2159 μέλλει
1573 2122 1635 2151 τις
1675 2109 1813 2150 καλῶς
1852 2107 1975 2150 ἐπαι-

1162 2174 1251 2210 ιεῖν
1305 2165 1359 2208 ἐν
1390 2166 1583 2222 ἐκείνῳ
1646 2183 1710 2208 τω
1785 2164 1972 2222 χρόνῳ

1163 2225 1467 2281 γενόμενον
1513 2227 1579 2280 τῷ
1627 2211 1800 2281 λογῳ,
1853 2227 1884 2268 i.
1935 2239 1973 2269 e.

1159 2286 1422 2327 oratione
1472 2286 1522 2325 in
1568 2285 1671 2325 illo
1717 2290 1975 2337 tempore

1162 2349 1504 2386 versantem:
1553 2356 1648 2383 nam
1683 2344 1740 2383 ita
1773 2341 1879 2383 haec
1909 2341 1974 2381 in-

1158 2400 1410 2452 telligenda.

1219 2454 1972 2511 Ε.ἀτιμα’ζωντῇδιανοίᾳ--]

1159 2518 1306 2560 istos
1367 2517 1620 2570 peiorum
1693 2514 1972 2557 hominum

1159 2573 1327 2617 τύπους
1369 2581 1547 2616 mente
1603 2573 1974 2626 despiciens,

1158 2635 1267 2676 nisi
1298 2637 1572 2685 quatenus
1593 2645 1686 2674 eos
1711 2631 1828 2672 ioci
1852 2642 1974 2670 cau·

1158 2706 1212 2735 sa
1245 2690 1396 2731 ferat
1426 2692 1491 2732 ve!
1524 2690 1804 2731 admittar-t.
1831 2688 1974 2728 Mor-

1158 2755 1441 2801 genstern.
1504 2748 1698 2800 Symbol.
1753 2746 1806 2786 ad
1858 2744 1975 2786 Plat.

1158 2808 1291 2849 Polit.
1341 2820 1382 2859 p.
1421 2804 1476 2849 X.
1513 2803 1724 2855 ,παιδείας
1763 2802 1972 2857 praefert,

1160 2864 1278 2918 quod
1310 2869 1378 2904 est
1407 2863 1447 2903 in
1479 2876 1563 2904 uno
1596 2863 1736 2903 Paris.
1771 2860 1826 2902 K.
1863 2860 1972 2900 Ete—

1158 2924 1242 2964 nim
1277 2919 1449 2962 παιδιᾶς
1492 2921 1714 2961 notionem
1758 2932 1782 2959 a
1817 2918 1972 2958 Plato-

1157 2981 1223 3022 nis
1260 2984 1404 3020 mente
1444 2978 1576 3019 videri
1622 2979 1830 3025 alienam5
1874 2989 1974 3015 παι-

1161 3036 1278 3078 δείας
1317 3038 1455 3077 solam
1494 3036 1574 3076 τοῦ
1614 3035 1674 3090 τῷ
1706 3031 1796 3075 ὅντι
1839 3033 1976 3074 καλοῦ

1161 3092 1366 3149 κάγαθοῦ
1394 3095 1436 3135 ἰη
1455 3094 1626 3134 civitate
1658 3092 1849 3146 perfecta
1870 3105 1975 3142 gra-

1159 3153 1285 3194 vitati
1316 3157 1650 3194 consentaneam
1689 3164 1798 3192 esse.
1839 3148 1969 3192 Quod

1159 3211 1364 3253 iudicium
1397 3209 1496 3250 mihi
1530 3209 1702 3261 quidem
1724 3208 1869 3261 paullo
1899 3219 1968 3247 se-

1162 3269 1307 3310 verius
1331 3267 1514 3309 videtur.
1547 3267 1655 3309 Nam
1670 3267 1853 3320 primum
1874 3265 1968 3315 ipse
1989 3278 1993 3285 ·

1162 3325 1443 3379 philosophus
1475 3326 1581 3365 infra
1605 3325 1776 3366 demum
1805 3337 1845 3376 p.
1865 3321 1964 3365 397.

1162 3385 1212 3428 D.
1245 3385 1492 3426 accuratius
1521 3383 1722 3433 definivit,
1755 3392 1961 3435 quasnam
