2098 3658
267 160 334 211 24
882 153 1359 210 PLATONIS

266 308 422 359 ανιέα
466 303 557 356 καὶ
583 301 984 375 Κλειτοφῶντα
1013 297 1553 372 τὸν’Λριο·τωνύμο,υ.
1604 291 1670 366 ἦν
1715 298 1757 354 ὁο
1807 303 1968 355 ἔνδον

732 381 743 400 (

269 396 361 442 καὶ
405 383 434 441 ὁ
483 380 667 456 πατὴρ
720 405 751 440 ο
799 386 897 439 τοῦ
949 383 1318 456 Πολεμάρχου
1350 385 1630 457 Κέφαλος.
1679 386 1772 439 καὶ
1817 385 1967 438 ιιάλα

190 479 236 532 C
273 466 580 541 πρεσβύτης
621 489 722 537 μοι
762 468 948 533 ἔδοξεν
992 467 1149 524 εἶναι·
1197 466 1286 523 διὰ
1312 466 1520 538 χρόνου
1564 465 1674 539 γὰρ
1737 470 1830 523 καὶ
1874 474 1970 523 ἑω-

271 551 411 625 ράκη
478 549 656 607 αὐτόν
674 593 685 605 .

743 554 1005 619 καθῆστο
1065 555 1121 608 δὲ
1183 558 1627 624 ἐστεφανωμένος
1683 556 1771 605 ἐπί
1821 572 1972 616 τινος

271 639 720 708 προςκεφαλαιόυ
755 657 811 690 τε
837 640 926 690 καὶ
961 639 1182 710 δίφρου·
1229 636 1481 700 τεθυκὼς
1527 634 1636 706 γὰρ
1675 635 1972 707 ἐτύγχανεν

271 727 329 775 ὲν
385 722 450 796 τῇ
506 718 699 796 αὐλῇ..
726 719 1126 789 ἐκαθεζόμεθα
1183 742 1283 775 ουν
1338 719 1460 790 παρ’
1522 718 1716 774 αὐτόν.
1764 724 1970 775 ἔκειντο

268 803 379 875 2029
425 808 612 876 δίφροι
661 807 823 868 τινὲς
846 803 1062 859 αὐτόθι
1106 803 1304 873 κύκλῳ.
1351 803 1530 866 εὐθυς
1586 795 1686 858 οὗν
1730 826 1793 873 με
1839 802 1973 859 ιϋών

271 887 301 944 ὁ
367 891 632 963 Κέφαλος
684 887 962 955 ἠσπάζετό
1017 910 1074 944 τε
1129 892 1217 943 καὶ
1275 888 1446 953 εἶπεν,

1505 880 1581 942 ’.Ω
1644 887 1972 961 Σώκρατες,

392 1038 470 1081 O..
505 1041 593 1080 καὶ
633 1037 876 1094 ἑωράκη]
917 1040 1124 1081 Formam
1160 1040 1274 1080 hanc
1313 1045 1492 1080 tuentur
1520 1053 1547 1081 a
1573 1053 1638 1092 pr.
1679 1053 1736 1080 m.
1772 1040 1874 1081 Par.
1917 1042 1974 1080 A.

276 1097 388 1139 Ven.
423 1095 476 1140 Π.
537 1098 799 1151 Recepimus
839 1099 977 1151 igitur
1015 1112 1096 1151 pro
1129 1099 1248 1150 vulg.
1281 1097 1507 1152 ἑωράκειν,
1538 1099 1713 1150 sequuti
1742 1100 1974 1149 rationem,

276 1226 398 1267 Diss.
436 1226 582 1279 Epict.
624 1226 695 1270 lv,
734 1226 774 1270 5.
815 1227 931 1268 ‘Nec
966 1240 1074 1268 vero

277 1285 492 1325 avaritiae
510 1285 593 1325 fuit
614 1286 846 1332 immunis,·
876 1298 918 1326 v.
934 1287 995 1326 Pl
1011 1291 1079 1331 at,

280 1343 335 1384 lc.
376 1355 418 1395 p.
445 1342 546 1387 337.
579 1343 636 1383 D.
700 1343 815 1383 Eum
851 1343 976 1385 Plato
1007 1343 1080 1384 hie

291 1400 426 1441 talem
471 1401 666 1447 induxit,
713 1403 808 1455 qui¹
832 1402 1088 1454 turpissima

280 1470 480 1510 quaeque
521 1459 819 1511 sophistarum
861 1460 916 1501 de
967 1460 1085 1499 iusto

285 1521 327 1556 et
381 1516 546 1556 iniusto
602 1519 794 1556 maxima
838 1518 1085 1557 temeritate

276 1579 411 1625 atque
458 1586 511 1614 eo
565 1575 697 1614 modo
753 1573 971 1626 defendit,
1040 1581 1088 1615 ut

276 1644 415 1684 prope
446 1644 620 1672 omnem
661 1633 873 1683 pudorem
907 1633 1084 1673 exuisse

277 1689 493 1729 videatur.
554 1688 645 1730 Sed
686 1691 967 1742 quantumvis
1008 1691 1085 1730 ille

277 1748 676 1787 truculentissimus
727 1750 787 1788 sit
836 1749 1083 1791 iniustitiae

278 1810 513 1857 patronus,
557 1811 701 1845 tamen
746 1819 845 1846 eum
877 1806 1084 1846 Socrates

278 1864 451 1903 ratione
482 1875 572 1902 non
603 1863 747 1903 minus
780 1864 932 1904 subtili
953 1878 1085 1916 quam

279 1922 424 1961 faceta
454 1921 631 1961 refutat.
699 1921 904 1962 Pluribus
945 1923 999 1962 de
1030 1935 1084 1963 eo

283 1977 1084 2030 exposueruntlacobusGeelius‚

286 2037 377 2076 Ην.
427 2035 517 2082 Cl...
575 2037 622 2076 in
670 2036 873 2076 Historia
925 2037 1090 2090 Critica

293 2093 616 2146 Sophistarum.
650 2093 840 2146 Traject.
874 2096 931 2136 ad
948 2095 1091 2136 Rhen.

288 2151 412 2195 1823.
454 2150 494 2194 8.
533 2165 573 2203 p.
617 2151 861 2196 201—224.
901 2158 944 2193 et
977 2155 1091 2193 Car.

286 2210 370 2250 Fr.
403 2209 690 2250 Hermann.
713 2210 835 2251 Diss.
867 2211 921 2251 de
949 2211 1092 2251 Thra-

286 2268 493 2320 symacho
534 2268 837 2309 Chalcedonio
877 2269 1092 2320 sophista.

285 2326 515 2377 (ioetting.
540 2325 667 2369 1848.
689 2325 730 2368 4.
762 2326 856 2366 Iam
875 2340 980 2367 vero
1015 2327 1090 2378 qui

284 2395 373 2422 una
388 2396 485 2423 cum
506 2384 766 2435 turpissimo
786 2384 870 2425 hoc
889 2385 1090 2436 sophista

286 2441 492 2492 deinceps
542 2447 858 2493 memorantur,
910 2441 968 2485 Cl
986 2443 1086 2482 ito-

284 2499 455 2550 phon‚
483 2500 758 2551 Aristonymi
783 2500 812 2539 f.
845 2505 888 2540 et
920 2499 1088 2540 Char-

286 2557 564 2597 mantides
608 2552 631 2596 ὁ
675 2555 928 2606 Παιανιεύς,
971 2559 1089 2598 haud

288 2615 382 2653 scio
430 2627 484 2654 an
536 2615 651 2655 inter
702 2616 796 2656 eius
845 2617 1088 2667 discipulos

286 2671 504 2711 referendi
536 2673 637 2712 sint.
696 2673 765 2713 De
797 2673 1083 2714 Charman-

286 2730 415 2769 tida
455 2730 566 2769 nihil
620 2744 810 2782 usquam
857 2732 1097 2772 memoriae

288 2788 499 2827 traditum
514 2793 592 2828 est.
613 2787 930 2841 Clitophon
950 2795 1096 2832 autem

288 2857 380 2884 non
431 2852 578 2896 potest
622 2847 738 2886 idem
793 2860 912 2902 esse,
967 2861 1097 2899 quem

289 2902 1096 2957 AristophanesinRanisOlymp.

296 2958 367 3002 93.
415 2959 458 3002 3.
506 2962 616 3001 actis
673 2976 770 3002 cum
820 2963 1097 3003 Theramene

295 3018 495 3068 copulat,
535 3019 608 3070 qui
651 3018 824 3071 Olymp.
866 3021 935 3062 92.
977 3021 1017 3063 2.
1050 3021 1097 3060 in

296 3075 719 3127 quadringentorum
794 3078 1097 3118 dominatione

295 3132 508 3182 insignem
521 3135 680 3173 ,·locum
701 3135 904 3176 obtinuit.
962 3137 1097 3187 igitur

293 3189 518 3229 fatendum
549 3195 616 3230 est
650 3204 730 3231 nec
772 3193 824 3233 de
854 3193 939 3233 hoc
970 3194 1097 3245 quid-

295 3259 427 3299 quam
458 3249 694 3289 memoriae
729 3251 953 3301 proditum
985 3263 1096 3293 esse.

295 3303 365 3344 De
420 3317 472 3345 eo
520 3306 637 3346 conf.
685 3307 908 3359 dialogum
958 3309 1097 3361 ipsius

295 3362 474 3403 nomine
509 3364 767 3416 inscriptum
811 3371 854 3404 et
898 3366 1015 3407 infra
1054 3380 1095 3419 p.

296 3418 508 3472 340..A.,
539 3421 611 3462 ubi
653 3434 734 3473 pro
768 3421 1097 3475 Thrasymacho

1173 1227 1384 1268 adversus
1404 1226 1737 1268 Polemarchum
1769 1229 1979 1281 disputat.

1226 1285 1315 1324 καὶ
1354 1282 1496 1334 μάλα
1537 1283 1860 1339 πρεσβύτης
1891 1300 1978 1336 μοι

1170 1339 1234 1385 ἑδ
1254 1347 1268 1393 Ι
1277 1343 1552 1410 Euthyphr.
1578 1356 1621 1394 p.
1652 1342 1694 1386 4.
1715 1345 1792 1384 -.Α
1826 1342 1976 1396 τυγχά-

1169 1413 1230 1440 νει
1262 1395 1323 1440 ὢν
1346 1393 1404 1442 εὖ
1435 1397 1544 1450 μάλα
1576 1398 1833 1454 πρεσβύτης.
1867 1403 1976 1443 Par-

1169 1458 1511 1509 menid.p.127
1546 1457 1606 1498 Β.
1641 1457 1912 1528 Παρμενίδην
1941 1455 1986 1501 ει

1169 1512 1276 1564 μάλα
1291 1513 1372 1567 ἤδη
1393 1512 1640 1568 πρεσβύτην
1657 1510 1777 1557 εἶναι.
1798 1517 1975 1558 Deinde

1171 1570 1239 1612 διὰ
1260 1571 1426 1624 χρόνον
1446 1580 1512 1614 est
1545 1574 1850 1616 interiecto
1883 1577 1979 1616 lon-

1170 1643 1226 1682 go
1258 1632 1529 1683 temporis
1571 1633 1982 1684 intervallo,ut

1169 1690 1387 1729 sententia
1428 1690 1536 1730 haec
1577 1690 1659 1732 sit:
1700 1702 1821 1732 nam
1850 1692 1976 1732 mul-

1170 1751 1279 1786 tum
1339 1748 1507 1787 etiam
1565 1753 1778 1800 tempus
1826 1762 1979 1801 prae-

1169 1804 1447 1855 terierat,
1489 1816 1550 1844 ex
1601 1818 1852 1858 quo-eum
1884 1820 1978 1859 po-

1170 1868 1430 1901 stremum
1457 1861 1726 1903 videram:
1747 1864 1890 1904 den'n
1923 1877 1980 1906 es

1170 1931 1280 1959 war
1320 1920 1460 1960 auch
1501 1919 1667 1972 lange
1699 1922 1824 1961 Zeit
1853 1922 1981 1975 her,

1173 1978 1415 2018 seitdem
1457 1976 1549 2017 ich
1590 1976 1683 2018 ihn
1727 1981 1982 2031 gesehen

1174 2035 1342 2075 hatte.
1385 2035 1518 2087 Hipp.
1543 2035 1705 2077 Maior.
1733 2038 1794 2078 in.
1821 2032 1881 2078 ὥς
1912 2034 1981 2078 διὰ

1174 2091 1337 2146 χρόνου
1362 2088 1458 2145 ἡμῖν
1483 2093 1670 2147 κατῆραεἱ
1689 2093 1752 2135 εἰς
1770 2091 1981 2150 τὰςἈθή-

1179 2161 1270 2197 νας,
1307 2151 1383 2190 ubi
1427 2164 1468 2192 v.
1498 2163 1600 2190 ann.
1663 2150 1868 2194 Ceterum
1900 2155 1982 2195 fal-

1175 2210 1281 2249 litur
1320 2209 1389 2248 vir
1434 2209 1618 2259 doctus,
1666 2212 1741 2263 qui
1783 2208 1864 2264 γὰρ
1914 2212 1982 2252 καὶ

1178 2279 1260 2319 pro
1291 2265 1362 2305 καὶ
1395 2262 1476 2319 γάρ
1517 2268 1820 2318 accipiendum
1858 2271 1976 2312 iudi-

1180 2325 1309 2367 cavit,

1231 2381 1282 2425 O.
1343 2380 1596 2434 καθῆστο
1656 2379 1712 2422 δὲ
1765 2382 1982 2437 ἐστεφα-

1173 2437 1343 2489 νωμέν
1357 2452 1379 2478 ο
1395 2439 1458 2492 sn]
1488 2439 1604 2480 Nam
1626 2443 1828 2482 coronati
1849 2445 1984 2484 sacri-

1171 2499 1389 2547 ficabant,
1443 2501 1492 2539 ut
1541 2499 1648 2538 satis
1700 2506 1888 2541 constat.
1928 2525 1983 2533 -

1174 2553 1229 2595 ἐν
1259 2550 1408 2606 αὐλῇ,
1460 2557 1515 2595 in
1561 2556 1855 2609 impluvio,
1907 2561 1984 2612 qui

1174 2619 1268 2654 erat
1318 2614 1441 2653 locus
1490 2614 1536 2653 in
1582 2614 1794 2657 interiore
1860 2624 1985 2669 parte

1174 2672 1350 2712 aedium
1389 2672 1470 2712 sub
1513 2672 1613 2718 dio,
1649 2674 1735 2713 soli
1777 2680 1821 2714 et
1850 2682 1983 2716 vento

1183 2729 1427 2781 expositus.
1486 2729 1690 2770 Habebat
1712 2737 1856 2773 autem
1876 2747 1984 2773 una-

1184 2799 1383 2839 quaeque
1425 2788 1580 2827 domus
1613 2799 1754 2837 aram,
1793 2798 1869 2831 aut
1898 2792 1985 2832 sal-

1180 2851 1268 2885 tem
1300 2845 1458 2895 focum,
1475 2846 1521 2884 in
1545 2857 1632 2896 quo
1656 2859 1782 2888 sacra
1811 2851 1987 2902 privata

1180 2904 1348 2942 fierent.
1392 2902 1646 2954 Xenoph.
1691 2906 1822 2947 Mem.
1862 2907 1984 2956 1,1:

1186 2953 1316 3000 θύων
1346 2972 1388 2999 τε
1418 2956 1499 3012 γὰρ
1535 2958 1729 3012 φανερὸς
1759 2956 1813 3016 ἦν
1831 2962 1984 3004 πολλά-

1182 3029 1247 3058 κις
1277 3014 1353 3066 μὲν
1376 3017 1502 3068 οἴκοι,
1525 3015 1728 3059 πολλάκις
1746 3019 1792 3062 δὲ
1815 3021 1883 3063 ἐπὶ
1904 3024 1987 3062 τῶν

1181 3076 1256 3128 τῆς
1287 3070 1453 3114 πόλεως
1473 3075 1632 3114 κοινῶν
1650 3075 1823 3128 βωμων.
1857 3082 1900 3120 A
1920 3083 1985 3121 ri-

1181 3132 1362 3184 stoph.
1401 3133 1500 3172 Pac.
1517 3146 1562 3172 v.
1581 3131 1692 3179 941:
1727 3134 1751 3177 ὁ
1784 3135 1864 3191 γὰρ
1896 3139 1985 3190 βω·

1180 3187 1262 3241 μὸς
1293 3186 1489 3243 θύραισι.
1536 3190 1564 3228 V
1578 3191 1725 3243 irgil.
1768 3198 1880 3236 Aen.
1920 3197 1982 3238 11.

1180 3266 1220 3291 v.
1252 3247 1351 3292 512.
1385 3248 1694 3292 v.Dorvi11.
1730 3255 1788 3294 ad
1818 3255 1984 3298 Charit.

1181 3322 1220 3361 p
1258 3305 1614 3374 349.ed.Li13s.

1237 3362 1451 3404 ἔκειντο
1513 3360 1606 3416 γὰρ
1662 3390 1719 3397 —
1777 3365 1983 3422 κύκλῳ]

1181 3420 1477 3474 Cogitandum
1516 3427 1582 3462 est
1622 3426 1677 3466 de
1707 3425 1982 3478 hemicyclio,
