2124 3744
340 180 434 228 10ss
943 170 1416 224 PLATONIS

332 326 546 376 ἐκείνων
590 326 737 388 πέρι,
811 316 892 381 οἷς
940 321 1118 373 ταῦτα
1163 323 1328 387 ἔοικε,
1389 318 1487 371 τοῦ
1543 315 1889 387 τετραγώνου
1934 317 2034 372 air-

332 408 432 460 τοῦ
480 410 636 458 ἕνεκα
683 399 812 465 τοὺς
856 400 1058 470 λόγους
1100 401 1424 472 ποιούμενοι
1457 404 1549 455 καὶ
1595 405 1890 471 διαμέτρου
1935 402 2033 456 αὐ-

333 492 446 556 τῆς,
489 486 635 542 αλλ’
656 485 722 541 οὐ
770 483 991 552 ταύτης,
1035 483 1105 552 ἢν
1151 486 1447 559 γράφουσι,
1494 506 1584 539 και
1630 479 1809 539 τᾶλλα
1837 482 2033 550 οὕτως,

332 594 478 627 “vta
531 591 633 641 μεν
675 573 873 633 ταῦτα,
918 567 955 623 ἃ
1002 571 1312 625 πλαΐΐουσι
1351 588 1406 622 ts
1454 573 1545 623 καὶ
1585 569 1913 643 γράφουσιν,
1959 563 2036 623 ὧν
2067 614 2075 619 .

332 660 424 711 καὶ
471 658 618 709 σκιαὶ
661 657 752 708 καὶ
798 659 855 707 ἐν
898 652 1096 709 ὕδασιν
1142 653 1344 717 εἰκόνες
1392 657 1505 717 εισί,
1549 652 1775 715 τούτοις
1818 658 1918 723 μὲν
1966 651 2037 716 ὡς·

334 738 536 795 εἰκόσιν
583 727 656 793 αἶ·
697 735 991 808 χρώμενοι,
1038 741 1328 804 ζητοῦντες
1372 740 1428 792 δὲ
1474 735 1621 790 αὐτοὶ
1654 744 1831 791 ἐκεῖνα
1886 740 2036 801 ἰδεῖν,

336 821 371 878 ἃ
431 823 532 879 οὐκ
590 820 663 876 ἂν
719 819 898 886 ἄλλως
955 823 1062 877 ἰ’δοι
1130 844 1214 886 τις
1263 818 1294 888 ἢ
1354 824 1418 897 τῇ
1476 823 1717 892 διανοίᾳ.
1794 820 2036 887 Ἀληθῆ,

335 913 458 982 ἔφη,
503 911 690 975 λὲγεις.
780 902 918 983 Cap.
973 903 1140 961 XXI.
1227 908 1409 961 Ίόῦτο
1454 910 1644 959 τοίνυν
1690 904 1896 972 νοητὸν
1937 909 2039 973 μὲν

335 991 398 1046 τὸ
447 990 588 1055 εἶδος
634 993 852 1059 ἔλεγον,
896 989 1206 1046 ὑποθέσεσι
1250 990 1300 1046 δ’
1353 989 1809 1059 ἀναγκαζομένην
1851 986 2039 1065 ψυχὴν

329 1079 590 1147 χρῆσθαι
633 1078 756 1145 περὶ
803 1072 905 1140 τὴν
949 1074 1174 1142 ζήτησιν
1218 1074 1412 1138 αὐτοῦ,
1461 1072 1561 1127 οὐκ
1587 1073 1659 1128 ἐπ’
1701 1070 1882 1143 ἀρχὴν
1924 1076 2038 1128 ἰοῦ-

336 1179 471 1226 σαν,
515 1158 590 1224 ὡς
649 1158 714 1213 οὐ
770 1161 1080 1229 δυναμένην
1127 1162 1236 1213 τῶν
1279 1157 1609 1213 ὑποθέσεων
1654 1157 1909 1228 ἀνωτέρω
1957 1164 2040 1210 ἐκ-

451 1353 501 1397 Ε.
536 1354 621 1393 καὶ
654 1351 708 1393 ἐν
739 1351 967 1407 ὕδασιν]
1003 1354 1071 1393 καὶ
1102 1366 1187 1394 om.
1223 1358 1314 1393 vat.
1350 1366 1404 1394 m.

448 1412 741 1464 ζητοῦντες
771 1409 826 1451 δὲ
857 1409 1024 1465 αὐτά]
1060 1413 1112 1451 V.
1147 1425 1199 1459 τε,
1230 1410 1343 1463 quod
1378 1421 1431 1450 ex
1451 1409 1609 1461 Angel.
1643 1415 1685 1450 et
1719 1410 1838 1450 Flor.
1872 1423 1913 1452 x.
1946 1422 2039 1450 mu-

332 1470 419 1510 tavi
451 1469 506 1510 de
536 1469 767 1510 Benedicti
800 1470 1062 1511 coniectura.
1124 1468 1376 1509 Tenuerunt
1421 1471 1564 1508 tamen
1606 1469 1706 1508 vulu
1681 1474 1822 1520 gatam
1857 1468 2041 1520 scriptu-

335 1541 427 1569 ram
462 1528 612 1580 nuperi
647 1526 852 1575 editores,
884 1525 1175 1569 anacoluthon
1207 1529 1464 1566 statuentes.

453 1585 559 1638 Cap.
593 1583 713 1628 XXl.
731 1585 784 1628 P.
802 1585 902 1629 511.
942 1584 1117 1625 Τοῦτο
1152 1587 1344 1624 τοίνυν
1378 1577 1588 1635 νοητὸν
1618 1581 1740 1632 μέν]
1774 1582 1830 1622 V.
1867 1583 2042 1635 ιοητοῦ,

334 1642 449 1694 qnod
488 1656 541 1684 ex
571 1642 677 1686 Par.
709 1644 757 1683 Α.
790 1643 903 1688 Ven
939 1643 983 1686 Ξ
1023 1643 1176 1696 Augei.
1213 1642 1309 1683 Vat.
1342 1654 1399 1682 ιιι.
1434 1641 1553 1682 Flor.
1586 1654 1623 1683 a
1657 1653 1691 1682 c.
1726 1652 1766 1681 x.
1800 1652 1838 1679 α.
1874 1654 1911 1692 γ.
1946 1654 2040 1681 ιιιιι-

336 1701 537 1744 tavimus.
571 1714 608 1740 v.
641 1705 786 1743 annot.

337 1874 552 1914 absolutis
584 1877 628 1913 et
658 1884 737 1924 per
766 1884 814 1913 se
836 1873 1150 1914 constantibus.

337 1931 578 1972 Versantur
611 1931 721 1982 enim
768 1930 1021 1984 disciplinae
1058 1944 1148 1973 ma-

339 1988 604 2031 thematicae
634 1989 681 2028 in
714 1988 869 2029 formis
899 2000 1043 2030 rerum
1068 1989 1144 2030 ab·

340 2046 515 2088 stractis

339 2103 528 2147 scendis.

397 2161 449 2202 Ε.
518 2157 657 2200 αὐτὰ
719 2162 808 2212 μὲν
853 2164 1061 2210 ταῦτα,
1116 2156 1144 2200 ἓ

338 2216 688 2269 πλάττουσι]
720 2216 904 2258 Notabis
941 2219 1145 2259 anacolu-

341 2276 445 2318 thon
477 2280 567 2327 aut,
585 2275 621 2315 si
644 2276 795 2324 mavis,
817 2276 1145 2316 attractionem.

342 2346 440 2375 nam
475 2333 651 2386 proprie
683 2332 911 2374 dicendum
943 2333 1048 2375 fuit·
1073 2332 1148 2371 καὶ

346 2384 475 2432 τᾶλλα
502 2388 685 2462 uov'tws,
735 2384 886 2436 αὐτοῖς
932 2393 1007 2443 μὲν
1043 2388 1149 2430 τού-

341 2463 457 2500 τοις,
497 2445 526 2489 α’
567 2446 831 2488 πλάττουσιν
869 2471 949 2499 ——‚
992 2445 1048 2493 ὡς
1088 2448 1148 2487 εἰ·

340 2504 461 2548 κόσιν
499 2510 554 2547 αὖ
600 2503 818 2560 χρώμενοι
858 2521 894 2548 κ,
926 2521 965 2548 τ.
997 2506 1034 2546 λ.
1083 2505 1151 2548 Cf.

340 2563 636 2606 Heindorf.
687 2561 742 2603 ad
793 2562 1054 2614 Euthydem.
1107 2577 1149 2615 p.

339 2621 459 2672 332„
481 2621 682 2665 Buttm
699 2619 778 2662 Gr.
804 2620 843 2670 §-
864 2620 964 2672 151,
987 2621 1028 2665 4.
1058 2621 1150 2660 Ita-

341 2692 424 2733 que
456 2677 581 2720 facile
613 2682 818 2731 apparet,
863 2691 939 2720 cur
970 2678 1151 2723 τούτοις

343 2749 442 2778 cum
474 2740 551 2790 μέν
581 2738 783 2783 iteratum
818 2734 887 2780 sit.

405 2792 1022 2848 Cap.xXI.P.511.Toffzo
1043 2793 1150 2833 τοί-

344 2866 437 2894 νυν
470 2875 523 2882 -
555 2850 783 2905 ἔλεγον]
827 2852 943 2893 Hoc
978 2852 1151 2904 igitur

344 2910 724 2963 intelligibile
791 2909 999 2961 quidem
1067 2921 1151 2960 ge-

345 2980 445 3011 nus
486 2966 888 3014 dicebam,.sed
929 2967 986 3007 in
1030 2966 1150 3007 eius

347 3024 789 3078 investigatione
810 3024 1044 3067 animum
1065 3035 1150 3065 co-

348 3082 399 3134 gi
474 3083 557 3123 uti
631 3081 1151 3135 suppositionibus,

349 3151 449 3179 non
500 3143 716 3182 euntem
775 3138 836 3180 ad
890 3137 1152 3193 principi-

350 3209 458 3248 um,
499 3203 554 3238 ut
590 3197 680 3249 qni
714 3195 1150 3249 ultrasssupposi·

346 3257 531 3296 tiones
564 3254 870 3298 escendere
901 3266 1002 3296 non
1031 3264 1150 3307 pos·

347 3311 434 3354 sit.
465 3310 578 3353 conf.
609 3325 649 3364 p.
679 3311 781 3355 510.
810 3312 864 3354 B.
914 3309 1149 3357 Enimvero

348 3369 529 3410 iteratur
578 3367 643 3409 his
702 3370 847 3415 verbis
891 3367 1148 3422 cognitionis

349 3424 678 3470 mathematicae
709 3426 963 3480 descriptio.

567 2050 611 2086 et
657 2046 931 2099 generalibus
984 2058 1146 2099 cogno-

1293 1867 1472 1911 εἰκόσι
1501 1870 1560 1910 δὲ
1588 1869 1941 1923 χρωμένην-
1967 1882 2040 1907 τε·

1235 1945 1259 1969 τ
1273 1944 1285 1967 ι
1300 1942 1405 1981 μημ
1419 1931 1503 1969 ένο
1519 1944 1533 1966 ι
1548 1928 1596 1980 ς]
1662 1925 1888 1966 Pertinent
1939 1924 2044 1967 haec

1234 1999 1410 2039 quoque
1440 1985 1496 2025 ad
1531 1984 1868 2026 mathematicae
1892 1984 2043 2036 cogni-

1233 2044 1365 2084 tionis
1403 2042 1595 2084 rationes
1628 2042 1771 2083 denuo
1820 2042 2042 2084 illustran-

1233 2101 1325 2143 das.
1368 2099 1583 2143 Quocirca
1605 2100 1772 2140 animus
1803 2098 1946 2140 denno
1977 2099 2042 2138 di·

1222 2160 1343 2200 'citur
1385 2159 1424 2198 in
1458 2158 1530 2198 tali
1565 2161 1704 2211 ιοητῶ
1739 2155 2043 2208 investigando

1234 2217 1294 2257 uti
1327 2228 1411 2256 non
1452 2215 1585 2256 modo
1631 2214 1783 2261 αυτοῖς
1821 2218 1912 2262 τοῖς
1950 2210 2043 2255 ὑπο

1232 2278 1314 2314 τῶν
1333 2271 1449 2313 κάτω
1466 2271 1791 2323 ἆπεικασθεῖσι,
1814 2271 1890 2312 sed
1913 2271 2043 2312 etnam

1232 2331 1406 2376 ἐκείνοις
1434 2328 1543 2383 πρὸς
1579 2333 1714 2370 ἐκεῖνα
1760 2326 1816 2374 ὥς
1848 2327 2045 2383 ἐναργέσι

2115 294 2124 436 .-----.·ιιΓ
2120 274 2124 286 ..

1234 2388 1561 2440 δεδοξασμένοις
1607 2402 1652 2426 τε
1693 2385 1766 2426 καὶ
1813 2389 2044 2440 τετιμημέ-
2122 2438 2124 2442 Ι

1233 2460 1335 2495 νοις.
1386 2444 1594 2486 Videntur
1626 2449 1770 2485 autem
1804 2444 1930 2485 nobis
1962 2442 2042 2483 αὗ-

1235 2501 1286 2544 τὰ
1321 2502 1372 2542 τὰ
1395 2500 1487 2543 ὑπὸ
1511 2507 1594 2543 τῶν
1616 2499 1732 2542 κάτω
1755 2495 2042 2542 α’πεικασθέν-

1235 2576 1288 2602 τα
1321 2573 1442 2602 esset
1484 2559 1698 2602 formae
1738 2566 1907 2600 rerum
1953 2558 2045 2600 ad-

1236 2617 1636 2671 spectabilium
1713 2617 2044 2668 intelligibi-

1237 2677 1334 2726 les,
1359 2676 1448 2716 sire
1483 2675 1798 2717 abstractae
1817 2674 2042 2726 abipsis

1235 2734 1401 2774 rebus
1442 2739 1494 2775 et
1528 2745 1629 2773 una
1662 2732 1863 2773 mentis
1893 2732 2043 2783 cogi-

1236 2792 1454 2832 tatione
1505 2794 1845 2841 conceptae,
1903 2801 2043 2839 quae

1238 2859 1264 2888 a
1304 2849 1469 2889 rebus
1506 2846 1871 2890 inferioribus
1907 2846 1960 2896 (i.
2004 2861 2042 2889 e..

1237 2905 1487 2959 concretis)
1538 2909 1806 2956 tamquam
1851 2902 2041 2944 simili-

1238 2963 1431 3004 tudine
1507 2973 1813 3014 expressae
1903 2968 2041 3005 sunt.

1239 3021 1459 3065 Quorsum
1497 3018 1743 3072 pertinebat
1775 3018 1936 3059 memio
1962 3018 2041 3058 αὐ-

1238 3081 1320 3119 τοῦ
1366 3081 1448 3118 τοῦ
1495 3074 1766 3131 τετραγώνου
1817 3078 1861 3118 et
1906 3091 1958 3115 αι
1947 3093 2043 3128 της

1237 3138 1315 3187 τῆς
1338 3134 1586 3188 διαμέτρου
1618 3147 1659 3186 Ρ.
1676 3133 1776 3176 510
1795 3133 1846 3174 D.
1871 3133 2040 3174 iniecta.

1239 3191 1364 3241 Quae
1381 3195 1526 3232 antem
1546 3190 1746 3231 dicuntur
1771 3189 1883 3245 πρὸς
1907 3190 2042 3230 ἐκεῖνα

1234 3246 1290 3295 ὥς
1348 3249 1506 3301 ἐναργῆ
1565 3247 1875 3301 δεδοξασμένα,
1943 3254 2041 3291 sunt

1233 3306 1388 3358 ipsae
1418 3317 1506 3346 res
1537 3305 1802 3347 visibiles
1837 3318 2040 3347 earum-

1233 3362 1672 3416 que‘imagines‚
1715 3376 1826 3416 quae
1863 3362 1917 3404 ad
1961 3364 2041 3404 ab·

1240 3424 1426 3462 stractas
1466 3433 1608 3463 rerum
1649 3421 1811 3462 formas
1864 3433 2040 3472 compa-
