<?xml version="1.0" encoding="UTF-8"?>
<!DOCTYPE html PUBLIC "-//W3C//DTD XHTML 1.0 Transitional//EN"
    "http://www.w3.org/TR/xhtml1/DTD/xhtml1-transitional.dtd">
<html xmlns="http://www.w3.org/1999/xhtml" xml:lang="en" lang="en">
 <head>
  <title>
</title>
<meta http-equiv="Content-Type" content="text/html;charset=utf-8" />
  <meta name='ocr-system' content='tesseract 3.04.00' />
  <meta name='ocr-capabilities' content='ocr_page ocr_carea ocr_par ocr_line ocrx_word'/>
</head>
<body>
  <div class='ocr_page' id='page_1' title='image "./operaomniarecens03platuoft/operaomniarecens03platuoft_0290.png"; bbox 0 0 2098 3658; ppageno 0'>
   <div class='ocr_carea' id='block_1_1' title="bbox 341 201 1409 261">
    <p class='ocr_par' dir='ltr' id='par_1_1' title="bbox 341 201 1409 261">
     <span class='ocr_line' id='line_1_1' title="bbox 341 201 1409 261; baseline -0.005 0"><span class='ocrx_word' id='word_1_1' title='bbox 341 212 431 261; x_wconf 66' lang='lat'><strong>1425</strong></span> <span class='ocrx_word' id='word_1_2' title='bbox 934 201 1409 256; x_wconf 71' lang='lat' dir='ltr'><strong>PLATONIS</strong></span> 
     </span>
    </p>
   </div>
   <div class='ocr_carea' id='block_1_2' title="bbox 326 348 2033 1008">
    <p class='ocr_par' dir='ltr' id='par_1_2' title="bbox 326 348 2033 1008">
     <span class='ocr_line' id='line_1_2' title="bbox 1031 348 2032 420; baseline 0.005 -18"><span class='ocrx_word' id='word_1_3' title='bbox 1031 354 1291 420; x_wconf 73' lang='grc' dir='ltr'><em>στρεπτοὶ</em></span> <span class='ocrx_word' id='word_1_4' title='bbox 1337 353 1391 406; x_wconf 76' lang='grc' dir='ltr'><strong>δέ</strong></span> <span class='ocrx_word' id='word_1_5' title='bbox 1437 371 1491 404; x_wconf 83' lang='grc' dir='ltr'><strong>τε</strong></span> <span class='ocrx_word' id='word_1_6' title='bbox 1538 352 1628 404; x_wconf 74' lang='grc' dir='ltr'><strong>καὶ</strong></span> <span class='ocrx_word' id='word_1_7' title='bbox 1679 352 1806 406; x_wconf 69' lang='grc' dir='ltr'><em>θεοὶ</em></span> <span class='ocrx_word' id='word_1_8' title='bbox 1851 348 2032 416; x_wconf 83' lang='grc' dir='ltr'><em>αὐτοί,</em></span> 
     </span>
     <span class='ocr_line' id='line_1_3' title="bbox 502 429 1964 503; baseline 0 -15"><span class='ocrx_word' id='word_1_9' title='bbox 502 437 594 489; x_wconf 79' lang='grc' dir='ltr'><strong>καὶ</strong></span> <span class='ocrx_word' id='word_1_10' title='bbox 638 429 770 495; x_wconf 79' lang='grc' dir='ltr'><em>τοὺς</em></span> <span class='ocrx_word' id='word_1_11' title='bbox 810 434 910 502; x_wconf 82' lang='grc' dir='ltr'><em>μὲν</em></span> <span class='ocrx_word' id='word_1_12' title='bbox 961 435 1217 489; x_wconf 65' lang='grc' dir='ltr'><em>θυσίαισι</em></span> <span class='ocrx_word' id='word_1_13' title='bbox 1255 438 1346 488; x_wconf 82' lang='grc' dir='ltr'><strong>καὶ</strong></span> <span class='ocrx_word' id='word_1_14' title='bbox 1391 433 1653 503; x_wconf 82' lang='grc' dir='ltr'><em>εὐχωλαῖς</em></span> <span class='ocrx_word' id='word_1_15' title='bbox 1693 433 1964 499; x_wconf 77' lang='grc' dir='ltr'><em>ἀγαναῖσι</em></span> 
     </span>
     <span class='ocr_line' id='line_1_4' title="bbox 505 515 1874 593; baseline 0 -21"><span class='ocrx_word' id='word_1_16' title='bbox 505 517 666 593; x_wconf 77' lang='grc' dir='ltr'><em>λοιβῇ</em></span> <span class='ocrx_word' id='word_1_17' title='bbox 714 536 768 570; x_wconf 81' lang='grc' dir='ltr'><strong>τε</strong></span> <span class='ocrx_word' id='word_1_18' title='bbox 818 518 972 591; x_wconf 79' lang='grc' dir='ltr'><em>κνίσῃ</em></span> <span class='ocrx_word' id='word_1_19' title='bbox 1016 538 1071 570; x_wconf 81' lang='grc' dir='ltr'><strong>τε</strong></span> <span class='ocrx_word' id='word_1_20' title='bbox 1117 516 1516 587; x_wconf 71' lang='grc' dir='ltr'><em>παρατρωπῶό</em></span> <span class='ocrx_word' id='word_1_21' title='bbox 1567 515 1874 587; x_wconf 72' lang='grc' dir='ltr'><em>ἄνθρωποι</em></span> 
     </span>
     <span class='ocr_line' id='line_1_5' title="bbox 495 596 1947 677; baseline -0.001 -22"><span class='ocrx_word' id='word_1_22' title='bbox 495 601 834 671; x_wconf 78' lang='grc' dir='ltr'><em>λισσόμενοι,</em></span> <span class='ocrx_word' id='word_1_23' title='bbox 880 596 971 654; x_wconf 84' lang='grc' dir='ltr'><strong>ὅτε</strong></span> <span class='ocrx_word' id='word_1_24' title='bbox 1015 606 1103 654; x_wconf 80' lang='grc' dir='ltr'><em>κέν</em></span> <span class='ocrx_word' id='word_1_25' title='bbox 1146 623 1228 665; x_wconf 80' lang='grc' dir='ltr'><strong>τις</strong></span> <span class='ocrx_word' id='word_1_26' title='bbox 1271 600 1520 677; x_wconf 77' lang='grc' dir='ltr'><em>ὑπερβήῃ</em></span> <span class='ocrx_word' id='word_1_27' title='bbox 1568 605 1659 655; x_wconf 84' lang='grc' dir='ltr'><strong>καὶ</strong></span> <span class='ocrx_word' id='word_1_28' title='bbox 1704 599 1947 677; x_wconf 73' lang='grc' dir='ltr'><strong>ἁμάρτῃ.</strong></span> 
     </span>
     <span class='ocr_line' id='line_1_6' title="bbox 327 682 2029 759; baseline 0 -21"><span class='ocrx_word' id='word_1_29' title='bbox 327 687 539 754; x_wconf 79' lang='grc' dir='ltr'><em>βίβλων</em></span> <span class='ocrx_word' id='word_1_30' title='bbox 580 687 636 738; x_wconf 83' lang='grc' dir='ltr'><strong>δὲ</strong></span> <span class='ocrx_word' id='word_1_31' title='bbox 683 682 900 754; x_wconf 86' lang='grc' dir='ltr'><em>ὅμαδον</em></span> <span class='ocrx_word' id='word_1_32' title='bbox 946 691 1279 755; x_wconf 79' lang='grc' dir='ltr'><em>παρέχονται</em></span> <span class='ocrx_word' id='word_1_33' title='bbox 1320 689 1617 740; x_wconf 87' lang='grc' dir='ltr'><em>Μουσαίου</em></span> <span class='ocrx_word' id='word_1_34' title='bbox 1662 689 1752 739; x_wconf 85' lang='grc' dir='ltr'><strong>καὶ</strong></span> <span class='ocrx_word' id='word_1_35' title='bbox 1774 684 2029 759; x_wconf 74' lang='grc' dir='ltr'><em>Ὀρφέως,</em></span> 
     </span>
     <span class='ocr_line' id='line_1_7' title="bbox 328 766 2032 844; baseline -0.001 -21"><span class='ocrx_word' id='word_1_36' title='bbox 328 767 588 836; x_wconf 73' lang='grc' dir='ltr'><em>Σελήνης</em></span> <span class='ocrx_word' id='word_1_37' title='bbox 630 789 685 822; x_wconf 77' lang='grc' dir='ltr'><strong>τε</strong></span> <span class='ocrx_word' id='word_1_38' title='bbox 729 769 823 822; x_wconf 85' lang='grc' dir='ltr'><strong>καὶ</strong></span> <span class='ocrx_word' id='word_1_39' title='bbox 869 769 1117 823; x_wconf 82' lang='grc' dir='ltr'><em>Μουσῶν</em></span> <span class='ocrx_word' id='word_1_40' title='bbox 1162 768 1419 838; x_wconf 78' lang='grc' dir='ltr'><em>ἐγγόνων,</em></span> <span class='ocrx_word' id='word_1_41' title='bbox 1465 767 1538 833; x_wconf 85' lang='grc' dir='ltr'><strong>ὥς</strong></span> <span class='ocrx_word' id='word_1_42' title='bbox 1583 789 1738 844; x_wconf 80' lang='grc' dir='ltr'><em>φασι,</em></span> <span class='ocrx_word' id='word_1_43' title='bbox 1783 768 1915 823; x_wconf 66' lang='grc' dir='ltr'><strong>καθ’</strong></span> <span class='ocrx_word' id='word_1_44' title='bbox 1963 766 2032 832; x_wconf 80' lang='grc' dir='ltr'><strong>ἃς</strong></span> 
     </span>
     <span class='ocr_line' id='line_1_8' title="bbox 326 850 2033 924; baseline 0.001 -19"><span class='ocrx_word' id='word_1_45' title='bbox 326 854 721 919; x_wconf 66' lang='grc' dir='ltr'><em>θυηπολοῦσι,</em></span> <span class='ocrx_word' id='word_1_46' title='bbox 767 854 1067 915; x_wconf 77' lang='grc' dir='ltr'><em>πείθοντες</em></span> <span class='ocrx_word' id='word_1_47' title='bbox 1110 851 1176 907; x_wconf 82' lang='grc' dir='ltr'><strong>οὐ</strong></span> <span class='ocrx_word' id='word_1_48' title='bbox 1227 853 1406 924; x_wconf 86' lang='grc' dir='ltr'><em>μόνον</em></span> <span class='ocrx_word' id='word_1_49' title='bbox 1451 853 1705 916; x_wconf 74' lang='grc' dir='ltr'><em>ἰδιώτας,</em></span> <span class='ocrx_word' id='word_1_50' title='bbox 1747 850 1893 907; x_wconf 78' lang='grc' dir='ltr'><em>ἀλλὰ</em></span> <span class='ocrx_word' id='word_1_51' title='bbox 1939 855 2033 907; x_wconf 85' lang='grc' dir='ltr'><strong>καὶ</strong></span> 
     </span>
     <span class='ocr_line' id='line_1_9' title="bbox 327 932 2032 1008; baseline 0 -17"><span class='ocrx_word' id='word_1_52' title='bbox 327 933 544 1002; x_wconf 83' lang='grc' dir='ltr'><em>πόλεις,</em></span> <span class='ocrx_word' id='word_1_53' title='bbox 595 933 669 999; x_wconf 81' lang='grc' dir='ltr'><strong>ὡς</strong></span> <span class='ocrx_word' id='word_1_54' title='bbox 711 932 824 1006; x_wconf 79' lang='grc' dir='ltr'><strong>ἄρα</strong></span> <span class='ocrx_word' id='word_1_55' title='bbox 867 932 1047 999; x_wconf 81' lang='grc' dir='ltr'><em>λύσεις</em></span> <span class='ocrx_word' id='word_1_56' title='bbox 1093 957 1148 991; x_wconf 79' lang='grc' dir='ltr'><strong>τε</strong></span> <span class='ocrx_word' id='word_1_57' title='bbox 1191 940 1284 991; x_wconf 78' lang='grc' dir='ltr'><strong>καὶ</strong></span> <span class='ocrx_word' id='word_1_58' title='bbox 1329 940 1626 1008; x_wconf 79' lang='grc' dir='ltr'><em>καθαρμοὶ</em></span> <span class='ocrx_word' id='word_1_59' title='bbox 1669 934 2032 1006; x_wconf 78' lang='grc' dir='ltr'><em>ἀδικημάτων</em></span> 
     </span>
    </p>
   </div>
   <div class='ocr_carea' id='block_1_3' title="bbox 326 1098 2030 1267">
    <p class='ocr_par' dir='ltr' id='par_1_3' title="bbox 326 1098 2030 1267">
     <span class='ocr_line' id='line_1_10' title="bbox 441 1098 2030 1154; baseline 0.001 -14"><span class='ocrx_word' id='word_1_60' title='bbox 441 1100 497 1140; x_wconf 88' lang='lat' dir='ltr'><strong>D.</strong></span> <span class='ocrx_word' id='word_1_61' title='bbox 531 1099 790 1151; x_wconf 71' lang='grc' dir='ltr'><em>στρεπτοὶ</em></span> <span class='ocrx_word' id='word_1_62' title='bbox 820 1100 878 1141; x_wconf 69' lang='grc' dir='ltr'><strong>δέ</strong></span> <span class='ocrx_word' id='word_1_63' title='bbox 903 1115 959 1139; x_wconf 73' lang='grc' dir='ltr'><strong>τε</strong></span> <span class='ocrx_word' id='word_1_64' title='bbox 991 1099 1079 1138; x_wconf 77' lang='grc' dir='ltr'><strong>καὶ</strong></span> <span class='ocrx_word' id='word_1_65' title='bbox 1114 1101 1190 1153; x_wconf 73' lang='grc'><strong>9.]</strong></span> <span class='ocrx_word' id='word_1_66' title='bbox 1259 1101 1402 1153; x_wconf 71' lang='lat' dir='ltr'><strong>Vulgo</strong></span> <span class='ocrx_word' id='word_1_67' title='bbox 1434 1098 1635 1153; x_wconf 78' lang='grc' dir='ltr'><em>στρεπτοὶ</em></span> <span class='ocrx_word' id='word_1_68' title='bbox 1666 1099 1716 1140; x_wconf 75' lang='grc' dir='ltr'><strong>δέ</strong></span> <span class='ocrx_word' id='word_1_69' title='bbox 1742 1115 1787 1152; x_wconf 74' lang='grc' dir='ltr'><strong>γε</strong></span> <span class='ocrx_word' id='word_1_70' title='bbox 1818 1116 1881 1151; x_wconf 60' lang='lat' dir='ltr'><strong>m,</strong></span> <span class='ocrx_word' id='word_1_71' title='bbox 1910 1102 2030 1154; x_wconf 86' lang='lat' dir='ltr'><strong>quod</strong></span> 
     </span>
     <span class='ocr_line' id='line_1_11' title="bbox 327 1156 2025 1211; baseline 0.001 -14"><span class='ocrx_word' id='word_1_72' title='bbox 327 1171 381 1198; x_wconf 89' lang='lat' dir='ltr'><strong>ex</strong></span> <span class='ocrx_word' id='word_1_73' title='bbox 414 1158 515 1198; x_wconf 85' lang='lat' dir='ltr'><strong>Par.</strong></span> <span class='ocrx_word' id='word_1_74' title='bbox 547 1157 711 1198; x_wconf 77' lang='grc' dir='ltr'><strong>ΑΒΚ.</strong></span> <span class='ocrx_word' id='word_1_75' title='bbox 754 1159 855 1198; x_wconf 88' lang='lat' dir='ltr'><strong>Vat.</strong></span> <span class='ocrx_word' id='word_1_76' title='bbox 892 1156 944 1197; x_wconf 88' lang='grc' dir='ltr'><strong>Θ.</strong></span> <span class='ocrx_word' id='word_1_77' title='bbox 980 1163 1084 1198; x_wconf 78' lang='lat' dir='ltr'><strong>ven.</strong></span> <span class='ocrx_word' id='word_1_78' title='bbox 1117 1156 1216 1198; x_wconf 88' lang='grc' dir='ltr'><strong>ΞΠ.</strong></span> <span class='ocrx_word' id='word_1_79' title='bbox 1248 1159 1369 1199; x_wconf 82' lang='grc' dir='ltr'><strong>Μοη.</strong></span> <span class='ocrx_word' id='word_1_80' title='bbox 1402 1158 1627 1210; x_wconf 81' lang='lat' dir='ltr'><strong>Ang.Vat.</strong></span> <span class='ocrx_word' id='word_1_81' title='bbox 1661 1171 1715 1199; x_wconf 90' lang='lat' dir='ltr'><strong>m.</strong></span> <span class='ocrx_word' id='word_1_82' title='bbox 1749 1158 1870 1198; x_wconf 85' lang='lat' dir='ltr'><strong>Flor.</strong></span> <span class='ocrx_word' id='word_1_83' title='bbox 1903 1171 1945 1201; x_wconf 76' lang='lat' dir='ltr'>X.</span> <span class='ocrx_word' id='word_1_84' title='bbox 1979 1162 2025 1211; x_wconf 79' lang='grc' dir='ltr'><strong>β.</strong></span> 
     </span>
     <span class='ocr_line' id='line_1_12' title="bbox 326 1215 2027 1267; baseline 0 -11"><span class='ocrx_word' id='word_1_85' title='bbox 326 1217 590 1256; x_wconf 76' lang='lat' dir='ltr'><strong>mutavimus</strong></span> <span class='ocrx_word' id='word_1_86' title='bbox 624 1215 825 1256; x_wconf 84' lang='lat' dir='ltr'><strong>Bekkero</strong></span> <span class='ocrx_word' id='word_1_87' title='bbox 858 1222 1110 1267; x_wconf 85' lang='lat' dir='ltr'><strong>praeeunte,</strong></span> <span class='ocrx_word' id='word_1_88' title='bbox 1141 1222 1188 1255; x_wconf 87' lang='lat' dir='ltr'><strong>ut</strong></span> <span class='ocrx_word' id='word_1_89' title='bbox 1219 1218 1481 1263; x_wconf 76' lang='lat' dir='ltr'><strong>nesciamus,</strong></span> <span class='ocrx_word' id='word_1_90' title='bbox 1516 1229 1592 1256; x_wconf 83' lang='lat' dir='ltr'><strong>cur</strong></span> <span class='ocrx_word' id='word_1_91' title='bbox 1622 1215 1770 1256; x_wconf 88' lang='lat' dir='ltr'><strong>Herm.</strong></span> <span class='ocrx_word' id='word_1_92' title='bbox 1807 1228 1888 1256; x_wconf 88' lang='lat' dir='ltr'><strong>nos</strong></span> <span class='ocrx_word' id='word_1_93' title='bbox 1921 1216 2027 1256; x_wconf 88' lang='lat' dir='ltr'><strong>scri·</strong></span> 
     </span>
    </p>
   </div>
   <div class='ocr_carea' id='block_1_4' title="bbox 322 1272 2027 1385">
    <p class='ocr_par' dir='ltr' id='par_1_4' title="bbox 322 1272 2027 1385">
     <span class='ocr_line' id='line_1_13' title="bbox 324 1272 2027 1325; baseline 0 -11"><span class='ocrx_word' id='word_1_94' title='bbox 324 1274 464 1325; x_wconf 83' lang='lat' dir='ltr'><strong>pserit</strong></span> <span class='ocrx_word' id='word_1_95' title='bbox 494 1273 724 1312; x_wconf 84' lang='lat' dir='ltr'><strong>Platonem</strong></span> <span class='ocrx_word' id='word_1_96' title='bbox 757 1285 811 1312; x_wconf 81' lang='lat' dir='ltr'><strong>ex</strong></span> <span class='ocrx_word' id='word_1_97' title='bbox 845 1273 1039 1313; x_wconf 80' lang='lat' dir='ltr'>Homero</span> <span class='ocrx_word' id='word_1_98' title='bbox 1072 1275 1392 1314; x_wconf 86' lang='lat' dir='ltr'><strong>emendavisse.</strong></span> <span class='ocrx_word' id='word_1_99' title='bbox 1450 1272 1552 1312; x_wconf 90' lang='lat' dir='ltr'><strong>Nisi</strong></span> <span class='ocrx_word' id='word_1_100' title='bbox 1584 1273 1698 1312; x_wconf 81' lang='lat' dir='ltr'><strong>forte</strong></span> <span class='ocrx_word' id='word_1_101' title='bbox 1729 1274 1943 1324; x_wconf 70' lang='lat' dir='ltr'><strong>cogitavit</strong></span> <span class='ocrx_word' id='word_1_102' title='bbox 1972 1274 2027 1314; x_wconf 87' lang='lat' dir='ltr'><strong>de</strong></span> 
     </span>
     <span class='ocr_line' id='line_1_14' title="bbox 322 1329 2024 1385; baseline 0 -15"><span class='ocrx_word' id='word_1_103' title='bbox 322 1331 639 1383; x_wconf 80' lang='lat' dir='ltr'><strong>dittographia.</strong></span> <span class='ocrx_word' id='word_1_104' title='bbox 671 1329 785 1370; x_wconf 88' lang='lat' dir='ltr'><strong>Nam</strong></span> <span class='ocrx_word' id='word_1_105' title='bbox 822 1330 920 1371; x_wconf 84' lang='lat' dir='ltr'><strong>Par.</strong></span> <span class='ocrx_word' id='word_1_106' title='bbox 951 1331 1010 1370; x_wconf 90' lang='lat' dir='ltr'><strong>A.</strong></span> <span class='ocrx_word' id='word_1_107' title='bbox 1047 1330 1139 1371; x_wconf 81' lang='lat' dir='ltr'><strong>Vat.</strong></span> <span class='ocrx_word' id='word_1_108' title='bbox 1177 1330 1230 1371; x_wconf 86' lang='grc' dir='ltr'><strong>Θ.</strong></span> <span class='ocrx_word' id='word_1_109' title='bbox 1267 1331 1391 1372; x_wconf 82' lang='lat' dir='ltr'><strong>Vind.</strong></span> <span class='ocrx_word' id='word_1_110' title='bbox 1425 1333 1478 1370; x_wconf 85' lang='grc' dir='ltr'><strong>Φ.</strong></span> <span class='ocrx_word' id='word_1_111' title='bbox 1511 1331 1613 1371; x_wconf 82' lang='lat' dir='ltr'><strong>Vat.</strong></span> <span class='ocrx_word' id='word_1_112' title='bbox 1644 1342 1680 1369; x_wconf 88' lang='lat' dir='ltr'><strong>r.</strong></span> <span class='ocrx_word' id='word_1_113' title='bbox 1713 1329 1835 1370; x_wconf 88' lang='lat' dir='ltr'><strong>Flor.</strong></span> <span class='ocrx_word' id='word_1_114' title='bbox 1867 1344 1906 1374; x_wconf 84' lang='lat' dir='ltr'><strong>a.</strong></span> <span class='ocrx_word' id='word_1_115' title='bbox 1928 1344 1964 1375; x_wconf 86' lang='grc' dir='ltr'><strong>ο,</strong></span> <span class='ocrx_word' id='word_1_116' title='bbox 1985 1346 2024 1385; x_wconf 85' lang='grc' dir='ltr'><strong>γ.</strong></span> 
     </span>
    </p>
   </div>
   <div class='ocr_carea' id='block_1_5' title="bbox 318 1386 979 1497">
    <p class='ocr_par' dir='ltr' id='par_1_5' title="bbox 318 1386 979 1497">
     <span class='ocr_line' id='line_1_15' title="bbox 320 1386 776 1441; baseline 0.004 -15"><span class='ocrx_word' id='word_1_117' title='bbox 320 1389 459 1428; x_wconf 81' lang='grc' dir='ltr'><em>λιστοὶ</em></span> <span class='ocrx_word' id='word_1_118' title='bbox 488 1389 530 1427; x_wconf 78' lang='grc' dir='ltr'><strong>δὲ</strong></span> <span class='ocrx_word' id='word_1_119' title='bbox 561 1386 776 1441; x_wconf 78' lang='grc' dir='ltr'><em>στρεπτοὶ.</em></span> 
     </span>
     <span class='ocr_line' id='line_1_16' title="bbox 318 1444 979 1497; baseline 0 -12"><span class='ocrx_word' id='word_1_120' title='bbox 318 1447 406 1487; x_wconf 76' lang='lat' dir='ltr'><strong>tius</strong></span> <span class='ocrx_word' id='word_1_121' title='bbox 438 1445 580 1485; x_wconf 73' lang='grc' dir='ltr'><em>λισῑοὶ</em></span> <span class='ocrx_word' id='word_1_122' title='bbox 609 1444 650 1485; x_wconf 77' lang='grc' dir='ltr'><strong>δὲ</strong></span> <span class='ocrx_word' id='word_1_123' title='bbox 682 1447 892 1497; x_wconf 75' lang='grc' dir='ltr'><em>στρεπιοί</em></span> <span class='ocrx_word' id='word_1_124' title='bbox 923 1460 979 1485; x_wconf 75' lang='grc' dir='ltr'><strong>τε.</strong></span> 
     </span>
    </p>
   </div>
   <div class='ocr_carea' id='block_1_6' title="bbox 287 1559 1123 3498">
    <p class='ocr_par' dir='ltr' id='par_1_6' title="bbox 314 1559 1123 1899">
     <span class='ocr_line' id='line_1_17' title="bbox 317 1559 1123 1608; baseline -0.001 -7"><span class='ocrx_word' id='word_1_125' title='bbox 317 1560 452 1601; x_wconf 88' lang='lat' dir='ltr'><strong>utitur</strong></span> <span class='ocrx_word' id='word_1_126' title='bbox 492 1571 604 1600; x_wconf 90' lang='lat' dir='ltr'><strong>nunc</strong></span> <span class='ocrx_word' id='word_1_127' title='bbox 644 1559 775 1600; x_wconf 81' lang='lat' dir='ltr'><strong>verbo</strong></span> <span class='ocrx_word' id='word_1_128' title='bbox 826 1559 969 1608; x_wconf 82' lang='lat' dir='ltr'><strong>finito,</strong></span> <span class='ocrx_word' id='word_1_129' title='bbox 1019 1571 1123 1600; x_wconf 84' lang='lat' dir='ltr'><strong>con-</strong></span> 
     </span>
     <span class='ocr_line' id='line_1_18' title="bbox 319 1617 1122 1659; baseline -0.004 0"><span class='ocrx_word' id='word_1_130' title='bbox 319 1618 558 1659; x_wconf 87' lang='lat' dir='ltr'><strong>structione</strong></span> <span class='ocrx_word' id='word_1_131' title='bbox 580 1617 730 1658; x_wconf 82' lang='lat' dir='ltr'><strong>ieviter</strong></span> <span class='ocrx_word' id='word_1_132' title='bbox 760 1617 999 1658; x_wconf 70' lang='lat' dir='ltr'><strong>immutata.</strong></span> <span class='ocrx_word' id='word_1_133' title='bbox 1035 1617 1122 1657; x_wconf 91' lang='lat' dir='ltr'><strong>Cu-</strong></span> 
     </span>
     <span class='ocr_line' id='line_1_19' title="bbox 314 1676 1123 1728; baseline -0.004 -11"><span class='ocrx_word' id='word_1_134' title='bbox 314 1677 379 1717; x_wconf 88' lang='lat' dir='ltr'><strong>ius</strong></span> <span class='ocrx_word' id='word_1_135' title='bbox 420 1681 663 1715; x_wconf 79' lang='lat' dir='ltr'><strong>structurae</strong></span> <span class='ocrx_word' id='word_1_136' title='bbox 714 1676 916 1728; x_wconf 78' lang='lat' dir='ltr'><strong>exempla</strong></span> <span class='ocrx_word' id='word_1_137' title='bbox 956 1676 1123 1716; x_wconf 86' lang='lat' dir='ltr'><strong>notavit</strong></span> 
     </span>
     <span class='ocr_line' id='line_1_20' title="bbox 315 1731 1122 1784; baseline -0.002 -10"><span class='ocrx_word' id='word_1_138' title='bbox 315 1732 600 1774; x_wconf 85' lang='lat' dir='ltr'><strong>Schaefer.</strong></span> <span class='ocrx_word' id='word_1_139' title='bbox 632 1731 687 1772; x_wconf 87' lang='lat' dir='ltr'><strong>ad</strong></span> <span class='ocrx_word' id='word_1_140' title='bbox 718 1732 1002 1773; x_wconf 83' lang='lat' dir='ltr'><strong>Demosth.</strong></span> <span class='ocrx_word' id='word_1_141' title='bbox 1033 1734 1122 1784; x_wconf 74' lang='lat' dir='ltr'><strong>Ap·</strong></span> 
     </span>
     <span class='ocr_line' id='line_1_21' title="bbox 316 1789 1120 1844; baseline -0.002 -12"><span class='ocrx_word' id='word_1_142' title='bbox 316 1804 407 1844; x_wconf 84' lang='lat' dir='ltr'><strong>par.</strong></span> <span class='ocrx_word' id='word_1_143' title='bbox 441 1791 496 1831; x_wconf 89' lang='lat' dir='ltr'><strong>T.</strong></span> <span class='ocrx_word' id='word_1_144' title='bbox 528 1790 587 1830; x_wconf 89' lang='lat'><strong>11.</strong></span> <span class='ocrx_word' id='word_1_145' title='bbox 627 1803 666 1843; x_wconf 89' lang='lat' dir='ltr'>p.</span> <span class='ocrx_word' id='word_1_146' title='bbox 699 1789 769 1833; x_wconf 85' lang='lat'>75.</span> <span class='ocrx_word' id='word_1_147' title='bbox 833 1791 983 1830; x_wconf 78' lang='lat' dir='ltr'><strong>Verba</strong></span> <span class='ocrx_word' id='word_1_148' title='bbox 1016 1789 1120 1830; x_wconf 87' lang='lat' dir='ltr'><strong>Ho-</strong></span> 
     </span>
     <span class='ocr_line' id='line_1_22' title="bbox 315 1846 1120 1899; baseline -0.005 -9"><span class='ocrx_word' id='word_1_149' title='bbox 315 1861 355 1890; x_wconf 88' lang='lat' dir='ltr'>m</span> <span class='ocrx_word' id='word_1_150' title='bbox 370 1861 394 1889; x_wconf 90' lang='lat' dir='ltr'><strong>e</strong></span> <span class='ocrx_word' id='word_1_151' title='bbox 405 1850 448 1889; x_wconf 91' lang='lat' dir='ltr'><strong>ri</strong></span> <span class='ocrx_word' id='word_1_152' title='bbox 473 1849 679 1899; x_wconf 80' lang='lat' dir='ltr'><strong>leguntur</strong></span> <span class='ocrx_word' id='word_1_153' title='bbox 701 1846 822 1889; x_wconf 77' lang='lat' dir='ltr'><strong>mad.</strong></span> <span class='ocrx_word' id='word_1_154' title='bbox 837 1847 911 1899; x_wconf 83' lang='lat' dir='ltr'><strong>lX‚</strong></span> <span class='ocrx_word' id='word_1_155' title='bbox 927 1846 1014 1891; x_wconf 81' lang='lat'><strong>493</strong></span> <span class='ocrx_word' id='word_1_156' title='bbox 1027 1860 1120 1899; x_wconf 85' lang='lat' dir='ltr'>sqq.</span> 
     </span>
    </p>

    <p class='ocr_par' dir='ltr' id='par_1_7' title="bbox 287 1902 1118 3498">
     <span class='ocr_line' id='line_1_23' title="bbox 370 1902 1116 1958; baseline -0.001 -12"><span class='ocrx_word' id='word_1_157' title='bbox 370 1902 1116 1958; x_wconf 76' lang='grc' dir='ltr'><em>Β.βίβλωνδὲὸ’μαδονπαρ.]</em></span> 
     </span>
     <span class='ocr_line' id='line_1_24' title="bbox 314 1962 1118 2016; baseline -0.004 -13"><span class='ocrx_word' id='word_1_158' title='bbox 314 1963 611 2006; x_wconf 79' lang='lat' dir='ltr'><strong>Scholiastes:</strong></span> <span class='ocrx_word' id='word_1_159' title='bbox 657 1963 812 2015; x_wconf 74' lang='grc' dir='ltr'><em>βίβλων</em></span> <span class='ocrx_word' id='word_1_160' title='bbox 864 1962 959 2015; x_wconf 77' lang='grc' dir='ltr'><strong>περὶ</strong></span> <span class='ocrx_word' id='word_1_161' title='bbox 1001 1963 1118 2016; x_wconf 75' lang='grc' dir='ltr'><strong>ἐπῳ-</strong></span> 
     </span>
     <span class='ocr_line' id='line_1_25' title="bbox 314 2019 1116 2071; baseline -0.004 -10"><span class='ocrx_word' id='word_1_162' title='bbox 314 2022 398 2062; x_wconf 77' lang='grc' dir='ltr'><strong>δῶν</strong></span> <span class='ocrx_word' id='word_1_163' title='bbox 439 2021 508 2061; x_wconf 66' lang='grc' dir='ltr'><strong>καὶ</strong></span> <span class='ocrx_word' id='word_1_164' title='bbox 553 2021 812 2070; x_wconf 69' lang='grc' dir='ltr'><em>καθαρσίων</em></span> <span class='ocrx_word' id='word_1_165' title='bbox 851 2021 921 2060; x_wconf 78' lang='grc' dir='ltr'><strong>καὶ</strong></span> <span class='ocrx_word' id='word_1_166' title='bbox 980 2019 1116 2071; x_wconf 72' lang='grc' dir='ltr'><em>μειλι·</em></span> 
     </span>
     <span class='ocr_line' id='line_1_26' title="bbox 311 2077 1116 2133; baseline -0.001 -15"><span class='ocrx_word' id='word_1_167' title='bbox 311 2077 506 2133; x_wconf 76' lang='grc' dir='ltr'><em>γμοὶτων.</em></span> <span class='ocrx_word' id='word_1_168' title='bbox 571 2078 632 2120; x_wconf 87' lang='lat' dir='ltr'><strong>De</strong></span> <span class='ocrx_word' id='word_1_169' title='bbox 663 2077 726 2118; x_wconf 71' lang='lat' dir='ltr'><strong>his</strong></span> <span class='ocrx_word' id='word_1_170' title='bbox 756 2078 920 2118; x_wconf 66' lang='lat' dir='ltr'><strong>Musaei</strong></span> <span class='ocrx_word' id='word_1_171' title='bbox 960 2081 1004 2117; x_wconf 83' lang='lat' dir='ltr'><strong>et</strong></span> <span class='ocrx_word' id='word_1_172' title='bbox 1033 2077 1116 2117; x_wconf 77' lang='lat' dir='ltr'><strong>Or-</strong></span> 
     </span>
     <span class='ocr_line' id='line_1_27' title="bbox 311 2135 1115 2189; baseline -0.004 -13"><span class='ocrx_word' id='word_1_173' title='bbox 311 2137 414 2189; x_wconf 87' lang='lat' dir='ltr'><strong>phei</strong></span> <span class='ocrx_word' id='word_1_174' title='bbox 444 2136 564 2177; x_wconf 89' lang='lat' dir='ltr'><strong>libris</strong></span> <span class='ocrx_word' id='word_1_175' title='bbox 585 2135 907 2184; x_wconf 65' lang='lat' dir='ltr'><strong>sacrffimfibus,</strong></span> <span class='ocrx_word' id='word_1_176' title='bbox 942 2147 998 2175; x_wconf 86' lang='lat' dir='ltr'><strong>ex</strong></span> <span class='ocrx_word' id='word_1_177' title='bbox 1019 2136 1115 2186; x_wconf 87' lang='lat' dir='ltr'><strong>qui-</strong></span> 
     </span>
     <span class='ocr_line' id='line_1_28' title="bbox 311 2192 1114 2247; baseline -0.004 -12"><span class='ocrx_word' id='word_1_178' title='bbox 311 2195 390 2236; x_wconf 86' lang='lat' dir='ltr'><strong>bus</strong></span> <span class='ocrx_word' id='word_1_179' title='bbox 422 2192 784 2247; x_wconf 82' lang='lat' dir='ltr'><strong>Orpheoteiestae</strong></span> <span class='ocrx_word' id='word_1_180' title='bbox 813 2205 935 2233; x_wconf 85' lang='lat' dir='ltr'><strong>sacra</strong></span> <span class='ocrx_word' id='word_1_181' title='bbox 966 2192 1114 2244; x_wconf 82' lang='lat' dir='ltr'><strong>expia-</strong></span> 
     </span>
     <span class='ocr_line' id='line_1_29' title="bbox 309 2250 1114 2304; baseline -0.004 -11"><span class='ocrx_word' id='word_1_182' title='bbox 309 2251 420 2293; x_wconf 89' lang='lat' dir='ltr'><strong>toria</strong></span> <span class='ocrx_word' id='word_1_183' title='bbox 461 2251 752 2304; x_wconf 79' lang='lat' dir='ltr'>peragebant,</span> <span class='ocrx_word' id='word_1_184' title='bbox 802 2262 839 2293; x_wconf 88' lang='lat' dir='ltr'>v.</span> <span class='ocrx_word' id='word_1_185' title='bbox 883 2250 1114 2290; x_wconf 79' lang='lat' dir='ltr'>Gesner.</span> 
     </span>
     <span class='ocr_line' id='line_1_30' title="bbox 309 2306 1112 2360; baseline -0.004 -10"><span class='ocrx_word' id='word_1_186' title='bbox 309 2309 501 2352; x_wconf 83' lang='lat' dir='ltr'><strong>Praefat.</strong></span> <span class='ocrx_word' id='word_1_187' title='bbox 551 2309 603 2349; x_wconf 86' lang='lat' dir='ltr'><strong>ad</strong></span> <span class='ocrx_word' id='word_1_188' title='bbox 644 2307 863 2360; x_wconf 82' lang='lat' dir='ltr'><strong>Orpheum</strong></span> <span class='ocrx_word' id='word_1_189' title='bbox 904 2320 1005 2359; x_wconf 84' lang='lat' dir='ltr'>pag.</span> <span class='ocrx_word' id='word_1_190' title='bbox 1043 2306 1112 2351; x_wconf 82' lang='lat'>47.</span> 
     </span>
     <span class='ocr_line' id='line_1_31' title="bbox 309 2363 1114 2407; baseline -0.001 0"><span class='ocrx_word' id='word_1_191' title='bbox 309 2366 344 2407; x_wconf 73' lang='lat' dir='ltr'>F</span> <span class='ocrx_word' id='word_1_192' title='bbox 361 2380 384 2407; x_wconf 86' lang='lat' dir='ltr'><strong>a</strong></span> <span class='ocrx_word' id='word_1_193' title='bbox 397 2367 423 2406; x_wconf 90' lang='lat' dir='ltr'>b</span> <span class='ocrx_word' id='word_1_194' title='bbox 437 2366 480 2407; x_wconf 85' lang='lat' dir='ltr'><strong>ri</strong></span> <span class='ocrx_word' id='word_1_195' title='bbox 496 2379 518 2405; x_wconf 86' lang='lat' dir='ltr'><strong>c</strong></span> <span class='ocrx_word' id='word_1_196' title='bbox 530 2366 563 2406; x_wconf 89' lang='lat' dir='ltr'><strong>ii</strong></span> <span class='ocrx_word' id='word_1_197' title='bbox 598 2363 853 2406; x_wconf 83' lang='lat' dir='ltr'><strong>Bibliothee.</strong></span> <span class='ocrx_word' id='word_1_198' title='bbox 870 2363 1026 2406; x_wconf 81' lang='lat' dir='ltr'><strong>Graec.</strong></span> <span class='ocrx_word' id='word_1_199' title='bbox 1060 2365 1114 2406; x_wconf 89' lang='grc' dir='ltr'><strong>Τ.</strong></span> 
     </span>
     <span class='ocr_line' id='line_1_32' title="bbox 311 2422 1111 2477; baseline -0.003 -13"><span class='ocrx_word' id='word_1_200' title='bbox 311 2425 339 2466; x_wconf 85' lang='grc' dir='ltr'><strong>Ι.</strong></span> <span class='ocrx_word' id='word_1_201' title='bbox 381 2436 423 2477; x_wconf 87' lang='lat' dir='ltr'>p.</span> <span class='ocrx_word' id='word_1_202' title='bbox 465 2423 560 2467; x_wconf 81' lang='lat'>120.</span> <span class='ocrx_word' id='word_1_203' title='bbox 625 2423 860 2465; x_wconf 86' lang='lat' dir='ltr'><strong>Passow.</strong></span> <span class='ocrx_word' id='word_1_204' title='bbox 909 2422 964 2463; x_wconf 81' lang='lat' dir='ltr'><strong>ad</strong></span> <span class='ocrx_word' id='word_1_205' title='bbox 1007 2422 1111 2463; x_wconf 85' lang='lat' dir='ltr'><strong>Mu·</strong></span> 
     </span>
     <span class='ocr_line' id='line_1_33' title="bbox 307 2479 1109 2534; baseline 0 -13"><span class='ocrx_word' id='word_1_206' title='bbox 307 2494 454 2523; x_wconf 87' lang='lat' dir='ltr'><strong>saeum</strong></span> <span class='ocrx_word' id='word_1_207' title='bbox 501 2495 542 2534; x_wconf 90' lang='lat' dir='ltr'>p.</span> <span class='ocrx_word' id='word_1_208' title='bbox 574 2481 646 2523; x_wconf 83' lang='lat'>21.</span> <span class='ocrx_word' id='word_1_209' title='bbox 692 2486 735 2521; x_wconf 86' lang='lat' dir='ltr'><strong>et</strong></span> <span class='ocrx_word' id='word_1_210' title='bbox 763 2479 835 2523; x_wconf 89' lang='lat'><strong>40.</strong></span> <span class='ocrx_word' id='word_1_211' title='bbox 875 2481 1109 2521; x_wconf 87' lang='lat' dir='ltr'><strong>Lobeck.</strong></span> 
     </span>
     <span class='ocr_line' id='line_1_34' title="bbox 309 2536 1110 2592; baseline 0.002 -13"><span class='ocrx_word' id='word_1_212' title='bbox 309 2538 589 2592; x_wconf 79' lang='lat' dir='ltr'><strong>Aglaopham.</strong></span> <span class='ocrx_word' id='word_1_213' title='bbox 633 2538 668 2577; x_wconf 92' lang='grc' dir='ltr'><strong>Ι.</strong></span> <span class='ocrx_word' id='word_1_214' title='bbox 710 2551 750 2590; x_wconf 85' lang='lat' dir='ltr'>p.</span> <span class='ocrx_word' id='word_1_215' title='bbox 787 2538 887 2581; x_wconf 86' lang='lat'>311.</span> <span class='ocrx_word' id='word_1_216' title='bbox 929 2551 1021 2590; x_wconf 86' lang='lat' dir='ltr'><strong>sqq.</strong></span> <span class='ocrx_word' id='word_1_217' title='bbox 1055 2536 1110 2581; x_wconf 84' lang='lat' dir='ltr'>G.</span> 
     </span>
     <span class='ocr_line' id='line_1_35' title="bbox 309 2595 1108 2648; baseline 0.001 -10"><span class='ocrx_word' id='word_1_218' title='bbox 309 2597 363 2639; x_wconf 88' lang='lat' dir='ltr'><strong>H.</strong></span> <span class='ocrx_word' id='word_1_219' title='bbox 397 2597 551 2637; x_wconf 91' lang='lat' dir='ltr'><strong>Bode</strong></span> <span class='ocrx_word' id='word_1_220' title='bbox 614 2597 676 2636; x_wconf 87' lang='lat' dir='ltr'><strong>De</strong></span> <span class='ocrx_word' id='word_1_221' title='bbox 716 2596 892 2648; x_wconf 75' lang='lat' dir='ltr'><strong>Orpheo</strong></span> <span class='ocrx_word' id='word_1_222' title='bbox 934 2608 975 2648; x_wconf 88' lang='lat' dir='ltr'><strong>p.</strong></span> <span class='ocrx_word' id='word_1_223' title='bbox 1008 2595 1108 2639; x_wconf 88' lang='lat'>101.</span> 
     </span>
     <span class='ocr_line' id='line_1_36' title="bbox 304 2651 1107 2698; baseline -0.001 -3"><span class='ocrx_word' id='word_1_224' title='bbox 304 2659 347 2695; x_wconf 85' lang='lat' dir='ltr'><strong>et</strong></span> <span class='ocrx_word' id='word_1_225' title='bbox 407 2652 755 2695; x_wconf 80' lang='lat' dir='ltr'><strong>Geschichte</strong></span> <span class='ocrx_word' id='word_1_226' title='bbox 796 2653 894 2694; x_wconf 51' lang='lat' dir='ltr'><strong>¹der</strong></span> <span class='ocrx_word' id='word_1_227' title='bbox 954 2651 1107 2698; x_wconf 78' lang='lat' dir='ltr'><strong>helien.</strong></span> 
     </span>
     <span class='ocr_line' id='line_1_37' title="bbox 304 2709 1106 2764; baseline 0.006 -15"><span class='ocrx_word' id='word_1_228' title='bbox 304 2710 574 2753; x_wconf 85' lang='lat' dir='ltr'><strong>Dichtkunst.</strong></span> <span class='ocrx_word' id='word_1_229' title='bbox 619 2712 718 2754; x_wconf 83' lang='lat' dir='ltr'><strong>Voi.</strong></span> <span class='ocrx_word' id='word_1_230' title='bbox 750 2710 786 2753; x_wconf 93' lang='lat' dir='ltr'>I.</span> <span class='ocrx_word' id='word_1_231' title='bbox 810 2725 863 2764; x_wconf 74' lang='lat' dir='ltr'><strong>vp.</strong></span> <span class='ocrx_word' id='word_1_232' title='bbox 896 2709 980 2753; x_wconf 83' lang='lat'><strong>186</strong></span> <span class='ocrx_word' id='word_1_233' title='bbox 1013 2723 1106 2762; x_wconf 77' lang='lat' dir='ltr'><strong>sqq.</strong></span> 
     </span>
     <span class='ocr_line' id='line_1_38' title="bbox 301 2767 1104 2811; baseline 0 -1"><span class='ocrx_word' id='word_1_234' title='bbox 301 2767 508 2810; x_wconf 85' lang='lat' dir='ltr'><strong>Ceterum</strong></span> <span class='ocrx_word' id='word_1_235' title='bbox 531 2767 878 2809; x_wconf 84' lang='lat' dir='ltr'><strong>Themistius</strong></span> <span class='ocrx_word' id='word_1_236' title='bbox 895 2768 1018 2811; x_wconf 84' lang='lat' dir='ltr'><strong>Orat.</strong></span> <span class='ocrx_word' id='word_1_237' title='bbox 1043 2768 1104 2810; x_wconf 88' lang='grc' dir='ltr'><strong>ΙΙ.</strong></span> 
     </span>
     <span class='ocr_line' id='line_1_39' title="bbox 299 2823 1108 2879; baseline -0.002 -11"><span class='ocrx_word' id='word_1_238' title='bbox 299 2840 340 2879; x_wconf 84' lang='lat' dir='ltr'>p.</span> <span class='ocrx_word' id='word_1_239' title='bbox 370 2826 441 2870; x_wconf 78' lang='lat'>32.</span> <span class='ocrx_word' id='word_1_240' title='bbox 478 2827 536 2868; x_wconf 73' lang='lat' dir='ltr'><strong>Bt</strong></span> <span class='ocrx_word' id='word_1_241' title='bbox 580 2824 685 2866; x_wconf 73' lang='grc' dir='ltr'><strong>ἀλλὰ</strong></span> <span class='ocrx_word' id='word_1_242' title='bbox 728 2827 902 2879; x_wconf 75' lang='grc' dir='ltr'><em>βιβλίων</em></span> <span class='ocrx_word' id='word_1_243' title='bbox 938 2823 1108 2879; x_wconf 71' lang='grc' dir='ltr'><em>ὅμαδος</em></span> 
     </span>
     <span class='ocr_line' id='line_1_40' title="bbox 299 2882 1107 2936; baseline 0 -13"><span class='ocrx_word' id='word_1_244' title='bbox 299 2882 402 2929; x_wconf 73' lang='grc' dir='ltr'><em>δ’λος</em></span> <span class='ocrx_word' id='word_1_245' title='bbox 431 2882 491 2924; x_wconf 75' lang='grc' dir='ltr'><strong>ἐπ’</strong></span> <span class='ocrx_word' id='word_1_246' title='bbox 524 2882 728 2936; x_wconf 76' lang='grc' dir='ltr'><em>ἀλλήλοις</em></span> <span class='ocrx_word' id='word_1_247' title='bbox 769 2885 1107 2936; x_wconf 73' lang='grc' dir='ltr'><em>συντεταγμένος</em></span> 
     </span>
     <span class='ocr_line' id='line_1_41' title="bbox 297 2939 1106 2994; baseline 0.001 -14"><span class='ocrx_word' id='word_1_248' title='bbox 297 2940 638 2994; x_wconf 78' lang='grc' dir='ltr'><strong>α’ττισχυρίζεται.</strong></span> <span class='ocrx_word' id='word_1_249' title='bbox 650 2965 705 2971; x_wconf 87' lang='grc'>-</span> <span class='ocrx_word' id='word_1_250' title='bbox 726 2942 776 2983; x_wconf 85' lang='grc' dir='ltr'><strong>Μ</strong></span> <span class='ocrx_word' id='word_1_251' title='bbox 790 2953 815 2982; x_wconf 87' lang='lat' dir='ltr'><strong>u</strong></span> <span class='ocrx_word' id='word_1_252' title='bbox 830 2954 849 2980; x_wconf 87' lang='lat' dir='ltr'><strong>s</strong></span> <span class='ocrx_word' id='word_1_253' title='bbox 862 2955 885 2982; x_wconf 84' lang='lat' dir='ltr'><strong>a</strong></span> <span class='ocrx_word' id='word_1_254' title='bbox 904 2954 926 2981; x_wconf 87' lang='lat' dir='ltr'><strong>e</strong></span> <span class='ocrx_word' id='word_1_255' title='bbox 942 2953 969 2981; x_wconf 89' lang='lat' dir='ltr'><strong>u</strong></span> <span class='ocrx_word' id='word_1_256' title='bbox 982 2953 1001 2981; x_wconf 84' lang='lat' dir='ltr'><strong>s</strong></span> <span class='ocrx_word' id='word_1_257' title='bbox 1016 2939 1106 2981; x_wconf 74' lang='lat' dir='ltr'><strong>Eu·</strong></span> 
     </span>
     <span class='ocr_line' id='line_1_42' title="bbox 296 2996 1103 3050; baseline 0 -13"><span class='ocrx_word' id='word_1_258' title='bbox 296 2999 426 3050; x_wconf 86' lang='lat' dir='ltr'><strong>molpi</strong></span> <span class='ocrx_word' id='word_1_259' title='bbox 485 3003 529 3038; x_wconf 88' lang='lat' dir='ltr'><strong>et</strong></span> <span class='ocrx_word' id='word_1_260' title='bbox 581 2999 780 3050; x_wconf 81' lang='lat' dir='ltr'><strong>Selenes,</strong></span> <span class='ocrx_word' id='word_1_261' title='bbox 840 2996 1103 3050; x_wconf 82' lang='lat' dir='ltr'><strong>Orpheus</strong></span> 
     </span>
     <span class='ocr_line' id='line_1_43' title="bbox 298 3054 1100 3108; baseline 0.001 -14"><span class='ocrx_word' id='word_1_262' title='bbox 298 3054 522 3108; x_wconf 81' lang='lat' dir='ltr'><strong>Calliopes</strong></span> <span class='ocrx_word' id='word_1_263' title='bbox 571 3056 681 3096; x_wconf 78' lang='lat' dir='ltr'><strong>filius</strong></span> <span class='ocrx_word' id='word_1_264' title='bbox 722 3056 992 3104; x_wconf 64' lang='lat' dir='ltr'><strong>&#39;habebatur-3</strong></span> <span class='ocrx_word' id='word_1_265' title='bbox 1045 3054 1100 3096; x_wconf 82' lang='lat' dir='ltr'><strong>de</strong></span> 
     </span>
     <span class='ocr_line' id='line_1_44' title="bbox 297 3110 1102 3164; baseline 0 -12"><span class='ocrx_word' id='word_1_266' title='bbox 297 3110 379 3152; x_wconf 80' lang='lat' dir='ltr'><strong>hoc</strong></span> <span class='ocrx_word' id='word_1_267' title='bbox 411 3125 448 3155; x_wconf 90' lang='lat' dir='ltr'>v.</span> <span class='ocrx_word' id='word_1_268' title='bbox 481 3112 811 3164; x_wconf 79' lang='lat' dir='ltr'><strong>Apollodor.</strong></span> <span class='ocrx_word' id='word_1_269' title='bbox 849 3113 886 3153; x_wconf 92' lang='grc' dir='ltr'><strong>Ι.</strong></span> <span class='ocrx_word' id='word_1_270' title='bbox 921 3111 990 3156; x_wconf 85' lang='grc'><strong>24.</strong></span> <span class='ocrx_word' id='word_1_271' title='bbox 1023 3112 1102 3152; x_wconf 88' lang='lat' dir='ltr'><strong>ibi-</strong></span> 
     </span>
     <span class='ocr_line' id='line_1_45' title="bbox 296 3169 1100 3222; baseline 0.001 -14"><span class='ocrx_word' id='word_1_272' title='bbox 296 3181 380 3221; x_wconf 90' lang='lat' dir='ltr'><strong>que</strong></span> <span class='ocrx_word' id='word_1_273' title='bbox 413 3169 574 3220; x_wconf 87' lang='lat' dir='ltr'><strong>Heyn.</strong></span> <span class='ocrx_word' id='word_1_274' title='bbox 608 3183 649 3222; x_wconf 89' lang='lat' dir='ltr'><strong>p.</strong></span> <span class='ocrx_word' id='word_1_275' title='bbox 682 3169 776 3222; x_wconf 90' lang='lat'>13.‚</span> <span class='ocrx_word' id='word_1_276' title='bbox 809 3171 864 3211; x_wconf 89' lang='lat' dir='ltr'><strong>de</strong></span> <span class='ocrx_word' id='word_1_277' title='bbox 895 3171 971 3211; x_wconf 82' lang='lat' dir='ltr'><strong>ilio</strong></span> <span class='ocrx_word' id='word_1_278' title='bbox 1000 3169 1100 3210; x_wconf 88' lang='lat' dir='ltr'><strong>Me-</strong></span> 
     </span>
     <span class='ocr_line' id='line_1_46' title="bbox 296 3226 1098 3278; baseline 0.002 -12"><span class='ocrx_word' id='word_1_279' title='bbox 296 3238 411 3278; x_wconf 79' lang='lat' dir='ltr'><strong>nag.</strong></span> <span class='ocrx_word' id='word_1_280' title='bbox 434 3226 486 3267; x_wconf 91' lang='lat' dir='ltr'><strong>ad</strong></span> <span class='ocrx_word' id='word_1_281' title='bbox 511 3227 691 3278; x_wconf 79' lang='lat' dir='ltr'><strong>Diogen.</strong></span> <span class='ocrx_word' id='word_1_282' title='bbox 714 3228 860 3268; x_wconf 65' lang='lat' dir='ltr'><strong>Laert.</strong></span> <span class='ocrx_word' id='word_1_283' title='bbox 894 3228 1098 3268; x_wconf 86' lang='lat' dir='ltr'><strong>Prooem.</strong></span> 
     </span>
     <span class='ocr_line' id='line_1_47' title="bbox 292 3283 1095 3336; baseline -0.002 -10"><span class='ocrx_word' id='word_1_284' title='bbox 292 3283 330 3335; x_wconf 69' lang='grc' dir='ltr'><strong>ξ.</strong></span> <span class='ocrx_word' id='word_1_285' title='bbox 370 3283 411 3326; x_wconf 84' lang='grc'><strong>3.</strong></span> <span class='ocrx_word' id='word_1_286' title='bbox 454 3287 498 3324; x_wconf 90' lang='lat' dir='ltr'><strong>et</strong></span> <span class='ocrx_word' id='word_1_287' title='bbox 538 3283 834 3324; x_wconf 77' lang='lat' dir='ltr'><strong>Fabricius</strong></span> <span class='ocrx_word' id='word_1_288' title='bbox 886 3286 912 3324; x_wconf 92' lang='grc' dir='ltr'><strong>Ι.</strong></span> <span class='ocrx_word' id='word_1_289' title='bbox 966 3297 1000 3324; x_wconf 91' lang='lat' dir='ltr'><strong>c.</strong></span> <span class='ocrx_word' id='word_1_290' title='bbox 1055 3297 1095 3336; x_wconf 92' lang='lat' dir='ltr'>p.</span> 
     </span>
     <span class='ocr_line' id='line_1_48' title="bbox 290 3340 1094 3394; baseline -0.002 -9"><span class='ocrx_word' id='word_1_291' title='bbox 290 3341 374 3385; x_wconf 88' lang='grc'><strong>119</strong></span> <span class='ocrx_word' id='word_1_292' title='bbox 403 3353 468 3394; x_wconf 87' lang='lat' dir='ltr'><strong>sq.</strong></span> <span class='ocrx_word' id='word_1_293' title='bbox 529 3340 754 3382; x_wconf 83' lang='lat' dir='ltr'><strong>Vocantur</strong></span> <span class='ocrx_word' id='word_1_294' title='bbox 794 3342 927 3394; x_wconf 87' lang='lat' dir='ltr'><strong>igitur</strong></span> <span class='ocrx_word' id='word_1_295' title='bbox 963 3341 1094 3391; x_wconf 79' lang='lat' dir='ltr'><strong>ambo</strong></span> 
     </span>
     <span class='ocr_line' id='line_1_49' title="bbox 287 3397 1092 3452; baseline 0 -13"><span class='ocrx_word' id='word_1_296' title='bbox 287 3398 440 3439; x_wconf 81' lang='lat' dir='ltr'><strong>Lunae</strong></span> <span class='ocrx_word' id='word_1_297' title='bbox 471 3402 516 3439; x_wconf 91' lang='lat' dir='ltr'><strong>et</strong></span> <span class='ocrx_word' id='word_1_298' title='bbox 545 3397 770 3439; x_wconf 81' lang='lat' dir='ltr'><strong>Musarum</strong></span> <span class='ocrx_word' id='word_1_299' title='bbox 805 3400 981 3452; x_wconf 70' lang='grc' dir='ltr'><em>ἔγγονοι.</em></span> <span class='ocrx_word' id='word_1_300' title='bbox 1020 3398 1092 3439; x_wconf 88' lang='lat' dir='ltr'><strong>De</strong></span> 
     </span>
     <span class='ocr_line' id='line_1_50' title="bbox 287 3455 1090 3498; baseline -0.001 -1"><span class='ocrx_word' id='word_1_301' title='bbox 287 3457 408 3497; x_wconf 85' lang='lat' dir='ltr'><strong>cuius</strong></span> <span class='ocrx_word' id='word_1_302' title='bbox 450 3460 593 3498; x_wconf 83' lang='lat' dir='ltr'><strong>tamen</strong></span> <span class='ocrx_word' id='word_1_303' title='bbox 641 3455 822 3497; x_wconf 86' lang='lat' dir='ltr'><strong>nominis</strong></span> <span class='ocrx_word' id='word_1_304' title='bbox 882 3468 963 3496; x_wconf 86' lang='lat' dir='ltr'><strong>usu</strong></span> <span class='ocrx_word' id='word_1_305' title='bbox 1015 3456 1090 3497; x_wconf 82' lang='lat' dir='ltr'><strong>viri</strong></span> 
     </span>
    </p>
   </div>
   <div class='ocr_carea' id='block_1_7' title="bbox 838 1386 2024 1492">
    <p class='ocr_par' dir='ltr' id='par_1_8' title="bbox 838 1386 2024 1492">
     <span class='ocr_line' id='line_1_51' title="bbox 838 1386 2024 1441; baseline 0.003 -14"><span class='ocrx_word' id='word_1_306' title='bbox 838 1386 1102 1441; x_wconf 86' lang='lat' dir='ltr'><strong>Quanquam</strong></span> <span class='ocrx_word' id='word_1_307' title='bbox 1143 1388 1239 1428; x_wconf 80' lang='lat' dir='ltr'><strong>Par.</strong></span> <span class='ocrx_word' id='word_1_308' title='bbox 1278 1389 1336 1432; x_wconf 84' lang='lat' dir='ltr'><strong>A.</strong></span> <span class='ocrx_word' id='word_1_309' title='bbox 1367 1393 1480 1428; x_wconf 80' lang='lat' dir='ltr'><strong>teste</strong></span> <span class='ocrx_word' id='word_1_310' title='bbox 1510 1387 1749 1428; x_wconf 85' lang='lat' dir='ltr'><strong>Duebnero</strong></span> <span class='ocrx_word' id='word_1_311' title='bbox 1782 1388 1913 1429; x_wconf 86' lang='lat' dir='ltr'><strong>habet</strong></span> <span class='ocrx_word' id='word_1_312' title='bbox 1942 1402 2024 1441; x_wconf 88' lang='lat' dir='ltr'><strong>po·</strong></span> 
     </span>
     <span class='ocr_line' id='line_1_52' title="bbox 1043 1447 2023 1492; baseline 0.002 -6"><span class='ocrx_word' id='word_1_313' title='bbox 1043 1448 1098 1486; x_wconf 74' lang='lat' dir='ltr'><strong>At</strong></span> <span class='ocrx_word' id='word_1_314' title='bbox 1124 1447 1330 1486; x_wconf 83' lang='lat' dir='ltr'><strong>nimirum</strong></span> <span class='ocrx_word' id='word_1_315' title='bbox 1350 1447 1610 1487; x_wconf 84' lang='lat' dir='ltr'><strong>alterutrum</strong></span> <span class='ocrx_word' id='word_1_316' title='bbox 1641 1450 1758 1487; x_wconf 85' lang='lat' dir='ltr'><strong>certe</strong></span> <span class='ocrx_word' id='word_1_317' title='bbox 1788 1447 2023 1492; x_wconf 82' lang='lat' dir='ltr'><strong>redundat.</strong></span> 
     </span>
    </p>
   </div>
   <div class='ocr_carea' id='block_1_8' title="bbox 1196 1558 2022 2697">
    <p class='ocr_par' dir='ltr' id='par_1_9' title="bbox 1196 1558 2022 2697">
     <span class='ocr_line' id='line_1_53' title="bbox 1211 1558 2022 1612; baseline 0.002 -12"><span class='ocrx_word' id='word_1_318' title='bbox 1211 1559 1328 1602; x_wconf 87' lang='lat' dir='ltr'><strong>docti</strong></span> <span class='ocrx_word' id='word_1_319' title='bbox 1361 1558 1598 1603; x_wconf 80' lang='lat' dir='ltr'><strong>admodum</strong></span> <span class='ocrx_word' id='word_1_320' title='bbox 1648 1559 1798 1602; x_wconf 77' lang='lat' dir='ltr'><strong>incerti</strong></span> <span class='ocrx_word' id='word_1_321' title='bbox 1831 1558 2022 1612; x_wconf 79' lang='lat' dir='ltr'><strong>haerent,</strong></span> 
     </span>
     <span class='ocr_line' id='line_1_54' title="bbox 1211 1616 2018 1670; baseline 0.002 -13"><span class='ocrx_word' id='word_1_322' title='bbox 1211 1624 1257 1659; x_wconf 90' lang='lat' dir='ltr'><strong>ut</strong></span> <span class='ocrx_word' id='word_1_323' title='bbox 1288 1618 1449 1659; x_wconf 84' lang='lat' dir='ltr'><strong>fuerint</strong></span> <span class='ocrx_word' id='word_1_324' title='bbox 1479 1618 1606 1658; x_wconf 85' lang='lat' dir='ltr'><strong>etiam</strong></span> <span class='ocrx_word' id='word_1_325' title='bbox 1628 1619 1701 1670; x_wconf 90' lang='lat' dir='ltr'><strong>qui</strong></span> <span class='ocrx_word' id='word_1_326' title='bbox 1724 1616 1762 1657; x_wconf 78' lang='lat' dir='ltr'>h.</span> <span class='ocrx_word' id='word_1_327' title='bbox 1780 1618 1805 1658; x_wconf 89' lang='grc' dir='ltr'><strong>Ι.</strong></span> <span class='ocrx_word' id='word_1_328' title='bbox 1837 1617 2018 1670; x_wconf 72' lang='grc' dir='ltr'><em>ἐκγόνων</em></span> 
     </span>
     <span class='ocr_line' id='line_1_55' title="bbox 1210 1673 2019 1730; baseline 0.002 -15"><span class='ocrx_word' id='word_1_329' title='bbox 1210 1676 1353 1727; x_wconf 85' lang='lat' dir='ltr'><strong>potius</strong></span> <span class='ocrx_word' id='word_1_330' title='bbox 1375 1675 1656 1728; x_wconf 80' lang='lat' dir='ltr'><strong>requirerent.</strong></span> <span class='ocrx_word' id='word_1_331' title='bbox 1675 1673 1787 1716; x_wconf 82' lang='lat' dir='ltr'><strong>Tho</strong></span> <span class='ocrx_word' id='word_1_332' title='bbox 1803 1688 1858 1715; x_wconf 92' lang='lat' dir='ltr'><strong>m.</strong></span> <span class='ocrx_word' id='word_1_333' title='bbox 1885 1675 2019 1730; x_wconf 84' lang='lat' dir='ltr'><strong>Mag.</strong></span> 
     </span>
     <span class='ocr_line' id='line_1_56' title="bbox 1209 1730 2018 1788; baseline 0 -15"><span class='ocrx_word' id='word_1_334' title='bbox 1209 1747 1248 1786; x_wconf 89' lang='lat' dir='ltr'><strong>p.</strong></span> <span class='ocrx_word' id='word_1_335' title='bbox 1279 1733 1379 1777; x_wconf 83' lang='lat'>489.</span> <span class='ocrx_word' id='word_1_336' title='bbox 1425 1734 1678 1787; x_wconf 72' lang='grc' dir='ltr'><em>ἔκγονος,</em></span> <span class='ocrx_word' id='word_1_337' title='bbox 1719 1730 1741 1772; x_wconf 87' lang='lat' dir='ltr'><strong>o‘</strong></span> <span class='ocrx_word' id='word_1_338' title='bbox 1787 1731 1902 1780; x_wconf 64' lang='lat' dir='ltr'><strong>m‘o&#39;q‘</strong></span> <span class='ocrx_word' id='word_1_339' title='bbox 1941 1733 2018 1788; x_wconf 78' lang='grc' dir='ltr'><strong>ἔγ-</strong></span> 
     </span>
     <span class='ocr_line' id='line_1_57' title="bbox 1207 1786 2020 1846; baseline 0.002 -16"><span class='ocrx_word' id='word_1_340' title='bbox 1207 1805 1366 1843; x_wconf 82' lang='grc' dir='ltr'><em>γονος</em></span> <span class='ocrx_word' id='word_1_341' title='bbox 1408 1790 1480 1841; x_wconf 71' lang='grc' dir='ltr'><strong>δέ,</strong></span> <span class='ocrx_word' id='word_1_342' title='bbox 1521 1787 1543 1829; x_wconf 76' lang='grc' dir='ltr'>ὁ</span> <span class='ocrx_word' id='word_1_343' title='bbox 1587 1792 1688 1830; x_wconf 80' lang='grc' dir='ltr'><em>υἱοῦ</em></span> <span class='ocrx_word' id='word_1_344' title='bbox 1728 1786 1755 1841; x_wconf 74' lang='grc' dir='ltr'><em>ἢ</em></span> <span class='ocrx_word' id='word_1_345' title='bbox 1789 1791 2020 1846; x_wconf 78' lang='grc' dir='ltr'><strong>θυγατρός</strong></span> 
     </span>
     <span class='ocr_line' id='line_1_58' title="bbox 1207 1846 2015 1900; baseline 0.001 -13"><span class='ocrx_word' id='word_1_346' title='bbox 1207 1846 1315 1893; x_wconf 73' lang='grc' dir='ltr'><strong>υἱός.</strong></span> <span class='ocrx_word' id='word_1_347' title='bbox 1376 1846 1718 1900; x_wconf 74' lang='lat' dir='ltr'><strong>Hesychius:</strong></span> <span class='ocrx_word' id='word_1_348' title='bbox 1767 1848 2015 1900; x_wconf 67' lang='grc' dir='ltr'><em>ἔγγονος,</em></span> 
     </span>
     <span class='ocr_line' id='line_1_59' title="bbox 1205 1902 2016 1956; baseline 0.004 -12"><span class='ocrx_word' id='word_1_349' title='bbox 1205 1902 1301 1952; x_wconf 81' lang='grc' dir='ltr'><strong><em>υἱὸς</em></strong></span> <span class='ocrx_word' id='word_1_350' title='bbox 1342 1907 1465 1956; x_wconf 76' lang='grc' dir='ltr'><em>υἱοῦ,</em></span> <span class='ocrx_word' id='word_1_351' title='bbox 1516 1902 1680 1951; x_wconf 75' lang='grc' dir='ltr'><strong>υἱωνός.</strong></span> <span class='ocrx_word' id='word_1_352' title='bbox 1743 1903 1905 1945; x_wconf 78' lang='lat' dir='ltr'><strong>Contra</strong></span> <span class='ocrx_word' id='word_1_353' title='bbox 1945 1907 2016 1947; x_wconf 77' lang='lat' dir='ltr'><strong>aiii</strong></span> 
     </span>
     <span class='ocr_line' id='line_1_60' title="bbox 1204 1962 2016 2016; baseline -0.002 -12"><span class='ocrx_word' id='word_1_354' title='bbox 1204 1964 1343 2004; x_wconf 79' lang='lat' dir='ltr'><strong>aliter.</strong></span> <span class='ocrx_word' id='word_1_355' title='bbox 1373 1967 1622 2003; x_wconf 82' lang='lat' dir='ltr'><strong>zonaras</strong></span> <span class='ocrx_word' id='word_1_356' title='bbox 1662 1975 1704 2015; x_wconf 92' lang='lat' dir='ltr'>p.</span> <span class='ocrx_word' id='word_1_357' title='bbox 1733 1962 1833 2006; x_wconf 85' lang='lat'><strong>596.</strong></span> <span class='ocrx_word' id='word_1_358' title='bbox 1866 1962 2016 2016; x_wconf 84' lang='grc' dir='ltr'><em>ἔγγο-</em></span> 
     </span>
     <span class='ocr_line' id='line_1_61' title="bbox 1202 2017 2016 2072; baseline 0.004 -13"><span class='ocrx_word' id='word_1_359' title='bbox 1202 2029 1313 2066; x_wconf 81' lang='grc' dir='ltr'><em>νος·</em></span> <span class='ocrx_word' id='word_1_360' title='bbox 1346 2017 1368 2060; x_wconf 79' lang='grc' dir='ltr'>ὁ</span> <span class='ocrx_word' id='word_1_361' title='bbox 1404 2017 1519 2067; x_wconf 74' lang='grc' dir='ltr'><strong><em>υἱός·</em></strong></span> <span class='ocrx_word' id='word_1_362' title='bbox 1556 2019 1726 2072; x_wconf 76' lang='grc' dir='ltr'><em>ἔκγονος</em></span> <span class='ocrx_word' id='word_1_363' title='bbox 1750 2018 1772 2060; x_wconf 79' lang='grc' dir='ltr'>ὁ</span> <span class='ocrx_word' id='word_1_364' title='bbox 1799 2023 1880 2061; x_wconf 84' lang='grc' dir='ltr'><em>τοῦ</em></span> <span class='ocrx_word' id='word_1_365' title='bbox 1915 2020 2016 2062; x_wconf 75' lang='grc' dir='ltr'><em>υἱοῦ</em></span> 
     </span>
     <span class='ocr_line' id='line_1_62' title="bbox 1205 2076 2015 2130; baseline 0.002 -12"><span class='ocrx_word' id='word_1_366' title='bbox 1205 2076 1314 2124; x_wconf 71' lang='grc' dir='ltr'><strong>υἱός.</strong></span> <span class='ocrx_word' id='word_1_367' title='bbox 1373 2076 1586 2119; x_wconf 79' lang='lat' dir='ltr'><strong>Nimirum</strong></span> <span class='ocrx_word' id='word_1_368' title='bbox 1628 2077 1872 2130; x_wconf 85' lang='lat' dir='ltr'><strong>significant</strong></span> <span class='ocrx_word' id='word_1_369' title='bbox 1904 2078 2015 2120; x_wconf 85' lang='lat' dir='ltr'><strong>haec</strong></span> 
     </span>
     <span class='ocr_line' id='line_1_63' title="bbox 1205 2135 2012 2188; baseline 0.002 -13"><span class='ocrx_word' id='word_1_370' title='bbox 1205 2136 1419 2176; x_wconf 84' lang='lat' dir='ltr'><strong>vocabula</strong></span> <span class='ocrx_word' id='word_1_371' title='bbox 1462 2135 1622 2188; x_wconf 89' lang='lat' dir='ltr'><strong>ubique</strong></span> <span class='ocrx_word' id='word_1_372' title='bbox 1672 2147 1756 2175; x_wconf 89' lang='lat' dir='ltr'><strong>non</strong></span> <span class='ocrx_word' id='word_1_373' title='bbox 1818 2140 1904 2176; x_wconf 90' lang='lat' dir='ltr'><strong>tam</strong></span> <span class='ocrx_word' id='word_1_374' title='bbox 1949 2136 2012 2177; x_wconf 86' lang='lat' dir='ltr'><strong>fi·</strong></span> 
     </span>
     <span class='ocr_line' id='line_1_64' title="bbox 1203 2194 2012 2245; baseline 0.001 -11"><span class='ocrx_word' id='word_1_375' title='bbox 1203 2194 1304 2235; x_wconf 84' lang='lat' dir='ltr'><strong>lios</strong></span> <span class='ocrx_word' id='word_1_376' title='bbox 1339 2205 1468 2245; x_wconf 82' lang='lat' dir='ltr'><strong>quam</strong></span> <span class='ocrx_word' id='word_1_377' title='bbox 1502 2196 1741 2245; x_wconf 87' lang='lat' dir='ltr'><strong>nepotes</strong></span> <span class='ocrx_word' id='word_1_378' title='bbox 1759 2197 2012 2245; x_wconf 81' lang='lat' dir='ltr'><strong>etposte-</strong></span> 
     </span>
     <span class='ocr_line' id='line_1_65' title="bbox 1202 2250 2009 2300; baseline 0.001 -9"><span class='ocrx_word' id='word_1_379' title='bbox 1202 2263 1297 2292; x_wconf 82' lang='lat' dir='ltr'><strong>ros</strong></span> <span class='ocrx_word' id='word_1_380' title='bbox 1337 2251 1673 2300; x_wconf 81' lang='lat' dir='ltr'><strong>ulteriores,</strong></span> <span class='ocrx_word' id='word_1_381' title='bbox 1726 2250 1838 2291; x_wconf 83' lang='lat' dir='ltr'><strong>unde</strong></span> <span class='ocrx_word' id='word_1_382' title='bbox 1877 2250 2009 2292; x_wconf 84' lang='lat' dir='ltr'><strong>toties</strong></span> 
     </span>
     <span class='ocr_line' id='line_1_66' title="bbox 1199 2305 2011 2361; baseline 0.001 -14"><span class='ocrx_word' id='word_1_383' title='bbox 1199 2308 1240 2348; x_wconf 88' lang='lat' dir='ltr'><strong>in</strong></span> <span class='ocrx_word' id='word_1_384' title='bbox 1288 2312 1392 2351; x_wconf 86' lang='lat' dir='ltr'><strong>vett.</strong></span> <span class='ocrx_word' id='word_1_385' title='bbox 1450 2307 1835 2360; x_wconf 79' lang='lat' dir='ltr'><strong>inscriptionibus:</strong></span> <span class='ocrx_word' id='word_1_386' title='bbox 1889 2305 2011 2361; x_wconf 77' lang='grc' dir='ltr'><strong>αὖτῷ</strong></span> 
     </span>
     <span class='ocr_line' id='line_1_67' title="bbox 1201 2362 2012 2419; baseline 0.001 -15"><span class='ocrx_word' id='word_1_387' title='bbox 1201 2365 1272 2404; x_wconf 79' lang='grc' dir='ltr'><strong>καὶ</strong></span> <span class='ocrx_word' id='word_1_388' title='bbox 1290 2363 1497 2419; x_wconf 71' lang='grc' dir='ltr'><em>ἐγγόνοις,</em></span> <span class='ocrx_word' id='word_1_389' title='bbox 1515 2362 1654 2410; x_wconf 73' lang='grc' dir='ltr'><em>αὐτὸν</em></span> <span class='ocrx_word' id='word_1_390' title='bbox 1679 2363 1752 2403; x_wconf 76' lang='grc' dir='ltr'><strong>καὶ</strong></span> <span class='ocrx_word' id='word_1_391' title='bbox 1779 2363 2012 2418; x_wconf 70' lang='grc' dir='ltr'><em>ἐκγόνουςς</em></span> 
     </span>
     <span class='ocr_line' id='line_1_68' title="bbox 1199 2424 2007 2476; baseline 0 -13"><span class='ocrx_word' id='word_1_392' title='bbox 1199 2428 1430 2476; x_wconf 90' lang='lat' dir='ltr'><strong>utrumque</strong></span> <span class='ocrx_word' id='word_1_393' title='bbox 1470 2424 1579 2464; x_wconf 88' lang='lat' dir='ltr'><strong>enim</strong></span> <span class='ocrx_word' id='word_1_394' title='bbox 1631 2428 1863 2474; x_wconf 87' lang='lat' dir='ltr'><strong>usurpatur</strong></span> <span class='ocrx_word' id='word_1_395' title='bbox 1907 2435 2007 2476; x_wconf 91' lang='lat' dir='ltr'><strong>pro-</strong></span> 
     </span>
     <span class='ocr_line' id='line_1_69' title="bbox 1200 2480 2006 2534; baseline 0 -14"><span class='ocrx_word' id='word_1_396' title='bbox 1200 2482 1378 2531; x_wconf 84' lang='lat' dir='ltr'><strong>miscue,</strong></span> <span class='ocrx_word' id='word_1_397' title='bbox 1410 2482 1536 2522; x_wconf 87' lang='lat' dir='ltr'><strong>sicuti</strong></span> <span class='ocrx_word' id='word_1_398' title='bbox 1558 2480 1783 2520; x_wconf 73' lang='lat' dir='ltr'><strong>luculentis</strong></span> <span class='ocrx_word' id='word_1_399' title='bbox 1797 2481 2006 2534; x_wconf 81' lang='lat' dir='ltr'><strong>exemplis</strong></span> 
     </span>
     <span class='ocr_line' id='line_1_70' title="bbox 1197 2536 2006 2580; baseline -0.001 -1"><span class='ocrx_word' id='word_1_400' title='bbox 1197 2539 1512 2580; x_wconf 87' lang='lat' dir='ltr'><strong>demonstravit</strong></span> <span class='ocrx_word' id='word_1_401' title='bbox 1567 2536 1741 2578; x_wconf 86' lang='lat' dir='ltr'><strong>Dindo</strong></span> <span class='ocrx_word' id='word_1_402' title='bbox 1760 2537 1905 2578; x_wconf 81' lang='lat' dir='ltr'><strong>rfius</strong></span> <span class='ocrx_word' id='word_1_403' title='bbox 1964 2538 2006 2578; x_wconf 88' lang='lat' dir='ltr'><strong>in</strong></span> 
     </span>
     <span class='ocr_line' id='line_1_71' title="bbox 1196 2592 2005 2649; baseline 0 -13"><span class='ocrx_word' id='word_1_404' title='bbox 1196 2595 1330 2638; x_wconf 83' lang='lat' dir='ltr'><strong>Thes.</strong></span> <span class='ocrx_word' id='word_1_405' title='bbox 1383 2596 1508 2649; x_wconf 81' lang='lat' dir='ltr'><strong>Ling.</strong></span> <span class='ocrx_word' id='word_1_406' title='bbox 1550 2594 1627 2636; x_wconf 87' lang='lat' dir='ltr'><strong>Gr.</strong></span> <span class='ocrx_word' id='word_1_407' title='bbox 1674 2592 1883 2647; x_wconf 80' lang='lat' dir='ltr'><strong>stephan.</strong></span> <span class='ocrx_word' id='word_1_408' title='bbox 1935 2596 2005 2638; x_wconf 85' lang='lat' dir='ltr'><strong>ed.</strong></span> 
     </span>
     <span class='ocr_line' id='line_1_72' title="bbox 1196 2651 2002 2697; baseline 0.001 -4"><span class='ocrx_word' id='word_1_409' title='bbox 1196 2655 1329 2696; x_wconf 77' lang='lat' dir='ltr'><strong>Paris.</strong></span> <span class='ocrx_word' id='word_1_410' title='bbox 1371 2667 1405 2697; x_wconf 86' lang='lat' dir='ltr'><strong>s.</strong></span> <span class='ocrx_word' id='word_1_411' title='bbox 1447 2653 1486 2697; x_wconf 80' lang='lat' dir='ltr'>h.</span> <span class='ocrx_word' id='word_1_412' title='bbox 1530 2667 1570 2696; x_wconf 81' lang='lat' dir='ltr'>v.</span> <span class='ocrx_word' id='word_1_413' title='bbox 1634 2651 1893 2693; x_wconf 85' lang='lat' dir='ltr'><strong>Tenendum</strong></span> <span class='ocrx_word' id='word_1_414' title='bbox 1932 2658 2002 2694; x_wconf 80' lang='lat' dir='ltr'><strong>ta-</strong></span> 
     </span>
    </p>
   </div>
   <div class='ocr_carea' id='block_1_9' title="bbox 1191 2708 2077 2991">
    <p class='ocr_par' dir='ltr' id='par_1_10' title="bbox 1191 2708 2077 2991">
     <span class='ocr_line' id='line_1_73' title="bbox 1193 2708 2077 2766; baseline -0.001 -14"><span class='ocrx_word' id='word_1_415' title='bbox 1193 2723 1291 2752; x_wconf 88' lang='lat' dir='ltr'><strong>men</strong></span> <span class='ocrx_word' id='word_1_416' title='bbox 1302 2709 1511 2766; x_wconf 75' lang='grc' dir='ltr'><em>ἐγγᾶνους</em></span> <span class='ocrx_word' id='word_1_417' title='bbox 1523 2708 1804 2764; x_wconf 62' lang='grc' dir='ltr'><em>γεΙέκγόνους</em></span> <span class='ocrx_word' id='word_1_418' title='bbox 1826 2710 2002 2751; x_wconf 71' lang='lat' dir='ltr'><strong>omnino</strong></span> <span class='ocrx_word' id='word_1_419' title='bbox 2076 2729 2077 2761; x_wconf 65' lang='grc' dir='ltr'><strong>ς</strong></span> 
     </span>
     <span class='ocr_line' id='line_1_74' title="bbox 1191 2769 2075 2820; baseline -0.002 -11"><span class='ocrx_word' id='word_1_420' title='bbox 1191 2770 1324 2811; x_wconf 83' lang='lat' dir='ltr'><strong>etiam</strong></span> <span class='ocrx_word' id='word_1_421' title='bbox 1356 2769 1610 2810; x_wconf 77' lang='lat' dir='ltr'><strong>sobolem</strong></span> <span class='ocrx_word' id='word_1_422' title='bbox 1649 2780 1700 2808; x_wconf 85' lang='lat' dir='ltr'><strong>ac</strong></span> <span class='ocrx_word' id='word_1_423' title='bbox 1738 2772 2001 2820; x_wconf 82' lang='lat' dir='ltr'><strong>posteros</strong></span> <span class='ocrx_word' id='word_1_424' title='bbox 2073 2815 2075 2819; x_wconf 23' lang='grc' dir='ltr'>ι</span> 
     </span>
     <span class='ocr_line' id='line_1_75' title="bbox 1193 2824 2074 2877; baseline 0.001 -11"><span class='ocrx_word' id='word_1_425' title='bbox 1193 2838 1382 2869; x_wconf 89' lang='lat' dir='ltr'><strong>omnes</strong></span> <span class='ocrx_word' id='word_1_426' title='bbox 1414 2825 1526 2877; x_wconf 80' lang='lat' dir='ltr'><strong>dici,</strong></span> <span class='ocrx_word' id='word_1_427' title='bbox 1565 2825 1628 2866; x_wconf 80' lang='lat' dir='ltr'><strong>ita</strong></span> <span class='ocrx_word' id='word_1_428' title='bbox 1667 2828 1715 2865; x_wconf 90' lang='lat' dir='ltr'><strong>ut</strong></span> <span class='ocrx_word' id='word_1_429' title='bbox 1747 2824 1872 2876; x_wconf 90' lang='lat' dir='ltr'><strong>primi</strong></span> <span class='ocrx_word' id='word_1_430' title='bbox 1902 2837 2001 2876; x_wconf 82' lang='lat' dir='ltr'><strong>gra·</strong></span> <span class='ocrx_word' id='word_1_431' title='bbox 2072 2836 2074 2867; x_wconf 61' lang='lat' dir='ltr'><em>z</em></span> 
     </span>
     <span class='ocr_line' id='line_1_76' title="bbox 1192 2882 2071 2938; baseline -0.001 -14"><span class='ocrx_word' id='word_1_432' title='bbox 1192 2882 1273 2924; x_wconf 90' lang='lat' dir='ltr'><strong>dus</strong></span> <span class='ocrx_word' id='word_1_433' title='bbox 1305 2884 1538 2938; x_wconf 82' lang='lat' dir='ltr'><strong>progenies</strong></span> <span class='ocrx_word' id='word_1_434' title='bbox 1576 2883 1667 2923; x_wconf 85' lang='lat' dir='ltr'><strong>sive</strong></span> <span class='ocrx_word' id='word_1_435' title='bbox 1712 2882 1790 2922; x_wconf 71' lang='lat' dir='ltr'><strong>filii</strong></span> <span class='ocrx_word' id='word_1_436' title='bbox 1820 2882 2000 2923; x_wconf 90' lang='lat' dir='ltr'><strong>minime</strong></span> <span class='ocrx_word' id='word_1_437' title='bbox 2070 2911 2071 2923; x_wconf 39' lang='lat'>³</span> 
     </span>
     <span class='ocr_line' id='line_1_77' title="bbox 1191 2939 2071 2991; baseline -0.003 -9"><span class='ocrx_word' id='word_1_438' title='bbox 1191 2941 1487 2982; x_wconf 76' lang='lat' dir='ltr'><strong>excludantur.</strong></span> <span class='ocrx_word' id='word_1_439' title='bbox 1511 2941 1646 2981; x_wconf 89' lang='lat' dir='ltr'><strong>Cuius</strong></span> <span class='ocrx_word' id='word_1_440' title='bbox 1664 2939 1836 2990; x_wconf 77' lang='lat' dir='ltr'><strong>generis</strong></span> <span class='ocrx_word' id='word_1_441' title='bbox 1848 2951 1999 2980; x_wconf 85' lang='lat' dir='ltr'><strong>exem·</strong></span> <span class='ocrx_word' id='word_1_442' title='bbox 2067 2940 2071 2991; x_wconf 66' lang='grc' dir='ltr'><em>ξ</em></span> 
     </span>
    </p>
   </div>
   <div class='ocr_carea' id='block_1_10' title="bbox 1189 2998 1996 3105">
    <p class='ocr_par' dir='ltr' id='par_1_11' title="bbox 1189 2998 1996 3105">
     <span class='ocr_line' id='line_1_78' title="bbox 1190 2998 1996 3051; baseline 0 -13"><span class='ocrx_word' id='word_1_443' title='bbox 1190 3000 1258 3051; x_wconf 82' lang='lat' dir='ltr'><strong>pia</strong></span> <span class='ocrx_word' id='word_1_444' title='bbox 1290 3000 1377 3040; x_wconf 86' lang='lat' dir='ltr'><strong>iam</strong></span> <span class='ocrx_word' id='word_1_445' title='bbox 1407 3001 1612 3039; x_wconf 80' lang='lat' dir='ltr'><strong>notarunt</strong></span> <span class='ocrx_word' id='word_1_446' title='bbox 1649 2998 1818 3038; x_wconf 48' lang='lat' dir='ltr'><strong>veteres</strong></span> <span class='ocrx_word' id='word_1_447' title='bbox 1849 3008 1996 3046; x_wconf 73' lang='lat' dir='ltr'><strong>gram·</strong></span> 
     </span>
     <span class='ocr_line' id='line_1_79' title="bbox 1189 3053 1995 3105; baseline 0.002 -11"><span class='ocrx_word' id='word_1_448' title='bbox 1189 3056 1352 3105; x_wconf 65' lang='lat' dir='ltr'><strong>mutiet,</strong></span> <span class='ocrx_word' id='word_1_449' title='bbox 1390 3060 1436 3095; x_wconf 86' lang='lat' dir='ltr'><strong>ut</strong></span> <span class='ocrx_word' id='word_1_450' title='bbox 1468 3055 1673 3095; x_wconf 81' lang='lat' dir='ltr'><strong>Pollux</strong></span> <span class='ocrx_word' id='word_1_451' title='bbox 1716 3054 1797 3094; x_wconf 83' lang='lat' dir='ltr'><strong>On.</strong></span> <span class='ocrx_word' id='word_1_452' title='bbox 1830 3053 1920 3096; x_wconf 89' lang='grc' dir='ltr'><strong>ΙΙΙ.</strong></span> <span class='ocrx_word' id='word_1_453' title='bbox 1955 3055 1995 3102; x_wconf 87' lang='grc'><strong>2,</strong></span> 
     </span>
    </p>
   </div>
   <div class='ocr_carea' id='block_1_11' title="bbox 1187 3109 2065 3222">
    <p class='ocr_par' dir='ltr' id='par_1_12' title="bbox 1187 3109 2065 3222">
     <span class='ocr_line' id='line_1_80' title="bbox 1187 3109 2065 3171; baseline -0.022 -7"><span class='ocrx_word' id='word_1_454' title='bbox 1187 3112 1258 3163; x_wconf 79' lang='lat'><strong>12.</strong></span> <span class='ocrx_word' id='word_1_455' title='bbox 1281 3112 1404 3156; x_wconf 79' lang='lat' dir='ltr'><strong>et19.</strong></span> <span class='ocrx_word' id='word_1_456' title='bbox 1430 3109 1711 3164; x_wconf 81' lang='lat' dir='ltr'><strong>attuiitqueD</strong></span> <span class='ocrx_word' id='word_1_457' title='bbox 1730 3111 1908 3151; x_wconf 83' lang='lat' dir='ltr'><strong>orvili.</strong></span> <span class='ocrx_word' id='word_1_458' title='bbox 1932 3112 1996 3154; x_wconf 78' lang='lat' dir='ltr'><strong>De</strong></span> <span class='ocrx_word' id='word_1_459' title='bbox 2061 3122 2065 3171; x_wconf 56' lang='lat' dir='ltr'>j</span> 
     </span>
     <span class='ocr_line' id='line_1_81' title="bbox 1188 3167 2063 3222; baseline -0.009 -13"><span class='ocrx_word' id='word_1_460' title='bbox 1188 3170 1401 3222; x_wconf 86' lang='lat' dir='ltr'><strong>inscriptt.</strong></span> <span class='ocrx_word' id='word_1_461' title='bbox 1450 3168 1638 3210; x_wconf 81' lang='lat' dir='ltr'><strong>Deliacis</strong></span> <span class='ocrx_word' id='word_1_462' title='bbox 1671 3167 1713 3206; x_wconf 89' lang='lat' dir='ltr'><strong>in</strong></span> <span class='ocrx_word' id='word_1_463' title='bbox 1746 3168 1877 3212; x_wconf 81' lang='lat' dir='ltr'><strong>Obss.</strong></span> <span class='ocrx_word' id='word_1_464' title='bbox 1907 3170 1993 3210; x_wconf 81' lang='grc' dir='ltr'><strong>Μῑ-</strong></span> <span class='ocrx_word' id='word_1_465' title='bbox 2061 3173 2063 3185; x_wconf 80' lang='lat'><em>¹</em></span> 
     </span>
    </p>
   </div>
   <div class='ocr_carea' id='block_1_12' title="bbox 1185 3224 1992 3277">
    <p class='ocr_par' dir='ltr' id='par_1_13' title="bbox 1185 3224 1992 3277">
     <span class='ocr_line' id='line_1_82' title="bbox 1185 3224 1992 3277; baseline 0.002 -12"><span class='ocrx_word' id='word_1_466' title='bbox 1185 3228 1309 3267; x_wconf 81' lang='lat' dir='ltr'><strong>sceii.</strong></span> <span class='ocrx_word' id='word_1_467' title='bbox 1344 3228 1446 3268; x_wconf 90' lang='lat' dir='ltr'>Vol.</span> <span class='ocrx_word' id='word_1_468' title='bbox 1484 3227 1572 3267; x_wconf 83' lang='lat' dir='ltr'>Vll.</span> <span class='ocrx_word' id='word_1_469' title='bbox 1613 3237 1653 3277; x_wconf 92' lang='lat' dir='ltr'>p.</span> <span class='ocrx_word' id='word_1_470' title='bbox 1687 3224 1743 3267; x_wconf 86' lang='lat'><strong>53</strong></span> <span class='ocrx_word' id='word_1_471' title='bbox 1776 3238 1842 3277; x_wconf 78' lang='lat' dir='ltr'><strong>sq.</strong></span> <span class='ocrx_word' id='word_1_472' title='bbox 1905 3226 1992 3267; x_wconf 82' lang='lat' dir='ltr'><strong>lta—</strong></span> 
     </span>
    </p>
   </div>
   <div class='ocr_carea' id='block_1_13' title="bbox 1182 3277 2059 3336">
    <p class='ocr_par' dir='ltr' id='par_1_14' title="bbox 1182 3277 2059 3336">
     <span class='ocr_line' id='line_1_83' title="bbox 1182 3277 2059 3336; baseline 0.001 -12"><span class='ocrx_word' id='word_1_473' title='bbox 1182 3296 1266 3336; x_wconf 85' lang='lat' dir='ltr'><strong>que</strong></span> <span class='ocrx_word' id='word_1_474' title='bbox 1298 3285 1552 3325; x_wconf 78' lang='lat' dir='ltr'><strong>vocabulum</strong></span> <span class='ocrx_word' id='word_1_475' title='bbox 1589 3283 1763 3335; x_wconf 87' lang='lat' dir='ltr'><strong>generis</strong></span> <span class='ocrx_word' id='word_1_476' title='bbox 1784 3283 1989 3335; x_wconf 88' lang='lat' dir='ltr'><strong>liquidum</strong></span> <span class='ocrx_word' id='word_1_477' title='bbox 2055 3277 2059 3332; x_wconf 65' lang='grc' dir='ltr'><em>ξ</em></span> 
     </span>
    </p>
   </div>
   <div class='ocr_carea' id='block_1_14' title="bbox 1180 3340 1989 3394">
    <p class='ocr_par' dir='ltr' id='par_1_15' title="bbox 1180 3340 1989 3394">
     <span class='ocr_line' id='line_1_84' title="bbox 1180 3340 1989 3394; baseline 0.001 -13"><span class='ocrx_word' id='word_1_478' title='bbox 1180 3345 1249 3382; x_wconf 85' lang='lat' dir='ltr'><strong>est</strong></span> <span class='ocrx_word' id='word_1_479' title='bbox 1289 3341 1470 3382; x_wconf 81' lang='lat' dir='ltr'><strong>subinde</strong></span> <span class='ocrx_word' id='word_1_480' title='bbox 1515 3353 1595 3394; x_wconf 90' lang='lat' dir='ltr'><strong>pro</strong></span> <span class='ocrx_word' id='word_1_481' title='bbox 1650 3340 1860 3381; x_wconf 86' lang='lat' dir='ltr'><strong>vocabulo</strong></span> <span class='ocrx_word' id='word_1_482' title='bbox 1898 3341 1989 3382; x_wconf 81' lang='lat' dir='ltr'><strong>for-</strong></span> 
     </span>
    </p>
   </div>
   <div class='ocr_carea' id='block_1_15' title="bbox 1175 3394 2060 3534">
    <p class='ocr_par' dir='ltr' id='par_1_16' title="bbox 1175 3394 2060 3534">
     <span class='ocr_line' id='line_1_85' title="bbox 1179 3394 2055 3452; baseline -0.001 -12"><span class='ocrx_word' id='word_1_483' title='bbox 1179 3411 1276 3440; x_wconf 84' lang='lat' dir='ltr'><strong>mae</strong></span> <span class='ocrx_word' id='word_1_484' title='bbox 1329 3412 1427 3440; x_wconf 85' lang='lat' dir='ltr'><strong>esse</strong></span> <span class='ocrx_word' id='word_1_485' title='bbox 1473 3402 1754 3452; x_wconf 84' lang='lat' dir='ltr'><strong>usurpatum,</strong></span> <span class='ocrx_word' id='word_1_486' title='bbox 1803 3403 1989 3450; x_wconf 84' lang='lat' dir='ltr'><strong>suntque</strong></span> <span class='ocrx_word' id='word_1_487' title='bbox 2052 3394 2055 3447; x_wconf 70' lang='grc' dir='ltr'><em>ἶ</em></span> 
     </span>
     <span class='ocr_line' id='line_1_86' title="bbox 1175 3455 2060 3534; baseline 0.002 -38"><span class='ocrx_word' id='word_1_488' title='bbox 1175 3467 1286 3502; x_wconf 82' lang='lat' dir='ltr'><strong>nune</strong></span> <span class='ocrx_word' id='word_1_489' title='bbox 1316 3457 1489 3511; x_wconf 75' lang='grc' dir='ltr'><em>ἔγγονοι</em></span> <span class='ocrx_word' id='word_1_490' title='bbox 1515 3457 1689 3500; x_wconf 85' lang='lat' dir='ltr'><strong>omnino</strong></span> <span class='ocrx_word' id='word_1_491' title='bbox 1722 3455 1894 3498; x_wconf 75' lang='lat' dir='ltr'><strong>Platoni</strong></span> <span class='ocrx_word' id='word_1_492' title='bbox 1933 3456 1988 3498; x_wconf 88' lang='lat' dir='ltr'><strong>ii·</strong></span> <span class='ocrx_word' id='word_1_493' title='bbox 2050 3473 2060 3534; x_wconf 45' lang='grc' dir='ltr'><strong>’ἶ</strong></span> 
     </span>
    </p>
   </div>
   <div class='ocr_carea' id='block_1_16' title="bbox 2048 2331 2098 3273">
    <p class='ocr_par' dir='ltr' id='par_1_17' title="bbox 2048 2331 2098 3273">
     <span class='ocr_line' id='line_1_87' title="bbox 2048 2331 2098 3273; baseline 0 0"><span class='ocrx_word' id='word_1_494' title='bbox 2048 2331 2098 3273; x_wconf 95' lang='lat' dir='ltr'><strong> </strong></span> 
     </span>
    </p>
   </div>
   <div class='ocr_carea' id='block_1_17' title="bbox 2058 3231 2060 3263">
    <p class='ocr_par' dir='ltr' id='par_1_18' title="bbox 2058 3231 2060 3263">
     <span class='ocr_line' id='line_1_88' title="bbox 2058 3231 2060 3263; baseline 0 0"><span class='ocrx_word' id='word_1_495' title='bbox 2058 3231 2060 3263; x_wconf 74' lang='grc' dir='ltr'><strong>ι’</strong></span> 
     </span>
    </p>
   </div>
   <div class='ocr_carea' id='block_1_18' title="bbox 2048 3232 2098 3658">
    <p class='ocr_par' dir='ltr' id='par_1_19' title="bbox 2048 3232 2098 3658">
     <span class='ocr_line' id='line_1_89' title="bbox 2048 3232 2098 3658; baseline 0 -385"><span class='ocrx_word' id='word_1_496' title='bbox 2048 3232 2098 3658; x_wconf 95' lang='lat' dir='ltr'><strong>  </strong></span> 
     </span>
    </p>
   </div>
  </div>
 </body>
</html>
