2124 3744
317 192 381 242 52
933 181 1410 235 PLATONIS

322 331 541 388 πώποτέ
582 351 683 385 του
734 328 974 396 ἤκουσας
1019 330 1206 383 αὐτῶν
1251 327 1420 394 λόγον
1454 328 1709 392 διδόντος
1753 329 1820 384 οὐ
1855 351 2026 384 κατα-

228 437 277 490 Ε
324 421 621 487 γέλαστον,·
670 415 836 486 Οἶμαι
879 418 935 471 δέ
975 435 1050 485 γε,
1099 406 1131 480 ἦ
1175 413 1218 468 δ’
1258 412 1336 477 ὅς,
1378 412 1491 468 οὐδ’
1525 411 1858 483 ἀκούσομαι.
1886 411 2028 491 Cap.

328 497 492 556 VIII.
548 498 748 554 Ταῦτα
791 502 982 554 τοίνυν
1025 496 1215 553 πάντα
1259 495 1528 568 ἐννοήσας
1576 503 1748 552 ἐκεῖνο
1774 496 2029 569 ἀναμνή-

327 588 521 653 σθητι.
568 581 709 638 αὐτὸ
755 582 818 638 τὸ
867 580 1070 648 καλόν,
1115 579 1258 636 ἀλλὰ
1301 579 1377 652 μὴ
1423 579 1493 635 τά
1543 579 1723 638 πολλὰ
1767 582 1949 653 καλά,
1993 579 2028 648 ἢ

187 683 292 734 494
330 667 474 725 αὐτό
519 690 573 723 τι
617 662 852 723 ἕκαστον
897 671 990 723 καὶ
1033 664 1109 739 μὴ
1156 665 1223 720 τὰ
1271 665 1450 721 πολλὰ
1499 672 1701 721 ἕκαστα
1728 664 1845 721 ἔσθ’
1879 665 2031 731 ὅπως

312 747 567 823 πλῆθος
600 752 851 818 ἀνέξεται
894 749 928 820 ἢ
971 749 1237 821 ἡγήσεται
1278 750 1450 818 εἷναις
1493 748 1745 806 ‘'thotoc'·
1786 749 1861 818 y',
1903 755 2026 828 ἔφη.

334 835 667 914 Φιλόσοφον
709 840 811 908 μὲν
855 832 998 910 ἄρα,
1061 828 1128 903 ἢν
1174 834 1221 889 δ’
1276 833 1410 906 ἐγώ,
1466 839 1699 903 πλῆθος
1742 834 2031 891 ἀδύνατον

331 923 508 993 εἶναι,·
583 920 910 976 Ἀδύνατον.
1004 922 1118 975 Καὶ
1180 917 1312 984 τοὺς
1385 923 1847 995 φιλοσοφοῦντας
1915 919 2030 992 ἄρα

330 1005 550 1078 ἀνάγκη
616 1010 900 1082 ψέγεσθαι
966 1003 1064 1060 ὑπ’
1131 1002 1349 1074 αὐτῶνζ,
1402 1003 1660 1075 Ἀνάγκη.
1747 1007 1866 1059 Καὶ
1918 1004 2029 1060 ὑπὸ

332 1091 549 1148 τούτων
634 1089 698 1157 δὴ
795 1094 906 1144 τῶν
982 1091 1242 1154 ἰδιωτῶν,
1346 1109 1473 1144 οσοι
1565 1092 2034 1162 προςομιλοῦντες

335 1175 478 1250 ὄχλῳ
546 1175 798 1248 ἀρέσκειν
860 1173 1012 1244 αὐτῷ
1069 1175 1431 1245 ἐπιθυμοῦσι.
1531 1178 1732 1240 Δῆλον.
1814 1173 1904 1228 Ἐκ
1964 1173 2030 1237 δὴ

335 1263 553 1318 τούτων
610 1266 736 1315 τίνα
782 1258 920 1331 ὁρᾷς
974 1263 1250 1329 σωτηρίαν
1306 1256 1596 1333 φιλοσόφῳ
1641 1255 1826 1332 φύσει,
1901 1255 2025 1323 ὥςτ’

334 1354 393 1403 ἐν
448 1349 525 1415 τῷ
599 1342 988 1414 ἐπιτηδεύματι
1059 1348 1330 1413 μείνασαν
1402 1340 1544 1414 πρὸς
1599 1346 1751 1406 τέλος
1805 1346 2033 1410 ἐλθάτω

235 1433 282 1485 Β
334 1428 510 1486 ἐννόει
566 1429 614 1484 δ’
679 1435 735 1483 ἐκ
794 1431 905 1483 τῶν
967 1431 1306 1501 ἔμπροσθεν.
1389 1424 1738 1497 ὡμολόγηται
1798 1425 1908 1498 γὰρ
1967 1425 2033 1494 δὴ

334 1514 469 1586 ἡμῖν
514 1511 797 1586 εὐμάθεια
852 1517 945 1568 καὶ
1000 1511 1191 1584 μνήμη
1249 1515 1340 1568 καὶ
1392 1510 1620 1586 ἀνδρεία
1666 1514 1757 1566 καὶ
1800 1516 2034 1583 μεγαλο-

451 1779 559 1833 Cap.
600 1777 731 1819 VIII.
791 1778 844 1820 E.
906 1775 932 1828 ἢ
975 1775 1115 1818 αὐτό
1158 1793 1208 1818 τι
1247 1775 1512 1828 ἕκαστον]
1563 1774 1694 1817 Solus
1733 1777 1886 1831 Steph.
1928 1780 2035 1827 miro

335 1851 483 1880 errore
528 1833 716 1878 αὐτόθι.
778 1835 1014 1888 Perperam
1054 1840 1159 1876 vett.
1194 1833 1316 1876 editt.
1354 1839 1454 1875 ante
1491 1831 1601 1874 αὐτὸ
1647 1833 1697 1874 τὰ
1745 1833 1856 1876 καλό
1859 1852 1881 1875 ν
1913 1849 2034 1878 com-

336 1902 467 1942 mate,
501 1899 605 1949 post
638 1892 690 1934 τὰ
726 1891 861 1933 πολλὰ
895 1891 1006 1933 καλά
1037 1899 1182 1936 autem
1214 1894 1342 1946 piene
1373 1891 1695 1949 interpungunt.

426 1954 502 1994 ··P
544 1953 644 1998 494
694 1952 743 1993 Β
807 1950 1118 2006 ”comete
1161 1955 1224 2002 τῆ
1263 1953 1438 2002 ψτκῇ·
1455 1948 1502 2002 ]
1537 1948 1585 1989 V·
1618 1953 1880 2006 προςφψς,
1919 1953 2034 2004 quod

337 2011 523 2053 Vindob.
556 2010 672 2052 Flor.
703 2013 742 2062 β.
772 2025 813 2063 γ.
846 2022 886 2050 a.
919 2022 956 2052 c.
991 2008 1162 2052 habent.
1193 2009 1331 2050 Recte
1362 2006 1493 2048 ceteri
1526 2006 1632 2048 libri.

451 2067 677 2110 ἐπειδὰν
706 2065 1088 2122 πρεσβύτερος
1118 2067 1417 2122 γίγνηται]
1450 2061 1527 2105 Sic
1558 2064 1676 2106 Flor.
1709 2079 1748 2107 a.
1783 2079 1821 2107 c.
1855 2080 1898 2110 x.
1928 2084 1969 2109 α.
1992 2084 2036 2123 y.

339 2282 495 2335 pellat,
545 2284 591 2321 ut
632 2279 786 2320 invitus
834 2278 986 2330 faciat,
1031 2292 1143 2332 quae

339 2339 528 2391 alioquin
560 2350 644 2378 non
675 2336 871 2378 facturus
903 2338 971 2379 sit.
1032 2337 1145 2378 Pro-

340 2396 473 2439 verbii
507 2394 715 2447 originem
749 2394 840 2437 fere
870 2394 971 2438 inde
1008 2396 1145 2448 expli-

340 2459 456 2505 cant,
488 2452 604 2507 quod
622 2452 877 2507 Diomedes,
897 2466 1028 2506 quum
1061 2465 1145 2495 una

342 2525 441 2554 cum
474 2512 615 2564 Ulyxe
646 2510 894 2552 Pailadium
939 2524 994 2553 ex
1042 2512 1147 2553 urbe

343 2570 638 2612 Troianorum
672 2570 786 2610 clam
813 2569 983 2610 furatus
1016 2575 1149 2619 esset,

343 2628 526 2681 Ulyxem
559 2627 677 2669 vitae
707 2639 812 2669 suae
842 2633 1024 2681 propter
1053 2628 1148 2681 gio-

343 2685 434 2729 riae
445 2684 696 2726 aviditatem
716 2686 759 2726 in
773 2684 918 2726 reditu
941 2684 1150 2726 insidian-

342 2749 431 2786 tem
463 2741 840 2796 comprehenderit
878 2748 924 2784 et
950 2743 1151 2786 manibus

341 2803 385 2844 in
397 2806 567 2857 tergum
580 2800 773 2855 religatis
785 2800 1037 2842 verberibus
1049 2814 1150 2842 coe-

340 2859 457 2914 gerit
465 2871 605 2911 usque
617 2858 1036 2911 antecedere‚usque
1047 2858 1148 2901 dum

341 2917 396 2959 ad
414 2921 558 2959 castra
591 2917 879 2970 pervenerint.
913 2915 1056 2966 Quam
1081 2930 1151 2959 ra-

341 2976 512 3017 tionem
537 2980 777 3028 sequuntur
807 2972 952 3018 Schoi.
984 2974 1094 3018 adh.
1124 2976 1150 3019 Ι.

344 3031 704 3074 etZenobius
736 3030 809 3074 ΙΙΙ.
838 3031 879 3076 8.
910 3031 999 3074 Sed
1031 3033 1149 3073 Sui-

344 3089 468 3142 das,
501 3087 814 3144 Hesychius
846 3094 891 3131 et
914 3088 1063 3133 Schol.
1093 3092 1150 3132 ad

345 3147 567 3200 Aristoph.
630 3147 876 3188 Ecclesiaz.
929 3160 970 3188 ν.
1021 3149 1151 3194 1029.

346 3262 569 3315 originem.
598 3262 826 3316 Repetunt
858 3264 969 3305 enim
995 3278 1101 3307 eam
1129 3278 1152 3306 a

346 3319 558 3375 Diomede
601 3318 796 3372 Thrace,
845 3321 916 3373 qui
961 3321 1152 3377 hospites

326 3389 438 3420 -rem
471 3375 629 3418 habere
671 3378 866 3431 coegerit
899 3391 1004 3423 cum
1033 3381 1150 3423 filia-

347 3435 428 3476 bus
459 3435 548 3476 suis
583 3436 780 3487 quamvis
818 3437 948 3489 longe
985 3438 1148 3481 foedis-

1230 2279 1350 2320 simis
1374 2277 1634 2331 eosdemque
1653 2278 1734 2320 hoc
1754 2281 1915 2321 amoris
1929 2294 2035 2336 ope-

1231 2350 1277 2378 re
1293 2341 1471 2390 peracto
1488 2336 1781 2379 trucidaverit.
1796 2339 2037 2394 Utrumque

1232 2407 1316 2435 non
1344 2396 1455 2435 maie
1486 2395 1684 2436 convenit
1725 2396 1765 2437 in
1802 2396 2036 2450 sophistas,

1233 2451 1308 2520 qui·
1335 2452 1647 2506 cupiditatibus
1668 2455 1831 2508 populi
1874 2457 1938 2497 vel
1970 2457 2037 2497 in-

1235 2509 1308 2551 viti
1341 2512 1524 2563 turpiter
1563 2510 1732 2552 adulari
1774 2514 1936 2564 soieut3
1983 2513 2038 2555 de

1233 2580 1412 2622 quorum
1430 2567 1595 2609 artibus
1618 2570 1730 2612 conf.
1749 2572 1877 2612 etiam
1899 2570 2039 2625 Gorg.

1234 2624 1392 2681 p..463
1406 2626 1459 2670 B.
1476 2624 1576 2669 465
1591 2622 1642 2667 C.
1664 2626 1764 2673 481.
1787 2627 1836 2671 E.
1851 2628 2038 2671 Phaedr-

1235 2698 1277 2738 p.
1300 2683 1400 2728 260.
1421 2689 1472 2728 A.
1504 2683 1689 2726 Theaet.
1723 2687 1880 2739 p.172.
1901 2687 1951 2727 E.
1973 2700 2037 2739 sq.

1237 2743 1362 2797 A.pol
1394 2741 1519 2784 Socr.
1551 2754 1591 2796 p·
1619 2741 1691 2786 34.
1713 2745 1763 2785 C.
1789 2744 1858 2788 35.
1884 2745 1935 2787 Β.
1967 2745 2039 2788 38.

1236 2800 1288 2842 Ε.
1330 2801 1384 2841 ai.
1418 2823 1475 2831 -
1503 2828 1505 2830 -
1537 2799 1743 2844 Ceterum
1782 2807 1902 2855 patet
1938 2810 2041 2856 post
2122 2778 2124 2826 Ξ

1208 2900 1211 2902 ,
1237 2855 1311 2899 δ’τι
1339 2861 1433 2914 μὲν
1441 2854 1526 2911 γὰρ
1555 2880 1610 2887 --
1653 2860 1878 2900 ἐπαινῶσιν
1914 2862 2039 2902 abru-
2122 2858 2124 2867 ’

1238 2922 1359 2970 ptam
1398 2928 1498 2958 esse
1537 2915 1811 2969 orationem,
1857 2923 1904 2959 ut
1947 2919 2040 2960 fere
2120 2935 2121 2973 3

1236 2975 1324 3016 tale
1353 2973 1453 3025 qnid
1478 2972 1802 3026 intelligendum
1825 2976 2039 3029 relinqua-

1228 3038 1328 3074 'tur.
1366 3028 1478 3078 εἰκός
1517 3030 1631 3070 ἔστιν
1674 3033 1742 3074 vel
1787 3032 1915 3075 οὐδέν
1952 3038 2041 3075 ἔστι
2122 3037 2124 3066 ξ

1237 3086 1519 3142 θαυμαστόν.

1232 3229 1328 3291 ,ὑπ’
1375 3234 1572 3289 αὐτων]
1622 3236 1695 3280 int.
1734 3242 1817 3278 τῶν
1863 3237 2039 3284 πολλῶν,

1238 3293 1355 3333 euius
1395 3292 1517 3333 notio
1557 3294 1802 3337 continetur
1840 3295 1879 3336 in
1916 3299 2038 3336 ante-

1207 3347 1241 3410 ’Δ
1232 3358 1392 3419 ⁷‘gresso
1428 3350 1513 3403 πλῆ
1518 3355 1616 3400 θος.

1295 3438 1348 3481 Β.
1392 3432 1604 3478 Ου’κοῦν
1643 3436 1822 3485 εὐθὺς
1861 3439 1911 3478 ἐν
1947 3441 2035 3478 πᾶ-

281 3215 287 3222 ·
345 3206 475 3246 etiam
518 3207 646 3246 aliam
696 3204 886 3258 produnt
934 3209 1148 3259 proverbii
1207 3187 1263 3246 ιγ’(
1269 3176 1403 3230 Gap
1424 3175 1542 3218 vm
1564 3176 1612 3217 P'
1647 3174 1747 3224 494
1767 3183 2041 3234 ψέγεσθαι

2107 3490 2110 3551 ἶ
