2098 3658
283 128 383 179 248
893 125 1374 181 PLATONIS

283 272 608 343 ἐπιχειρήσει
657 277 954 344 μιμεῖσθαι
1011 278 1220 352 σπουδῇ
1272 296 1326 328 τε
1394 277 1483 328 καὶ
1529 277 1783 330 ἐναντίον
1836 279 1971 330 πολ-

287 360 427 420 λῶν,
491 359 582 410 καὶ
637 356 672 410 ἃ
733 361 836 412 νῦν
895 357 959 425 δή
1007 363 1284 428 ἐλέγομεν,
1338 356 1581 429 βροντάς
1623 380 1677 415 τε
1723 361 1814 412 καὶ
1859 360 1970 433 ψό-

286 461 429 511 φους
468 438 687 511 ἀνέμων
731 463 789 496 τε
837 446 927 497 καὶ
982 445 1240 513 χαλαζῶν
1294 445 1385 496 καὶ
1428 439 1644 508 ἀξόνων
1705 449 1795 497 καὶ
1843 465 1970 514 τρο-

282 527 470 594 χιλίων
526 527 619 580 καὶ
675 530 992 596 σαλπίγγων
1049 530 1141 582 καὶ
1186 525 1372 581 αὐλῶν
1422 529 1511 580 καὶ
1556 531 1824 597 συρίγγων
1879 529 1970 581 καὶ

286 607 509 662 πάντων
554 608 811 678 ὀργάνων
856 608 1079 685 φωνάς,
1138 614 1228 665 καὶ
1272 613 1350 664 ἔτι
1396 613 1576 665 κυνῶν
1621 614 1711 665 καὶ
1756 610 1972 681 προβά-

285 713 395 746 των
439 697 529 747 καῖ
577 692 782 764 ὀρνέων
833 695 1160 769 φθόγγους·
1220 697 1312 748 καὶ
1365 699 1515 749 ἔσται
1576 692 1642 762 δὴ
1687 693 1721 762 ἡ
1770 694 1971 749 τούτου

289 777 422 842 λέξις
467 775 662 832 ἅπασα
707 778 797 834 δια
843 782 1115 850 μιμήσεως
1171 791 1385 852 ᾳωναῖς
1444 801 1498 833 τε
1546 783 1635 833 καὶ
1683 779 1970 848 σχήμασιν,

287 857 322 927 ἢ
366 861 596 932 σμικρόν
642 885 694 917 τι
740 862 1034 932 διηγήσεως
1084 870 1308 936 ἔχουσα,
1361 862 1629 932 Ἀνάγκη,
1695 870 1825 938 ἔφη,
1881 867 1972 917 καὶ

288 947 476 1003 τοῦτο.
529 946 732 1002 Ταῦτα
777 953 987 1020 τοίνυν,
1030 942 1099 1016 ἦν
1142 946 1182 1003 δ’
1233 946 1347 1016 ἐγώ,
1394 952 1579 1015 ἔλεγον
1618 949 1687 1001 τὰ
1731 948 1827 1003 δύο
1858 949 1973 1014 εἴδη

291 1032 385 1096 τῆς
428 1030 629 1095 λέξεως.
683 1035 794 1087 Καὶ
840 1034 948 1105 γάρ
997 1036 1159 1097 ἔστιν,
1206 1036 1328 1105 ἔφη.
1403 1031 1618 1087 Οὐκοῦν
1663 1032 1863 1088 αὐτοῖν
1907 1031 1971 1087 τὸ

282 1117 383 1184 μὲν
428 1115 661 1186 σμικρὰς
704 1116 804 1180 τὰς
846 1115 1162 1188 μεταβολὰς
1212 1122 1327 1188 ἔχει,
1372 1119 1462 1171 καὶ
1508 1116 1607 1170 ὲα’ν
1651 1138 1732 1180 τις
1775 1117 1974 1171 ἀποδι-

284 1201 360 1268 δῷ
407 1204 729 1271 πρέπουσαν
772 1199 1052 1273 ἁρμονίαν
1092 1204 1183 1256 καὶ
1227 1200 1460 1274 ῥυθμὸν
1487 1204 1551 1276 τῇ
1588 1202 1736 1266 λέξει,
1782 1201 1973 1265 ὀλίγον

282 1280 423 1353 πρὸς
478 1281 581 1351 τὴν
640 1284 822 1353 αὐτὴν
880 1291 1118 1356 γίγνεται
1165 1290 1337 1354 λέγειν
1389 1288 1466 1354 τῷ
1523 1283 1719 1354 ὀρθῶς
1759 1289 1976 1354 λέγοντι

273 1370 379 1435 Ρκαὶ
421 1365 480 1422 ἐν
522 1371 626 1439 μιᾷ
667 1368 913 1441 ἁρμονίᾳ
956 1402 1041 1411 -·-
1085 1373 1307 1440 σμικραὶ
1343 1364 1540 1439 γὰράἱ
1565 1372 1976 1439 μεταβολαί-ο

286 1454 377 1505 καὶ
423 1448 489 1518 δὴ
535 1452 595 1506 ὲν
639 1451 848 1527 ῥυθμῷ
887 1452 1143 1518 ὡςαύτως
1186 1458 1556 1524 παραπλησίῳ
1600 1460 1741 1521 τινές
1798 1456 1977 1524 Κομι-

285 1537 350 1610 δῇ
393 1538 495 1605 μὲν
539 1528 661 1607 οὖν,
695 1542 828 1613 ἔφη,
874 1536 1049 1603 οὕτως
1093 1542 1214 1608 ἔχει.
1289 1542 1355 1592 Τι’
1399 1542 1485 1598 δὲ;
1532 1535 1595 1592 τὸ
1646 1541 1750 1593 τοῦ
1789 1545 1975 1609 ἑτέρου

285 1619 427 1684 εἶδος
471 1619 536 1675 οὐ
582 1625 696 1678 τῶν
735 1628 1002 1679 ἐναντίων
1047 1628 1248 1686 δεῖται,
1294 1625 1489 1677 πασῶν
1531 1627 1632 1690 μὲν
1674 1622 1976 1695 ἁρμονιῶν,

316 1812 325 1824 ι
398 1759 490 1798 καὶ
525 1760 846 1814 τροχιλίων]
877 1762 979 1802 Vat.
1018 1759 1064 1802 Θ.
1097 1763 1207 1803 Ven.
1241 1761 1293 1804 ll.
1314 1760 1444 1801 Vind.
1473 1764 1566 1802 Par.
1590 1755 1692 1802 ΒΚ.
1715 1761 1832 1803 Mon.
1855 1760 1975 1802 Flor.

282 1814 339 1866 β.
375 1815 457 1856 Vat
501 1830 532 1860 r.
569 1819 786 1872 τροχίλων.
817 1825 933 1872 Ang.
966 1819 1083 1863 Flor.
1116 1832 1156 1862 Χ.
1191 1812 1422 1872 τροχιλίας(

396 1873 543 1916 ἔσται
586 1876 644 1927 δὴ
691 1873 714 1930 ἡ
756 1875 957 1918 τούτου
997 1878 1062 1932 2.)
1132 1878 1186 1921 V,
1230 1875 1395 1917 τούτων
1435 1874 1486 1930 δὴ
1530 1872 1555 1930 ἦ
1599 1877 1633 1919 λ.
1665 1878 1815 1916 contra
1845 1873 1974 1915 fidem

282 1931 564 1984 plurimorum
599 1934 821 1976 librorum.

393 1990 443 2030 B.
491 1988 667 2046 αὐτὴν
699 1994 942 2046 γίγνεται
980 1992 1186 2047 λέγειν]
1227 1988 1298 2032 αἐί
1334 1999 1435 2044 post
1466 1986 1602 2044 αὐτὴν
1631 1991 1824 2031 inserunt
1858 1989 1975 2034 Mon.

277 2049 322 2086 ct
350 2045 468 2089 Flor.
499 2049 558 2101 ss„
588 2051 703 2103 quod
743 2052 843 2092 olim
875 2052 1044 2092 restitui
1074 2056 1312 2105 praeeunte
1348 2051 1562 2091 Bekkem.
1622 2047 1719 2090 Non
1754 2060 1882 2101 opus.

394 2106 479 2146 καὶ
522 2105 583 2160 δὴ
623 2106 677 2148 ἐν
719 2106 949 2163 ῥυθμῷ]
993 2109 1040 2149 V.
1072 2109 1140 2149 καὶ
1173 2106 1227 2162 δή
1258 2108 1327 2148 καὶ
1360 2105 1407 2147 ἐν
1441 2102 1612 2162 ῥυθμῷ.
1673 2105 1761 2147 Sed
1793 2108 1975 2147 alterum

283 2163 359 2201 καί
383 2164 463 2205 soli
495 2163 651 2207 habent
682 2167 794 2208 Ven.
828 2166 878 2211 Ξ.
911 2169 1026 2220 Aug.
1058 2166 1177 2208 Flor.
1216 2180 1257 2210 x.
1290 2163 1342 2219 y'.

282 2278 452 2326 generis
495 2281 569 2321 uti
609 2283 986 2335 sermonibus,
1029 2282 1088 2324 ita

283 2340 330 2375 ut
378 2337 510 2377 etiam
559 2340 859 2391 quaelibet
910 2341 1086 2382 imita·

282 2393 440 2435 tione
472 2395 544 2436 sit
585 2410 953 2449 expressurus
997 2399 1088 2439 sine

284 2453 371 2518 ulla
404 2454 686 2495 verecundia.
746 2455 896 2508 ltaque
935 2457 1086 2496 rectis-

285 2522 397 2550 s1me
433 2524 519 2551 una
555 2525 649 2553 cum
679 2513 917 2553 imitatione
957 2515 1085 2554 etiam

283 2568 358 2636 τῆξἱ
389 2565 630 2623 διηγήσεως
666 2571 825 2611 mentio
862 2571 979 2612 sacta
1003 2578 1085 2622 est,

282 2639 441 2680 quippe
473 2629 563 2668 siue
593 2641 675 2681 qua
714 2629 901 2670 imitatio
935 2643 987 2671 ne
1024 2629 1086 2669 in-

282 2685 416 2733 telligi
453 2686 625 2736 quidem
661 2693 826 2738 posset.
870 2710 925 2719 -
970 2700 1087 2739 τρο-

283 2742 491 2793 χιλίων,
540 2745 565 2787 i.
609 2758 646 2785 e.
692 2745 1087 2787 trochlearum.

284 2801 511 2853 Scriptura
558 2803 679 2843 vocis
715 2803 832 2843 varia
882 2809 972 2845 est:
1020 2802 1086 2843 alii

286 2858 399 2899 enim
442 2861 674 2912 τροχίλιον,
716 2862 784 2901 alii
819 2861 1003 2915 τροχιλιά
1045 2864 1090 2901 et

284 2918 502 2968 τροχαλιά,
535 2919 601 2958 alii
635 2920 830 2971 τροχηλία
861 2920 1090 2967 dixerunt,-

284 2987 322 3014 v.
359 2974 750 3017 Hemsterhum
790 2977 844 3018 ad
876 2978 1086 3019 Polluc.

285 3031 348 3080 X,
379 3032 451 3074 3¹.
484 3046 526 3085 p.
563 3033 691 3077 1177.

347 3089 394 3129 Β.
435 3088 521 3130 διὰ
561 3089 838 3145 μιμήσεως
877 3095 1087 3143 φωναῖς

288 3157 339 3184 τε
379 3148 464 3187 καὶ
509 3146 799 3202 σχήμασιν]
841 3149 1085 3190 imitatio

286 3215 378 3256 per
411 3218 572 3246 voces
617 3212 668 3248 et
701 3213 906 3259 gestus.
968 3206 1086 3247 Dati-

286 3272 384 3301 vum
419 3263 659 3303 nominibus
690 3266 747 3306 ita
779 3267 970 3306 iunctum
991 3264 1087 3304 illu-

285 3319 439 3359 stravit
486 3320 769 3362 Heindorf.
821 3321 873 3362 ad
924 3321 1086 3376 Cratyl.

285 3390 325 3431 p.
357 3376 457 3421 131.
479 3377 590 3420 conf.
623 3378 811 3421 Mattll.
834 3379 915 3423 Gr.
934 3378 1086 3430 §.396.

1233 2277 1424 2334 ὀλίγον
1474 2276 1614 2332 πρὸς
1670 2275 1763 2331 τὴν
1809 2273 1977 2331 αὐτὴν

1174 2336 1254 2382 αἐὶ
1296 2341 1545 2394 γίγνεται
1591 2338 1657 2391 L]
1721 2335 1974 2377 Ficinus:

1173 2399 1361 2440 Ferme
1396 2396 1456 2438 ad
1499 2396 1727 2437 eandem
1768 2396 1976 2435 oratio-

1173 2458 1258 2498 nis
1291 2460 1520 2497 formam
1555 2465 1765 2506 semper
1797 2453 1978 2493 dicen-

1174 2515 1294 2555 dum
1345 2519 1430 2555 est
1479 2518 1647 2554 recte
1698 2510 1975 2563 loquenti,

1172 2578 1338 2625 atqne
1378 2571 1422 2611 in
1467 2583 1565 2612 una
1600 2570 1826 2621 insuper
1857 2581 1976 2608 con-

1171 2629 1455 2672 sonantia.
1531 2629 1687 2679 Itaque
1736 2627 1777 2667 in
1824 2625 1976 2667 codice

1171 2701 1252 2730 suo
1283 2689 1385 2728 item
1424 2687 1529 2739 legit
1562 2680 1640 2734 ἀεί,
1669 2684 1787 2737 quod
1816 2682 1976 2724 habent

1171 2747 1292 2788 Mon.
1322 2750 1366 2786 et
1383 2756 1489 2784 unns
1512 2743 1628 2784 Flor.
1658 2743 1857 2794 Simplex
1875 2753 1975 2781 ora-

1172 2804 1301 2845 tionis
1334 2802 1504 2855 species
1537 2801 1770 2849 indicatur,
1804 2798 1976 2838 etiamsi

1173 2861 1268 2914 quis
1300 2861 1337 2901 ei
1368 2861 1529 2900 iustum
1562 2869 1786 2899 numerum
1810 2860 1852 2896 et
1873 2857 1972 2896 har-

1173 2919 1358 2960 moniam
1378 2917 1552 2965 tribuat,
1588 2922 1730 2956 tamen
1760 2926 1842 2954 non
1867 2914 1976 2953 mul-

1174 2982 1260 3017 tam
1312 2987 1468 3028 capere
1509 2973 1803 3014 variationem.
1864 2970 1977 3012 Nam

1171 3038 1292 3075 recte
1324 3032 1481 3074 dicenti
1513 3032 1669 3081 evenit,
1702 3034 1747 3070 ut
1779 3041 1913 3082 prop
1928 3041 1977 3068 e-

1171 3090 1377 3132 modum
1425 3088 1498 3130 ad
1540 3087 1730 3129 eande
1759 3100 1798 3127 m
1854 3085 1977 3126 for·-

1172 3162 1211 3189 m
1233 3161 1257 3187 a
1280 3161 1320 3188 m
1353 3148 1491 3196 dicat,
1531 3145 1648 3199 quod
1680 3144 1783 3198 quid
1815 3143 1974 3196 signifi·

1171 3210 1264 3255 cet,
1307 3204 1552 3246 declaratur
1601 3202 1760 3244 deinde
1809 3201 1974 3242 verbis:

1171 3262 1249 3303 nai>
1278 3263 1323 3301 ἕν
1361 3263 1438 3317 μιᾷ
1470 3258 1653 3316 ἁρμονίᾳ
1697 3260 1766 3301 καὶ
1799 3256 1851 3311 δὴ
1895 3263 1974 3299 ctr.

1172 3323 1377 3361 Ceterum
1411 3321 1631 3362 harmonia
1677 3325 1721 3360 et
1754 3315 1975 3369 rhythmus

1172 3376 1239 3419 liic
1255 3378 1454 3420 tribuitur
1467 3379 1703 3420 carminum
1719 3374 1975 3425 recitationi,
2039 3381 2042 3388 ·
