2106 3594
1667 156 1831 210 ..Lvll

113 301 217 356 dus
264 302 351 356 sit.
439 300 585 374 Sed,
609 297 892 357 videamus
943 295 1167 366 paucis,
1225 316 1504 368 quaenam:
1543 297 1639 352 illa
1688 299 1829 367 sint,

114 372 185 426 ad
225 391 460 443 quorum
481 368 911 426 ,similitudinem
947 366 1007 419 in
1043 365 1387 424 aedificanda
1412 369 1696 442 republica
1731 389 1831 424 sua
1925 365 1931 369 ’

115 444 431 516 respexerit.
508 478 510 480 -
564 467 571 474 ·
848 478 854 486 ·
1044 475 1048 478 -

258 516 455 585 Itaque
505 513 740 584 primum
791 509 1013 576 quidem
1066 510 1123 563 in
1163 531 1230 567 eo
1269 513 1604 567 Doricarum
1642 512 1833 567 civita-

111 597 227 640 tum
261 585 569 656 exemplum
605 584 678 638 ob
703 582 906 637 ‘oculos
942 582 1155 652 habuit,
1198 584 1350 655 quod
1380 585 1660 657 singulare
1698 603 1832 638 con-

112 657 292 712 stituit
341 675 519 729 genus
569 653 864 710 custodum
896 654 983 707 vel
1020 655 1280 720 militum,
1341 657 1436 726 qui
1473 656 1832 727 agricultura,

113 736 442 794 mercatura,
481 727 719 798 opificiis
757 724 1075 780 abstineant
1113 738 1168 781 et
1199 734 1416 782 omnem
1453 745 1640 780 curam
1680 746 1835 780 suam

112 801 169 853 in
216 818 331 852 rem
373 799 663 852 militarem
711 797 1014 855 conferant.
1099 799 1246 853 Nam
1298 798 1474 854 simile
1519 797 1654 868 quid
1690 805 1834 851 teste

113 870 529 925 Aristotele
565 869 687 924 Pol.
730 869 838 924 Vll.
880 871 961 924 10.
1001 870 1167 924 etiam
1205 869 1355 942 apud
1374 868 1674 924 Cretenses
1711 869 1834 941 lege

115 951 233 995 erat
279 942 584 1006 sancitum3
633 941 874 1010 itemque
924 941 1073 1011 apud
1123 941 1464 1014 Spartanos,
1515 940 1583 995 de
1637 940 1835 1011 quibus

115 1034 167 1069 v.
215 1013 539 1085 Xenoph.
600 1012 671 1066 de
721 1013 860 1083 Rep.
910 1013 1240 1069 Lacedaem.
1301 1013 1666 1067 Plutarch.
1715 1013 1835 1067 Vit.

115 1084 363 1167 Lycurg.
414 1105 468 1156 p.
515 1087 606 1139 54.
656 1083 740 1138 D,
767 1084 836 1137 E.
912 1082 1248 1155 Quanquam
1285 1084 1547 1139 custodes
1583 1083 1836 1138 Platonis

116 1155 413 1226 aliquando
465 1156 715 1210 altiorem
763 1155 1052 1227 dignitatis
1100 1157 1284 1210 locum
1331 1156 1617 1226 obtinent,
1664 1156 1837 1225 siqui-

115 1227 241 1282 dem
288 1229 347 1282 in
398 1245 623 1281 numero
651 1245 864 1285 ,eorum
916 1226 1190 1282 habentur
1226 1247 1415 1282 omnes
1454 1227 1602 1282 cives
1637 1227 1837 1282 libera·-

115 1300 241 1354 liter
276 1298 517 1367 educati,
567 1298 663 1369 qui
702 1317 887 1352 veram
924 1300 1204 1353 civitatem
1267 1300 1533 1368 efficiunt,
1596 1298 1836 1368 ideoque

115 1371 324 1426 artibus
372 1379 542 1441 atque
592 1371 792 1425 litteris
826 1371 906 1424 ita
954 1371 1309 1440 erudiuntur,
1362 1379 1426 1424 ut
1463 1371 1637 1425 exiis
1670 1369 1837 1442 deligi

117 1443 333 1518 possint
382 1443 661 1514 sapientes
707 1442 790 1496 illi
827 1443 1213 1515 magistratus,
1271 1461 1412 1513 quos
1452 1443 1667 1497 civitati
1705 1460 1837 1495 suae

118 1515 428 1587 praefectos
466 1514 657 1568 voluit.
735 1516 785 1568 A
852 1533 922 1567 ue
970 1514 1099 1569 hinc
1138 1516 1406 1586 suspicari
1444 1515 1636 1569 liceret
1674 1514 1838 1567 etiam

118 1585 267 1639 tertii
314 1584 526 1639 ordinis
583 1585 733 1639 cives
780 1604 814 1638 a
889 1585 1103 1639 illarum
1146 1586 1433 1640 civitatum
1471 1605 1679 1640 morem
1719 1603 1839 1639 esse

120 1655 486 1724 deformatos,
541 1657 648 1711 nisi
694 1655 764 1710 de
814 1656 880 1710 iis
930 1665 1044 1710 tam
1095 1677 1274 1729 pauca
1311 1666 1496 1712 essent
1537 1657 1838 1728 disputata,

121 1736 183 1782 ut
219 1747 331 1798 qua
366 1728 588 1782 fortuna
622 1728 703 1781 uti
739 1728 971 1799 putandi
1009 1730 1155 1798 sint,
1193 1730 1376 1783 minus
1411 1737 1563 1783 certo
1605 1735 1840 1782 constet.

120 1799 244 1854 Nec
292 1808 476 1853 tamen
523 1798 603 1852 illi
641 1799 999 1870 comparandi
1035 1801 1259 1854 fuerunt
1297 1820 1421 1854 cum
1461 1799 1840 1854 Lacedaemo-

120 1871 335 1925 niorum
358 1870 578 1925 Helotis
600 1870 688 1925 vel
712 1870 997 1940 HomoeiS,
1014 1871 1177 1942 quod
1215 1870 1279 1926 O.
1305 1872 1353 1925 F
1369 1891 1412 1927 r.
1431 1872 1499 1925 ‘H
1516 1889 1842 1925 ermanno

120 1942 348 2015 placuit,
387 1951 485 2002 aut
519 1961 644 1996 cum
676 1942 1069 1997 Thessalorum
1093 1944 1370 2012 PenestiS,
1411 1951 1506 1997 aut
1544 1962 1670 1996 cum
1692 1940 1843 2011 μνώ-

121 2035 247 2079 ταις
295 2022 353 2069 et
397 2013 709 2083 κλαρώταις
756 2013 1120 2070 Cretensium.
1219 2013 1407 2083 Quum
1458 2015 1605 2069 enim
1667 2013 1841 2086 magi-

122 2085 385 2140 stratibus
423 2094 588 2156 atque
625 2085 952 2141 custodibus
990 2094 1054 2141 ut·
1089 2087 1238 2141 cives
1276 2086 1451 2140 additi
1475 2087 1603 2156 sint,
1642 2086 1844 2140 intelli-

19 2228 22 2239 Ι
123 2157 292 2230 gendi
329 2157 592 2211 videntur
629 2177 818 2212 omnes
856 2158 1095 2212 civitatis
1144 2159 1356 2213 incolae
1408 2159 1584 2213 civilis
1621 2158 1845 2213 liberta-

123 2233 197 2284 tis
232 2229 552 2302 participes,
593 2229 686 2300 qui
723 2229 782 2282 in
806 2230 1112 2284 tractandis
1151 2230 1453 2285 communis
1484 2232 1633 2284 vitae
1669 2249 1845 2302 nego-

122 2301 215 2355 tiis
261 2310 319 2355 et
377 2301 589 2355 artibus
645 2300 1004 2356 illiberalibus
1062 2310 1369 2356 versantur.
1472 2301 1846 2371 Quamobrem

125 2373 292 2427 etiam
325 2372 426 2426 filii
461 2373 726 2445 ipsorum,
765 2382 996 2427 naturae
1034 2374 1283 2442 bonitate
1321 2372 1673 2443 excellenteS,
1715 2391 1844 2446 pos-

126 2453 257 2499 sunt
293 2443 364 2498 ad
406 2443 697 2499 custodum
738 2453 796 2498 et
830 2446 1252 2518 magistratuum
1301 2445 1458 2499 evehi
1500 2445 1846 2519 dignitatem,

126 2514 586 2586 quemadmodum
635 2515 879 2571 vicissim
931 2516 1229 2572 custodum
1278 2517 1410 2587 filii,
1466 2518 1513 2572 si
1553 2518 1646 2588 qui
1686 2535 1718 2570 a
1753 2535 1850 2590 pa-

126 2598 287 2642 terna
329 2587 536 2641 virtute
585 2585 882 2658 deficiant,
931 2588 989 2642 in
1037 2589 1351 2643 inferiorem
1397 2589 1580 2644 locum
1632 2586 1850 2642 detrudi

130 2665 378 2732 possunt.
455 2658 653 2729 Itaque
700 2658 1065 2743 philosophus
1116 2660 1245 2715 huic
1295 2660 1475 2715 ordini
1526 2679 1715 2714 omnes
1755 2676 1851 2714 eos

128 2730 348 2785 videtur
394 2730 796 2803 assignavisse,
849 2749 944 2801 qui
994 2733 1254 2803 quoniam
1322 2732 1487 2785 animi
1535 2731 1591 2784 in
1635 2730 1853 2803 eniique

130 2801 355 2856 dotibus
406 2802 585 2856 minus
626 2801 989 2872 excellerent,
1041 2803 1110 2857 ab
1147 2803 1269 2875 ipsa
1307 2810 1507 2858 natura
1545 2822 1576 2856 a
1655 2820 1854 2877 paran-

130 2872 232 2928 das
281 2873 429 2927 vitae
479 2873 833 2943 quotidianae
893 2875 1259 2930 necessitates
1323 2874 1582 2929 destinati
1651 2882 1854 2929 essent.

134 2945 426 2999 Praeterea
473 2964 603 3000 vero
654 2945 820 2999 etiam
871 2946 1007 3015 alia,
1067 2965 1209 3016 quae
1247 2947 1303 3000 in
1339 2946 1592 3001 Platonis
1629 2946 1854 3001 civitate

133 3016 253 3071 visa
288 3024 420 3071 sunt
455 3017 755 3089 singularia
791 3025 958 3088 atque
999 3018 1152 3086 mira,
1193 3017 1264 3072 ad
1293 3017 1602 3091 exemplum
1638 3018 1854 3071 illarum

134 3087 660 3159 rerumpublicarum
706 3091 1048 3144 conformata
1086 3097 1229 3144 sunt.
1304 3090 1450 3145 Nam
1490 3088 1641 3160 quod
1673 3089 1855 3162 philo-

135 3158 343 3242 sophus
395 3160 609 3215 feminis
656 3179 765 3216 non
814 3161 981 3216 modo
1042 3161 1300 3216 maiorem
1351 3161 1692 3229 libertatem,
1757 3160 1855 3215 sed

137 3239 297 3285 etiam
334 3231 611 3286 civitatem
639 3231 708 3286 im
753 3233 1053 3287 ertiendam
1081 3231 1364 3299 iudicavit,
1393 3232 1697 3307 Spartanas
1737 3252 1856 3287 mu-

139 3300 297 3357 lieres
328 3311 553 3359 constat
601 3322 667 3357 ex
760 3306 954 3377 ycurgi
1003 3303 1219 3378 legibus
1253 3305 1415 3359 simili
1467 3306 1720 3360 libertate
1760 3303 1860 3358 do·-

144 3380 299 3428 natas
342 3381 509 3444 atque
545 3377 818 3448 gymnicis
849 3376 1337 3432 exercitationibus
1377 3377 1457 3431 uti
1496 3378 1675 3433 iussas
1718 3393 1859 3441 esse,
