<?xml version="1.0" encoding="UTF-8"?>
<!DOCTYPE html PUBLIC "-//W3C//DTD XHTML 1.0 Transitional//EN"
    "http://www.w3.org/TR/xhtml1/DTD/xhtml1-transitional.dtd">
<html xmlns="http://www.w3.org/1999/xhtml" xml:lang="en" lang="en">
 <head>
  <title>
</title>
<meta http-equiv="Content-Type" content="text/html;charset=utf-8" />
  <meta name='ocr-system' content='tesseract 3.04.00' />
  <meta name='ocr-capabilities' content='ocr_page ocr_carea ocr_par ocr_line ocrx_word'/>
</head>
<body>
  <div class='ocr_page' id='page_1' title='image "./operaomniarecens03platuoft_0092.png"; bbox 0 0 2106 3594; ppageno 0'>
   <div class='ocr_carea' id='block_1_1' title="bbox 337 167 644 230">
    <p class='ocr_par' dir='ltr' id='par_1_1' title="bbox 337 167 644 230">
     <span class='ocr_line' id='line_1_1' title="bbox 337 167 644 230; baseline -0.007 -2"><span class='ocrx_word' id='word_1_1' title='bbox 337 167 644 230; x_wconf 74' lang='lat' dir='ltr'>LXXXVI</span> 
     </span>
    </p>
   </div>
   <div class='ocr_carea' id='block_1_2' title="bbox 302 309 2028 3171">
    <p class='ocr_par' dir='ltr' id='par_1_2' title="bbox 302 309 2028 3171">
     <span class='ocr_line' id='line_1_2' title="bbox 337 309 2027 386; baseline -0.004 -16"><span class='ocrx_word' id='word_1_2' title='bbox 337 336 367 370; x_wconf 87' lang='lat' dir='ltr'>a</span> <span class='ocrx_word' id='word_1_3' title='bbox 437 316 594 370; x_wconf 87' lang='lat' dir='ltr'>nobis</span> <span class='ocrx_word' id='word_1_4' title='bbox 655 315 978 386; x_wconf 73' lang='lat' dir='ltr'>propositae.</span> <span class='ocrx_word' id='word_1_5' title='bbox 1041 330 1105 367; x_wconf 81' lang='lat' dir='ltr'>ac</span> <span class='ocrx_word' id='word_1_6' title='bbox 1173 313 1426 368; x_wconf 76' lang='lat' dir='ltr'>defensae</span> <span class='ocrx_word' id='word_1_7' title='bbox 1476 313 1715 368; x_wconf 72' lang='lat' dir='ltr'>,multum</span> <span class='ocrx_word' id='word_1_8' title='bbox 1775 309 2027 368; x_wconf 80' lang='lat' dir='ltr'>adverse-</span> 
     </span>
     <span class='ocr_line' id='line_1_3' title="bbox 334 383 2026 446; baseline -0.004 -3"><span class='ocrx_word' id='word_1_9' title='bbox 334 398 438 444; x_wconf 87' lang='lat' dir='ltr'><strong>tur.</strong></span> <span class='ocrx_word' id='word_1_10' title='bbox 523 387 728 441; x_wconf 84' lang='lat' dir='ltr'>Narrat</span> <span class='ocrx_word' id='word_1_11' title='bbox 772 386 914 441; x_wconf 86' lang='lat' dir='ltr'>enim</span> <span class='ocrx_word' id='word_1_12' title='bbox 961 383 1016 446; x_wconf 75' lang='lat' dir='ltr'><strong>G</strong></span> <span class='ocrx_word' id='word_1_13' title='bbox 1028 385 1090 440; x_wconf 79' lang='lat' dir='ltr'>el</span> <span class='ocrx_word' id='word_1_14' title='bbox 1102 385 1150 439; x_wconf 73' lang='lat' dir='ltr'>l‘i</span> <span class='ocrx_word' id='word_1_15' title='bbox 1166 405 1201 439; x_wconf 94' lang='lat' dir='ltr'>u</span> <span class='ocrx_word' id='word_1_16' title='bbox 1218 404 1261 442; x_wconf 79' lang='lat' dir='ltr'>s.</span> <span class='ocrx_word' id='word_1_17' title='bbox 1291 386 1478 441; x_wconf 62' lang='lat' dir='ltr'>Noctt-</span> <span class='ocrx_word' id='word_1_18' title='bbox 1538 384 1734 438; x_wconf 71' lang='lat' dir='ltr'>Attio..=</span> <span class='ocrx_word' id='word_1_19' title='bbox 1761 383 1925 436; x_wconf 83' lang='lat' dir='ltr'><strong>XIV.</strong></span> <span class='ocrx_word' id='word_1_20' title='bbox 1975 387 2026 437; x_wconf 77' lang='lat'>3.</span> 
     </span>
     <span class='ocr_line' id='line_1_4' title="bbox 334 447 2027 526; baseline -0.002 -13"><span class='ocrx_word' id='word_1_21' title='bbox 334 459 491 514; x_wconf 89' lang='lat' dir='ltr'>haec:</span> <span class='ocrx_word' id='word_1_22' title='bbox 578 457 658 510; x_wconf 91' lang='lat' dir='ltr'>Id</span> <span class='ocrx_word' id='word_1_23' title='bbox 715 458 927 512; x_wconf 87' lang='lat' dir='ltr'>etiam</span> <span class='ocrx_word' id='word_1_24' title='bbox 989 475 1140 521; x_wconf 81' lang='lat' dir='ltr'>esse</span> <span class='ocrx_word' id='word_1_25' title='bbox 1196 476 1323 510; x_wconf 90' lang='lat' dir='ltr'>non</span> <span class='ocrx_word' id='word_1_26' title='bbox 1400 456 1736 511; x_wconf 78' lang='lat' dir='ltr'>sincerae</span> <span class='ocrx_word' id='word_1_27' title='bbox 1795 447 2027 526; x_wconf 74' lang='lat' dir='ltr'>heque</span> 
     </span>
     <span class='ocr_line' id='line_1_5' title="bbox 335 526 2025 596; baseline -0.001 -13"><span class='ocrx_word' id='word_1_28' title='bbox 335 531 593 586; x_wconf 82' lang='lat' dir='ltr'>amicae</span> <span class='ocrx_word' id='word_1_29' title='bbox 644 550 679 582; x_wconf 90' lang='lat' dir='ltr'><strong>v</strong></span> <span class='ocrx_word' id='word_1_30' title='bbox 696 529 940 583; x_wconf 84' lang='lat' dir='ltr'>olunta</span> <span class='ocrx_word' id='word_1_31' title='bbox 959 528 1065 582; x_wconf 87' lang='lat' dir='ltr'>tis</span> <span class='ocrx_word' id='word_1_32' title='bbox 1111 527 1464 585; x_wconf 78' lang='lat' dir='ltr'>indicium</span> <span class='ocrx_word' id='word_1_33' title='bbox 1528 526 1816 582; x_wconf 80' lang='lat' dir='ltr'>credide</span> <span class='ocrx_word' id='word_1_34' title='bbox 1837 536 2025 596; x_wconf 67' lang='lat' dir='ltr'>runt,</span> 
     </span>
     <span class='ocr_line' id='line_1_6' title="bbox 335 598 2023 671; baseline 0.001 -18"><span class='ocrx_word' id='word_1_35' title='bbox 335 599 523 670; x_wconf 92' lang='lat' dir='ltr'>quod</span> <span class='ocrx_word' id='word_1_36' title='bbox 543 599 763 657; x_wconf 48' lang='lat' dir='ltr'>*Xeno</span> <span class='ocrx_word' id='word_1_37' title='bbox 825 598 955 667; x_wconf 89' lang='lat' dir='ltr'>hon</span> <span class='ocrx_word' id='word_1_38' title='bbox 999 599 1284 671; x_wconf 50' lang='lat' dir='ltr'>&gt;inclyto</span> <span class='ocrx_word' id='word_1_39' title='bbox 1334 600 1443 654; x_wconf 87' lang='lat' dir='ltr'>illi</span> <span class='ocrx_word' id='word_1_40' title='bbox 1508 619 1542 652; x_wconf 95' lang='lat' dir='ltr'>o</span> <span class='ocrx_word' id='word_1_41' title='bbox 1562 619 1598 669; x_wconf 91' lang='lat' dir='ltr'>p</span> <span class='ocrx_word' id='word_1_42' title='bbox 1617 600 1718 652; x_wconf 89' lang='lat' dir='ltr'>eri</span> <span class='ocrx_word' id='word_1_43' title='bbox 1774 600 1819 653; x_wconf 89' lang='lat' dir='ltr'>P</span> <span class='ocrx_word' id='word_1_44' title='bbox 1838 599 2023 654; x_wconf 56' lang='lat' dir='ltr'>lato*-</span> 
     </span>
     <span class='ocr_line' id='line_1_7' title="bbox 332 670 2024 742; baseline -0.002 -15"><span class='ocrx_word' id='word_1_45' title='bbox 332 671 470 740; x_wconf 85' lang='lat' dir='ltr'>nis‚</span> <span class='ocrx_word' id='word_1_46' title='bbox 502 690 652 741; x_wconf 89' lang='lat' dir='ltr'>·quo</span> <span class='ocrx_word' id='word_1_47' title='bbox 672 671 714 725; x_wconf 81' lang='lat' dir='ltr'>d.</span> <span class='ocrx_word' id='word_1_48' title='bbox 808 690 851 724; x_wconf 88' lang='lat' dir='ltr'>e·</span> <span class='ocrx_word' id='word_1_49' title='bbox 883 671 1158 742; x_wconf 84' lang='lat' dir='ltr'>optimo=</span> <span class='ocrx_word' id='word_1_50' title='bbox 1194 678 1385 724; x_wconf 87' lang='lat' dir='ltr'>statu</span> <span class='ocrx_word' id='word_1_51' title='bbox 1433 670 1877 741; x_wconf 87' lang='lat' dir='ltr'>reipublicae</span> <span class='ocrx_word' id='word_1_52' title='bbox 1927 671 2024 725; x_wconf 89' lang='lat' dir='ltr'>ci·-</span> 
     </span>
     <span class='ocr_line' id='line_1_8' title="bbox 332 741 2026 813; baseline 0 -16"><span class='ocrx_word' id='word_1_53' title='bbox 332 743 727 813; x_wconf 80' lang='lat' dir='ltr'>vitatisque</span> <span class='ocrx_word' id='word_1_54' title='bbox 790 741 1200 797; x_wconf 80' lang='lat' dir='ltr'>administra</span> <span class='ocrx_word' id='word_1_55' title='bbox 1219 742 1391 796; x_wconf 88' lang='lat' dir='ltr'>ndae</span> <span class='ocrx_word' id='word_1_56' title='bbox 1464 742 1805 812; x_wconf 84' lang='lat' dir='ltr'>scriptum</span> <span class='ocrx_word' id='word_1_57' title='bbox 1881 750 2026 810; x_wconf 78' lang='lat' dir='ltr'>est,</span> 
     </span>
     <span class='ocr_line' id='line_1_9' title="bbox 331 813 2026 884; baseline -0.001 -16"><span class='ocrx_word' id='word_1_58' title='bbox 331 815 540 869; x_wconf 85' lang='lat' dir='ltr'>lectis</span> <span class='ocrx_word' id='word_1_59' title='bbox 589 834 670 869; x_wconf 66' lang='lat' dir='ltr'>es.</span> <span class='ocrx_word' id='word_1_60' title='bbox 721 834 794 869; x_wconf 74' lang='lat' dir='ltr'>eo</span> <span class='ocrx_word' id='word_1_61' title='bbox 840 817 1099 882; x_wconf 52' lang='lat' dir='ltr'>duobus</span> <span class='ocrx_word' id='word_1_62' title='bbox 1140 816 1295 878; x_wconf 76' lang='lat' dir='ltr'>fere</span> <span class='ocrx_word' id='word_1_63' title='bbox 1355 816 1580 880; x_wconf 74' lang='lat' dir='ltr'>Libris,</span> <span class='ocrx_word' id='word_1_64' title='bbox 1642 813 1763 882; x_wconf 90' lang='lat' dir='ltr'>qui</span> <span class='ocrx_word' id='word_1_65' title='bbox 1811 814 2026 884; x_wconf 82' lang='lat' dir='ltr'>primi</span> 
     </span>
     <span class='ocr_line' id='line_1_10' title="bbox 330 884 2024 957; baseline 0 -19"><span class='ocrx_word' id='word_1_66' title='bbox 330 887 400 940; x_wconf 84' lang='lat' dir='ltr'>in</span> <span class='ocrx_word' id='word_1_67' title='bbox 448 885 700 957; x_wconf 82' lang='lat' dir='ltr'>vulgus</span> <span class='ocrx_word' id='word_1_68' title='bbox 754 886 863 939; x_wconf 83' lang='lat' dir='ltr'>exi</span> <span class='ocrx_word' id='word_1_69' title='bbox 879 892 1100 954; x_wconf 78' lang='lat' dir='ltr'>erant,</span> <span class='ocrx_word' id='word_1_70' title='bbox 1150 905 1230 955; x_wconf 90' lang='lat' dir='ltr'>op</span> <span class='ocrx_word' id='word_1_71' title='bbox 1247 884 1487 955; x_wconf 76' lang='lat' dir='ltr'>posuit</span> <span class='ocrx_word' id='word_1_72' title='bbox 1549 891 1797 954; x_wconf 80' lang='lat' dir='ltr'>contra</span> <span class='ocrx_word' id='word_1_73' title='bbox 1860 903 2024 940; x_wconf 56' lang='lat' dir='ltr'>con*</span> 
     </span>
     <span class='ocr_line' id='line_1_11' title="bbox 333 954 2023 1029; baseline -0.001 -18"><span class='ocrx_word' id='word_1_74' title='bbox 333 958 774 1028; x_wconf 80' lang='lat' dir='ltr'>scripsitque</span> <span class='ocrx_word' id='word_1_75' title='bbox 801 955 1038 1011; x_wconf 81' lang='lat' dir='ltr'>divers</span> <span class='ocrx_word' id='word_1_76' title='bbox 1056 976 1158 1011; x_wconf 89' lang='lat' dir='ltr'>um·</span> <span class='ocrx_word' id='word_1_77' title='bbox 1182 958 1424 1029; x_wconf 84' lang='lat' dir='ltr'>regiae</span> <span class='ocrx_word' id='word_1_78' title='bbox 1451 954 1822 1009; x_wconf 83' lang='lat' dir='ltr'>administr</span> <span class='ocrx_word' id='word_1_79' title='bbox 1840 956 2023 1010; x_wconf 60' lang='lat' dir='ltr'>atio-³</span> 
     </span>
     <span class='ocr_line' id='line_1_12' title="bbox 331 1025 2024 1101; baseline -0.001 -17"><span class='ocrx_word' id='word_1_80' title='bbox 331 1046 366 1085; x_wconf 85' lang='lat' dir='ltr'>n</span> <span class='ocrx_word' id='word_1_81' title='bbox 380 1030 399 1082; x_wconf 94' lang='lat' dir='ltr'>i</span> <span class='ocrx_word' id='word_1_82' title='bbox 413 1047 438 1082; x_wconf 84' lang='lat'>8</span> <span class='ocrx_word' id='word_1_83' title='bbox 486 1040 610 1101; x_wconf 81' lang='lat' dir='ltr'>gen</span> <span class='ocrx_word' id='word_1_84' title='bbox 622 1049 657 1082; x_wconf 89' lang='lat' dir='ltr'>u</span> <span class='ocrx_word' id='word_1_85' title='bbox 672 1048 698 1082; x_wconf 92' lang='lat' dir='ltr'>s</span> <span class='ocrx_word' id='word_1_86' title='bbox 713 1066 730 1097; x_wconf 83' lang='lat'>.‚</span> <span class='ocrx_word' id='word_1_87' title='bbox 782 1044 866 1097; x_wconf 88' lang='lat' dir='ltr'>qu</span> <span class='ocrx_word' id='word_1_88' title='bbox 880 1048 911 1082; x_wconf 94' lang='lat' dir='ltr'>o</span> <span class='ocrx_word' id='word_1_89' title='bbox 929 1027 965 1081; x_wconf 85' lang='lat' dir='ltr'>d</span> <span class='ocrx_word' id='word_1_90' title='bbox 1028 1033 1277 1098; x_wconf 55' lang='lat' dir='ltr'>attacking·</span> <span class='ocrx_word' id='word_1_91' title='bbox 1342 1025 1535 1092; x_wconf 74' lang='grc' dir='ltr'><strong>Κύρου</strong></span> <span class='ocrx_word' id='word_1_92' title='bbox 1593 1028 1660 1080; x_wconf 91' lang='lat' dir='ltr'>in</span> <span class='ocrx_word' id='word_1_93' title='bbox 1675 1026 1864 1097; x_wconf 83' lang='lat' dir='ltr'>scrip</span> <span class='ocrx_word' id='word_1_94' title='bbox 1879 1035 1952 1081; x_wconf 89' lang='lat' dir='ltr'>tu</span> <span class='ocrx_word' id='word_1_95' title='bbox 1971 1046 2024 1082; x_wconf 86' lang='lat' dir='ltr'>m</span> 
     </span>
     <span class='ocr_line' id='line_1_13' title="bbox 330 1095 2024 1171; baseline -0.001 -16"><span class='ocrx_word' id='word_1_96' title='bbox 330 1108 458 1168; x_wconf 71' lang='lat' dir='ltr'>est,</span> <span class='ocrx_word' id='word_1_97' title='bbox 522 1100 630 1157; x_wconf 69' lang='lat' dir='ltr'>&#39;&#39;Eo</span> <span class='ocrx_word' id='word_1_98' title='bbox 678 1100 868 1154; x_wconf 85' lang='lat' dir='ltr'>facto</span> <span class='ocrx_word' id='word_1_99' title='bbox 915 1101 1333 1171; x_wconf 86' lang='lat' dir='ltr'>scriptoque</span> <span class='ocrx_word' id='word_1_100' title='bbox 1394 1100 1554 1153; x_wconf 90' lang='lat' dir='ltr'>eius</span> <span class='ocrx_word' id='word_1_101' title='bbox 1591 1117 1814 1169; x_wconf 84' lang='lat' dir='ltr'>usque</span> <span class='ocrx_word' id='word_1_102' title='bbox 1851 1095 2024 1154; x_wconf 72' lang='lat' dir='ltr'>acl-eo</span> 
     </span>
     <span class='ocr_line' id='line_1_14' title="bbox 329 1171 2022 1242; baseline -0.004 -16"><span class='ocrx_word' id='word_1_103' title='bbox 329 1192 367 1242; x_wconf 88' lang='lat' dir='ltr'>p</span> <span class='ocrx_word' id='word_1_104' title='bbox 387 1179 716 1227; x_wconf 86' lang='lat' dir='ltr'>ermotum</span> <span class='ocrx_word' id='word_1_105' title='bbox 765 1190 794 1224; x_wconf 92' lang='lat' dir='ltr'>e</span> <span class='ocrx_word' id='word_1_106' title='bbox 815 1190 923 1226; x_wconf 87' lang='lat' dir='ltr'>sse</span> <span class='ocrx_word' id='word_1_107' title='bbox 973 1171 1335 1226; x_wconf 81' lang='lat' dir='ltr'>Platonem</span> <span class='ocrx_word' id='word_1_108' title='bbox 1382 1172 1584 1224; x_wconf 77' lang='lat' dir='ltr'>ferun</span> <span class='ocrx_word' id='word_1_109' title='bbox 1602 1179 1655 1238; x_wconf 81' lang='lat' dir='ltr'>t,</span> <span class='ocrx_word' id='word_1_110' title='bbox 1714 1188 1751 1224; x_wconf 95' lang='lat' dir='ltr'>u</span> <span class='ocrx_word' id='word_1_111' title='bbox 1770 1176 1794 1222; x_wconf 92' lang='lat' dir='ltr'>t</span> <span class='ocrx_word' id='word_1_112' title='bbox 1854 1190 2022 1240; x_wconf 42' lang='lat' dir='ltr'>quo*-</span> 
     </span>
     <span class='ocr_line' id='line_1_15' title="bbox 330 1241 2021 1314; baseline -0.001 -16"><span class='ocrx_word' id='word_1_113' title='bbox 330 1243 476 1298; x_wconf 89' lang='lat' dir='ltr'>dam</span> <span class='ocrx_word' id='word_1_114' title='bbox 535 1243 607 1298; x_wconf 91' lang='lat' dir='ltr'>in</span> <span class='ocrx_word' id='word_1_115' title='bbox 665 1243 847 1297; x_wconf 88' lang='lat' dir='ltr'>libro</span> <span class='ocrx_word' id='word_1_116' title='bbox 901 1263 952 1295; x_wconf 88' lang='lat' dir='ltr'>m</span> <span class='ocrx_word' id='word_1_117' title='bbox 975 1243 1258 1297; x_wconf 85' lang='lat' dir='ltr'>entione</span> <span class='ocrx_word' id='word_1_118' title='bbox 1293 1241 1461 1314; x_wconf 88' lang='lat' dir='ltr'>Cyri</span> <span class='ocrx_word' id='word_1_119' title='bbox 1482 1279 1484 1282; x_wconf 56' lang='lat'>&gt;</span> <span class='ocrx_word' id='word_1_120' title='bbox 1506 1242 1700 1314; x_wconf 85' lang='lat' dir='ltr'>regis</span> <span class='ocrx_word' id='word_1_121' title='bbox 1746 1241 2021 1312; x_wconf 80' lang='lat' dir='ltr'>habita,</span> 
     </span>
     <span class='ocr_line' id='line_1_16' title="bbox 329 1313 2021 1385; baseline -0.001 -17"><span class='ocrx_word' id='word_1_122' title='bbox 329 1314 768 1370; x_wconf 77' lang='lat' dir='ltr'>retractandi</span> <span class='ocrx_word' id='word_1_123' title='bbox 830 1313 1254 1384; x_wconf 81' lang='lat' dir='ltr'>levandique</span> <span class='ocrx_word' id='word_1_124' title='bbox 1304 1315 1454 1368; x_wconf 85' lang='lat' dir='ltr'>eius</span> <span class='ocrx_word' id='word_1_125' title='bbox 1502 1314 1739 1385; x_wconf 79' lang='lat' dir='ltr'>operis</span> <span class='ocrx_word' id='word_1_126' title='bbox 1790 1314 2021 1383; x_wconf 85' lang='lat' dir='ltr'>gratia</span> 
     </span>
     <span class='ocr_line' id='line_1_17' title="bbox 328 1383 2020 1458; baseline 0.001 -20"><span class='ocrx_word' id='word_1_127' title='bbox 328 1385 549 1441; x_wconf 81' lang='lat' dir='ltr'>virum</span> <span class='ocrx_word' id='word_1_128' title='bbox 597 1385 870 1455; x_wconf 88' lang='lat' dir='ltr'>quidem</span> <span class='ocrx_word' id='word_1_129' title='bbox 890 1417 893 1423; x_wconf 88' lang='lat'>-</span> <span class='ocrx_word' id='word_1_130' title='bbox 917 1383 1167 1458; x_wconf 85' lang='lat' dir='ltr'><strong>Cyrum</strong></span> <span class='ocrx_word' id='word_1_131' title='bbox 1226 1405 1471 1441; x_wconf 88' lang='lat' dir='ltr'>navum</span> <span class='ocrx_word' id='word_1_132' title='bbox 1511 1393 1594 1438; x_wconf 84' lang='lat' dir='ltr'>-et</span> <span class='ocrx_word' id='word_1_133' title='bbox 1653 1391 2020 1441; x_wconf 88' lang='lat' dir='ltr'>strenuum</span> 
     </span>
     <span class='ocr_line' id='line_1_18' title="bbox 326 1450 2018 1530; baseline -0.002 -17"><span class='ocrx_word' id='word_1_134' title='bbox 326 1459 467 1513; x_wconf 79' lang='lat' dir='ltr'>fuis</span> <span class='ocrx_word' id='word_1_135' title='bbox 482 1477 550 1513; x_wconf 86' lang='lat' dir='ltr'>se</span> <span class='ocrx_word' id='word_1_136' title='bbox 589 1458 874 1525; x_wconf 77' lang='lat' dir='ltr'>dixerit,</span> <span class='ocrx_word' id='word_1_137' title='bbox 915 1459 1166 1519; x_wconf 75' lang='grc' dir='ltr'><em>παιδείας</em></span> <span class='ocrx_word' id='word_1_138' title='bbox 1208 1457 1264 1513; x_wconf 73' lang='grc' dir='ltr'>,δ’</span> <span class='ocrx_word' id='word_1_139' title='bbox 1290 1500 1292 1506; x_wconf 94' lang='grc'>.</span> <span class='ocrx_word' id='word_1_140' title='bbox 1317 1456 1419 1511; x_wconf 82' lang='grc' dir='ltr'>οὐκ</span> <span class='ocrx_word' id='word_1_141' title='bbox 1474 1456 1672 1530; x_wconf 70' lang='grc' dir='ltr'><strong><em>ὀρθῶς</em></strong></span> <span class='ocrx_word' id='word_1_142' title='bbox 1717 1450 1918 1527; x_wconf 75' lang='grc' dir='ltr'><em>ἧφθαι</em></span> <span class='ocrx_word' id='word_1_143' title='bbox 1954 1455 2018 1510; x_wconf 76' lang='grc' dir='ltr'>τὸ</span> 
     </span>
     <span class='ocr_line' id='line_1_19' title="bbox 328 1526 2023 1599; baseline -0.001 -18"><span class='ocrx_word' id='word_1_144' title='bbox 328 1528 611 1597; x_wconf 53' lang='grc' dir='ltr'>παράπαν,</span> <span class='ocrx_word' id='word_1_145' title='bbox 701 1529 890 1582; x_wconf 80' lang='lat' dir='ltr'>Haec</span> <span class='ocrx_word' id='word_1_146' title='bbox 957 1529 1132 1582; x_wconf 88' lang='lat' dir='ltr'>enim</span> <span class='ocrx_word' id='word_1_147' title='bbox 1199 1529 1409 1583; x_wconf 84' lang='lat' dir='ltr'>verba</span> <span class='ocrx_word' id='word_1_148' title='bbox 1464 1536 1629 1582; x_wconf 79' lang='lat' dir='ltr'>sunt</span> <span class='ocrx_word' id='word_1_149' title='bbox 1691 1526 1774 1581; x_wconf 90' lang='lat' dir='ltr'>de</span> <span class='ocrx_word' id='word_1_150' title='bbox 1837 1526 2023 1599; x_wconf 83' lang='lat' dir='ltr'>Cyro</span> 
     </span>
     <span class='ocr_line' id='line_1_20' title="bbox 327 1595 2028 1670; baseline -0.002 -15"><span class='ocrx_word' id='word_1_151' title='bbox 327 1601 374 1655; x_wconf 77' lang='lat' dir='ltr'>P.</span> <span class='ocrx_word' id='word_1_152' title='bbox 393 1595 536 1655; x_wconf 81' lang='lat' dir='ltr'>lato</span> <span class='ocrx_word' id='word_1_153' title='bbox 555 1615 593 1654; x_wconf 83' lang='lat' dir='ltr'>n</span> <span class='ocrx_word' id='word_1_154' title='bbox 607 1601 623 1653; x_wconf 86' lang='lat' dir='ltr'>i</span> <span class='ocrx_word' id='word_1_155' title='bbox 638 1620 664 1655; x_wconf 87' lang='lat' dir='ltr'>s</span> <span class='ocrx_word' id='word_1_156' title='bbox 681 1602 734 1653; x_wconf 80' lang='grc'>“.</span> <span class='ocrx_word' id='word_1_157' title='bbox 776 1639 777 1643; x_wconf 65' lang='lat'>,</span> <span class='ocrx_word' id='word_1_158' title='bbox 825 1598 984 1667; x_wconf 80' lang='lat' dir='ltr'>Quae</span> <span class='ocrx_word' id='word_1_159' title='bbox 1030 1600 1077 1654; x_wconf 91' lang='lat' dir='ltr'>si</span> <span class='ocrx_word' id='word_1_160' title='bbox 1132 1619 1260 1653; x_wconf 83' lang='lat' dir='ltr'>vere</span> <span class='ocrx_word' id='word_1_161' title='bbox 1277 1600 1584 1655; x_wconf 40' lang='lat' dir='ltr'>:memoriae</span> <span class='ocrx_word' id='word_1_162' title='bbox 1622 1598 1843 1669; x_wconf 85' lang='lat' dir='ltr'>prodita</span> <span class='ocrx_word' id='word_1_163' title='bbox 1895 1600 2028 1670; x_wconf 67' lang='lat' dir='ltr'>sint,</span> 
     </span>
     <span class='ocr_line' id='line_1_21' title="bbox 328 1669 2025 1740; baseline -0.002 -13"><span class='ocrx_word' id='word_1_164' title='bbox 328 1673 647 1727; x_wconf 82' lang='lat' dir='ltr'>confirmare</span> <span class='ocrx_word' id='word_1_165' title='bbox 683 1691 814 1726; x_wconf 82' lang='lat' dir='ltr'>sane</span> <span class='ocrx_word' id='word_1_166' title='bbox 852 1690 964 1725; x_wconf 89' lang='lat' dir='ltr'>non</span> <span class='ocrx_word' id='word_1_167' title='bbox 999 1669 1348 1725; x_wconf 72' lang='lat' dir='ltr'>mediocriter</span> <span class='ocrx_word' id='word_1_168' title='bbox 1386 1670 1672 1740; x_wconf 77' lang='lat' dir='ltr'>videantur</span> <span class='ocrx_word' id='word_1_169' title='bbox 1690 1683 1878 1725; x_wconf 85' lang='lat' dir='ltr'>eorum</span> <span class='ocrx_word' id='word_1_170' title='bbox 1900 1690 2025 1725; x_wconf 81' lang='lat' dir='ltr'>sen-</span> 
     </span>
     <span class='ocr_line' id='line_1_22' title="bbox 325 1740 2027 1815; baseline -0.001 -16"><span class='ocrx_word' id='word_1_171' title='bbox 325 1745 574 1813; x_wconf 66' lang='lat' dir='ltr'>tentiani,</span> <span class='ocrx_word' id='word_1_172' title='bbox 612 1744 708 1814; x_wconf 90' lang='lat' dir='ltr'>qui</span> <span class='ocrx_word' id='word_1_173' title='bbox 743 1740 979 1797; x_wconf 86' lang='lat' dir='ltr'>Politiae</span> <span class='ocrx_word' id='word_1_174' title='bbox 1016 1762 1152 1814; x_wconf 77' lang='lat' dir='ltr'>opus</span> <span class='ocrx_word' id='word_1_175' title='bbox 1190 1743 1555 1815; x_wconf 78' lang='lat' dir='ltr'>particulatim</span> <span class='ocrx_word' id='word_1_176' title='bbox 1587 1741 1809 1799; x_wconf 79' lang='lat' dir='ltr'>¹diversa</span> <span class='ocrx_word' id='word_1_177' title='bbox 1845 1750 2027 1797; x_wconf 83' lang='lat' dir='ltr'>aetate</span> 
     </span>
     <span class='ocr_line' id='line_1_23' title="bbox 328 1813 2025 1886; baseline 0 -17"><span class='ocrx_word' id='word_1_178' title='bbox 328 1835 361 1869; x_wconf 84' lang='lat' dir='ltr'>a</span> <span class='ocrx_word' id='word_1_179' title='bbox 400 1816 628 1869; x_wconf 87' lang='lat' dir='ltr'>Platone</span> <span class='ocrx_word' id='word_1_180' title='bbox 665 1815 926 1886; x_wconf 90' lang='lat' dir='ltr'>scriptum</span> <span class='ocrx_word' id='word_1_181' title='bbox 965 1823 1019 1868; x_wconf 84' lang='lat' dir='ltr'>et</span> <span class='ocrx_word' id='word_1_182' title='bbox 1067 1815 1121 1868; x_wconf 89' lang='lat' dir='ltr'>in</span> <span class='ocrx_word' id='word_1_183' title='bbox 1160 1814 1358 1886; x_wconf 83' lang='lat' dir='ltr'>vulgus</span> <span class='ocrx_word' id='word_1_184' title='bbox 1408 1813 1613 1867; x_wconf 88' lang='lat' dir='ltr'>editum</span> <span class='ocrx_word' id='word_1_185' title='bbox 1652 1831 1784 1867; x_wconf 58' lang='lat' dir='ltr'>&gt;esse</span> <span class='ocrx_word' id='word_1_186' title='bbox 1814 1820 2025 1869; x_wconf 71' lang='lat' dir='ltr'>‘statue-</span> 
     </span>
     <span class='ocr_line' id='line_1_24' title="bbox 327 1883 2023 1955; baseline -0.002 -14"><span class='ocrx_word' id='word_1_187' title='bbox 327 1895 468 1941; x_wconf 88' lang='lat' dir='ltr'>runt.</span> <span class='ocrx_word' id='word_1_188' title='bbox 541 1887 624 1940; x_wconf 89' lang='lat' dir='ltr'>At</span> <span class='ocrx_word' id='word_1_189' title='bbox 662 1887 802 1941; x_wconf 90' lang='lat' dir='ltr'>enim</span> <span class='ocrx_word' id='word_1_190' title='bbox 840 1905 969 1939; x_wconf 90' lang='lat' dir='ltr'>vero</span> <span class='ocrx_word' id='word_1_191' title='bbox 993 1884 1450 1955; x_wconf 80' lang='lat' dir='ltr'>quemadmodum</span> <span class='ocrx_word' id='word_1_192' title='bbox 1472 1893 1589 1939; x_wconf 91' lang='lat' dir='ltr'>tota</span> <span class='ocrx_word' id='word_1_193' title='bbox 1625 1883 1761 1939; x_wconf 88' lang='lat' dir='ltr'>haec</span> <span class='ocrx_word' id='word_1_194' title='bbox 1788 1883 2023 1939; x_wconf 52' lang='lat' dir='ltr'>‚Gellii</span> 
     </span>
     <span class='ocr_line' id='line_1_25' title="bbox 327 1956 2025 2029; baseline -0.001 -17"><span class='ocrx_word' id='word_1_195' title='bbox 327 1959 566 2013; x_wconf 85' lang='lat' dir='ltr'>narratio</span> <span class='ocrx_word' id='word_1_196' title='bbox 616 1956 910 2012; x_wconf 83' lang='lat' dir='ltr'>admodum</span> <span class='ocrx_word' id='word_1_197' title='bbox 955 1964 1255 2028; x_wconf 84' lang='lat' dir='ltr'>suspectae</span> <span class='ocrx_word' id='word_1_198' title='bbox 1287 1965 1370 2011; x_wconf 87' lang='lat' dir='ltr'>est</span> <span class='ocrx_word' id='word_1_199' title='bbox 1404 1956 1534 2011; x_wconf 81' lang='lat' dir='ltr'>fidei</span> <span class='ocrx_word' id='word_1_200' title='bbox 1548 1998 1564 2025; x_wconf 80' lang='lat'>‚</span> <span class='ocrx_word' id='word_1_201' title='bbox 1605 1957 1866 2025; x_wconf 82' lang='lat' dir='ltr'>quoniam</span> <span class='ocrx_word' id='word_1_202' title='bbox 1888 1977 2025 2029; x_wconf 78' lang='lat' dir='ltr'>per·-</span> 
     </span>
     <span class='ocr_line' id='line_1_26' title="bbox 327 2027 2026 2099; baseline -0.001 -15"><span class='ocrx_word' id='word_1_203' title='bbox 327 2030 470 2084; x_wconf 87' lang='lat' dir='ltr'>tinet</span> <span class='ocrx_word' id='word_1_204' title='bbox 521 2029 591 2083; x_wconf 87' lang='lat' dir='ltr'>ad</span> <span class='ocrx_word' id='word_1_205' title='bbox 641 2044 814 2084; x_wconf 80' lang='lat' dir='ltr'>vanos</span> <span class='ocrx_word' id='word_1_206' title='bbox 861 2048 1108 2083; x_wconf 75' lang='lat' dir='ltr'>rumores</span> <span class='ocrx_word' id='word_1_207' title='bbox 1127 2079 1129 2081; x_wconf 83' lang='grc'><em>,</em></span> <span class='ocrx_word' id='word_1_208' title='bbox 1146 2028 1215 2083; x_wconf 84' lang='lat' dir='ltr'>de</span> <span class='ocrx_word' id='word_1_209' title='bbox 1252 2028 1645 2099; x_wconf 83' lang='lat' dir='ltr'>Xenophontis</span> <span class='ocrx_word' id='word_1_210' title='bbox 1684 2035 1739 2081; x_wconf 83' lang='lat' dir='ltr'>et</span> <span class='ocrx_word' id='word_1_211' title='bbox 1775 2027 2026 2083; x_wconf 80' lang='lat' dir='ltr'>Platonis</span> 
     </span>
     <span class='ocr_line' id='line_1_27' title="bbox 326 2099 2022 2170; baseline -0.001 -15"><span class='ocrx_word' id='word_1_212' title='bbox 326 2102 689 2155; x_wconf 81' lang='lat' dir='ltr'>aemulatione</span> <span class='ocrx_word' id='word_1_213' title='bbox 735 2099 929 2155; x_wconf 78' lang='lat' dir='ltr'>sedulo</span> <span class='ocrx_word' id='word_1_214' title='bbox 981 2100 1050 2154; x_wconf 85' lang='lat' dir='ltr'>ab</span> <span class='ocrx_word' id='word_1_215' title='bbox 1066 2149 1070 2154; x_wconf 88' lang='lat'>.</span> <span class='ocrx_word' id='word_1_216' title='bbox 1102 2100 1168 2154; x_wconf 84' lang='lat' dir='ltr'>iis</span> <span class='ocrx_word' id='word_1_217' title='bbox 1206 2119 1457 2170; x_wconf 82' lang='lat' dir='ltr'>sparsos,</span> <span class='ocrx_word' id='word_1_218' title='bbox 1508 2100 1602 2169; x_wconf 91' lang='lat' dir='ltr'>qui</span> <span class='ocrx_word' id='word_1_219' title='bbox 1641 2099 1889 2154; x_wconf 79' lang='lat' dir='ltr'>Platonis</span> <span class='ocrx_word' id='word_1_220' title='bbox 1925 2120 2022 2154; x_wconf 91' lang='lat' dir='ltr'>no—</span> 
     </span>
     <span class='ocr_line' id='line_1_28' title="bbox 325 2171 2022 2244; baseline -0.002 -17"><span class='ocrx_word' id='word_1_221' title='bbox 325 2174 458 2227; x_wconf 92' lang='lat' dir='ltr'>mini</span> <span class='ocrx_word' id='word_1_222' title='bbox 503 2173 774 2244; x_wconf 83' lang='lat' dir='ltr'>malignae</span> <span class='ocrx_word' id='word_1_223' title='bbox 812 2171 1050 2225; x_wconf 86' lang='lat' dir='ltr'>invidiae</span> <span class='ocrx_word' id='word_1_224' title='bbox 1088 2180 1272 2226; x_wconf 89' lang='lat' dir='ltr'>notam</span> <span class='ocrx_word' id='word_1_225' title='bbox 1310 2174 1525 2225; x_wconf 89' lang='lat' dir='ltr'>inurere</span> <span class='ocrx_word' id='word_1_226' title='bbox 1560 2171 1903 2226; x_wconf 84' lang='lat' dir='ltr'>studuissent</span> <span class='ocrx_word' id='word_1_227' title='bbox 1939 2173 2022 2241; x_wconf 81' lang='grc'>*);</span> 
     </span>
     <span class='ocr_line' id='line_1_29' title="bbox 324 2242 2022 2311; baseline -0.001 -13"><span class='ocrx_word' id='word_1_228' title='bbox 324 2246 405 2299; x_wconf 88' lang='lat' dir='ltr'>ita</span> <span class='ocrx_word' id='word_1_229' title='bbox 452 2245 612 2298; x_wconf 89' lang='lat' dir='ltr'>etiam</span> <span class='ocrx_word' id='word_1_230' title='bbox 661 2243 796 2298; x_wconf 91' lang='lat' dir='ltr'>illud</span> <span class='ocrx_word' id='word_1_231' title='bbox 847 2251 1046 2297; x_wconf 88' lang='lat' dir='ltr'>temere</span> <span class='ocrx_word' id='word_1_232' title='bbox 1085 2244 1387 2297; x_wconf 69' lang='lat' dir='ltr'>confictumv</span> <span class='ocrx_word' id='word_1_233' title='bbox 1415 2242 1663 2308; x_wconf 72' lang='lat' dir='ltr'>videtur,</span> <span class='ocrx_word' id='word_1_234' title='bbox 1687 2278 1689 2283; x_wconf 23' lang='grc' dir='ltr'><strong><em>π</em></strong></span> <span class='ocrx_word' id='word_1_235' title='bbox 1720 2243 1870 2311; x_wconf 87' lang='lat' dir='ltr'>quod</span> <span class='ocrx_word' id='word_1_236' title='bbox 1906 2243 2022 2296; x_wconf 48' lang='lat' dir='ltr'>Xe*</span> 
     </span>
     <span class='ocr_line' id='line_1_30' title="bbox 325 2313 2020 2387; baseline 0 -18"><span class='ocrx_word' id='word_1_237' title='bbox 325 2316 553 2387; x_wconf 90' lang='lat' dir='ltr'>nophon</span> <span class='ocrx_word' id='word_1_238' title='bbox 620 2324 873 2369; x_wconf 81' lang='lat' dir='ltr'>narratur</span> <span class='ocrx_word' id='word_1_239' title='bbox 929 2313 1332 2387; x_wconf 85' lang='lat' dir='ltr'>Cyropaediam</span> <span class='ocrx_word' id='word_1_240' title='bbox 1398 2334 1550 2368; x_wconf 89' lang='lat' dir='ltr'>suam</span> <span class='ocrx_word' id='word_1_241' title='bbox 1625 2314 1839 2368; x_wconf 86' lang='lat' dir='ltr'>duobus</span> <span class='ocrx_word' id='word_1_242' title='bbox 1907 2316 2020 2369; x_wconf 74' lang='lat' dir='ltr'>fere</span> 
     </span>
     <span class='ocr_line' id='line_1_31' title="bbox 324 2386 2019 2458; baseline -0.001 -18"><span class='ocrx_word' id='word_1_243' title='bbox 324 2387 479 2442; x_wconf 87' lang='lat' dir='ltr'>libris</span> <span class='ocrx_word' id='word_1_244' title='bbox 532 2387 763 2441; x_wconf 86' lang='lat' dir='ltr'>Politiae</span> <span class='ocrx_word' id='word_1_245' title='bbox 819 2386 1135 2440; x_wconf 89' lang='lat' dir='ltr'>Platonicae</span> <span class='ocrx_word' id='word_1_246' title='bbox 1182 2387 1379 2446; x_wconf 86' lang='lat' dir='ltr'>ceteris</span> <span class='ocrx_word' id='word_1_247' title='bbox 1431 2386 1582 2458; x_wconf 88' lang='lat' dir='ltr'>prius</span> <span class='ocrx_word' id='word_1_248' title='bbox 1633 2386 1689 2439; x_wconf 90' lang='lat' dir='ltr'>in</span> <span class='ocrx_word' id='word_1_249' title='bbox 1743 2386 2019 2456; x_wconf 87' lang='lat' dir='ltr'>publicum</span> 
     </span>
     <span class='ocr_line' id='line_1_32' title="bbox 325 2457 2023 2530; baseline -0.001 -18"><span class='ocrx_word' id='word_1_250' title='bbox 325 2458 538 2513; x_wconf 80' lang='lat' dir='ltr'>emissis</span> <span class='ocrx_word' id='word_1_251' title='bbox 600 2459 963 2530; x_wconf 86' lang='lat' dir='ltr'>opposuisse.·</span> <span class='ocrx_word' id='word_1_252' title='bbox 1039 2457 1184 2512; x_wconf 84' lang='lat' dir='ltr'>Nam</span> <span class='ocrx_word' id='word_1_253' title='bbox 1243 2458 1478 2528; x_wconf 89' lang='lat' dir='ltr'>primum</span> <span class='ocrx_word' id='word_1_254' title='bbox 1540 2457 1761 2527; x_wconf 86' lang='lat' dir='ltr'>quidem</span> <span class='ocrx_word' id='word_1_255' title='bbox 1823 2457 2023 2511; x_wconf 86' lang='lat' dir='ltr'>divisio</span> 
     </span>
     <span class='ocr_line' id='line_1_33' title="bbox 302 2528 2021 2600; baseline -0.001 -16"><span class='ocrx_word' id='word_1_256' title='bbox 302 2574 305 2578; x_wconf 88' lang='grc'>.</span> <span class='ocrx_word' id='word_1_257' title='bbox 323 2531 433 2584; x_wconf 87' lang='lat' dir='ltr'>ista</span> <span class='ocrx_word' id='word_1_258' title='bbox 481 2530 722 2586; x_wconf 85' lang='lat' dir='ltr'>universi</span> <span class='ocrx_word' id='word_1_259' title='bbox 772 2530 952 2600; x_wconf 82' lang='lat' dir='ltr'>operis</span> <span class='ocrx_word' id='word_1_260' title='bbox 1001 2529 1058 2581; x_wconf 90' lang='lat' dir='ltr'>in</span> <span class='ocrx_word' id='word_1_261' title='bbox 1109 2528 1296 2582; x_wconf 90' lang='lat' dir='ltr'>decem</span> <span class='ocrx_word' id='word_1_262' title='bbox 1342 2529 1512 2583; x_wconf 86' lang='lat' dir='ltr'>libros</span> <span class='ocrx_word' id='word_1_263' title='bbox 1527 2568 1542 2594; x_wconf 79' lang='grc'>,</span> <span class='ocrx_word' id='word_1_264' title='bbox 1595 2529 1811 2598; x_wconf 88' lang='lat' dir='ltr'>qualem</span> <span class='ocrx_word' id='word_1_265' title='bbox 1858 2529 2021 2583; x_wconf 85' lang='lat' dir='ltr'>hodie</span> 
     </span>
     <span class='ocr_line' id='line_1_34' title="bbox 324 2600 2019 2672; baseline 0 -18"><span class='ocrx_word' id='word_1_266' title='bbox 324 2602 586 2665; x_wconf 87' lang='lat' dir='ltr'>habemus</span> <span class='ocrx_word' id='word_1_267' title='bbox 624 2601 997 2671; x_wconf 85' lang='lat' dir='ltr'>superstitem,</span> <span class='ocrx_word' id='word_1_268' title='bbox 1036 2619 1146 2654; x_wconf 87' lang='lat' dir='ltr'>non</span> <span class='ocrx_word' id='word_1_269' title='bbox 1184 2600 1404 2654; x_wconf 88' lang='lat' dir='ltr'>videtur</span> <span class='ocrx_word' id='word_1_270' title='bbox 1440 2601 1546 2672; x_wconf 80' lang='lat' dir='ltr'>ipsi</span> <span class='ocrx_word' id='word_1_271' title='bbox 1570 2601 1789 2654; x_wconf 87' lang='lat' dir='ltr'>Platoni</span> <span class='ocrx_word' id='word_1_272' title='bbox 1814 2600 2019 2669; x_wconf 76' lang='lat' dir='ltr'>deberi,</span> 
     </span>
     <span class='ocr_line' id='line_1_35' title="bbox 325 2671 2019 2745; baseline -0.002 -18"><span class='ocrx_word' id='word_1_273' title='bbox 325 2673 426 2727; x_wconf 87' lang='lat' dir='ltr'>sed</span> <span class='ocrx_word' id='word_1_274' title='bbox 459 2673 647 2744; x_wconf 85' lang='lat' dir='ltr'>potius</span> <span class='ocrx_word' id='word_1_275' title='bbox 686 2672 1052 2745; x_wconf 82' lang='lat' dir='ltr'>grammaticis</span> <span class='ocrx_word' id='word_1_276' title='bbox 1091 2672 1481 2726; x_wconf 81' lang='lat' dir='ltr'>Alexandrinis</span> <span class='ocrx_word' id='word_1_277' title='bbox 1496 2713 1513 2739; x_wconf 61' lang='lat'><em>7</em></span> <span class='ocrx_word' id='word_1_278' title='bbox 1565 2671 2019 2740; x_wconf 87' lang='lat' dir='ltr'>quemadmodum</span> 
     </span>
     <span class='ocr_line' id='line_1_36' title="bbox 324 2741 2022 2816; baseline -0.001 -18"><span class='ocrx_word' id='word_1_279' title='bbox 324 2745 484 2798; x_wconf 85' lang='lat' dir='ltr'>etiam</span> <span class='ocrx_word' id='word_1_280' title='bbox 534 2744 762 2798; x_wconf 86' lang='lat' dir='ltr'>Homeri</span> <span class='ocrx_word' id='word_1_281' title='bbox 827 2742 1053 2804; x_wconf 82' lang='lat' dir='ltr'>Iliadem</span> <span class='ocrx_word' id='word_1_282' title='bbox 1103 2751 1159 2797; x_wconf 91' lang='lat' dir='ltr'>et</span> <span class='ocrx_word' id='word_1_283' title='bbox 1219 2742 1527 2816; x_wconf 84' lang='lat' dir='ltr'>Odysseam</span> <span class='ocrx_word' id='word_1_284' title='bbox 1585 2741 1876 2796; x_wconf 87' lang='lat' dir='ltr'>verisimile</span> <span class='ocrx_word' id='word_1_285' title='bbox 1937 2751 2022 2797; x_wconf 87' lang='lat' dir='ltr'>est</span> 
     </span>
     <span class='ocr_line' id='line_1_37' title="bbox 323 2814 2020 2886; baseline 0 -18"><span class='ocrx_word' id='word_1_286' title='bbox 323 2817 391 2869; x_wconf 88' lang='lat' dir='ltr'>ab</span> <span class='ocrx_word' id='word_1_287' title='bbox 429 2816 752 2870; x_wconf 87' lang='lat' dir='ltr'>Aristarcho</span> <span class='ocrx_word' id='word_1_288' title='bbox 806 2835 840 2868; x_wconf 93' lang='lat' dir='ltr'>n</span> <span class='ocrx_word' id='word_1_289' title='bbox 877 2815 1071 2886; x_wconf 83' lang='lat' dir='ltr'>viginti</span> <span class='ocrx_word' id='word_1_290' title='bbox 1108 2822 1370 2884; x_wconf 87' lang='lat' dir='ltr'>quattuor</span> <span class='ocrx_word' id='word_1_291' title='bbox 1405 2833 1677 2883; x_wconf 88' lang='lat' dir='ltr'>quamque</span> <span class='ocrx_word' id='word_1_292' title='bbox 1709 2814 1878 2868; x_wconf 89' lang='lat' dir='ltr'>libros</span> <span class='ocrx_word' id='word_1_293' title='bbox 1902 2834 2020 2868; x_wconf 85' lang='lat' dir='ltr'>esse</span> 
     </span>
     <span class='ocr_line' id='line_1_38' title="bbox 322 2885 2021 2958; baseline 0 -20"><span class='ocrx_word' id='word_1_294' title='bbox 322 2885 681 2939; x_wconf 88' lang='lat' dir='ltr'>distributam.</span> <span class='ocrx_word' id='word_1_295' title='bbox 781 2886 1002 2958; x_wconf 73' lang='lat' dir='ltr'>Quippe</span> <span class='ocrx_word' id='word_1_296' title='bbox 1077 2894 1309 2956; x_wconf 83' lang='lat' dir='ltr'>accepta·</span> <span class='ocrx_word' id='word_1_297' title='bbox 1372 2886 1468 2938; x_wconf 86' lang='lat' dir='ltr'>illa</span> <span class='ocrx_word' id='word_1_298' title='bbox 1538 2886 1772 2939; x_wconf 88' lang='lat' dir='ltr'>refertur</span> <span class='ocrx_word' id='word_1_299' title='bbox 1828 2887 2021 2955; x_wconf 87' lang='lat' dir='ltr'>procul</span> 
     </span>
     <span class='ocr_line' id='line_1_39' title="bbox 324 2955 2018 3030; baseline 0 -21"><span class='ocrx_word' id='word_1_300' title='bbox 324 2955 491 3020; x_wconf 85' lang='lat' dir='ltr'>dubio</span> <span class='ocrx_word' id='word_1_301' title='bbox 542 2959 903 3027; x_wconf 86' lang='lat' dir='ltr'>Aristophani</span> <span class='ocrx_word' id='word_1_302' title='bbox 927 2957 1223 3030; x_wconf 50' lang='lat' dir='ltr'>2Byzantio</span> <span class='ocrx_word' id='word_1_303' title='bbox 1240 2998 1254 3026; x_wconf 86' lang='lat'>‚</span> <span class='ocrx_word' id='word_1_304' title='bbox 1310 2958 1403 3027; x_wconf 91' lang='lat' dir='ltr'>qui</span> <span class='ocrx_word' id='word_1_305' title='bbox 1452 2956 1598 3009; x_wconf 86' lang='lat' dir='ltr'>circa</span> <span class='ocrx_word' id='word_1_306' title='bbox 1645 2976 1768 3011; x_wconf 79' lang='lat' dir='ltr'>ann.</span> <span class='ocrx_word' id='word_1_307' title='bbox 1810 2959 1933 3011; x_wconf 80' lang='lat'>230.</span> <span class='ocrx_word' id='word_1_308' title='bbox 1971 2976 2018 3009; x_wconf 86' lang='lat' dir='ltr'>a.</span> 
     </span>
     <span class='ocr_line' id='line_1_40' title="bbox 327 3026 2019 3098; baseline 0 -18"><span class='ocrx_word' id='word_1_309' title='bbox 327 3026 456 3082; x_wconf 85' lang='lat' dir='ltr'>Chr.</span> <span class='ocrx_word' id='word_1_310' title='bbox 506 3048 557 3082; x_wconf 87' lang='lat' dir='ltr'>n.</span> <span class='ocrx_word' id='word_1_311' title='bbox 608 3028 808 3081; x_wconf 86' lang='lat' dir='ltr'>floruit.</span> <span class='ocrx_word' id='word_1_312' title='bbox 885 3028 995 3096; x_wconf 79' lang='lat' dir='ltr'>Qui</span> <span class='ocrx_word' id='word_1_313' title='bbox 1037 3049 1203 3098; x_wconf 90' lang='lat' dir='ltr'>quum</span> <span class='ocrx_word' id='word_1_314' title='bbox 1237 3029 1400 3082; x_wconf 78' lang='lat' dir='ltr'>&#39;etiam</span> <span class='ocrx_word' id='word_1_315' title='bbox 1442 3028 1725 3082; x_wconf 85' lang='lat' dir='ltr'>Platonem</span> <span class='ocrx_word' id='word_1_316' title='bbox 1762 3028 1817 3080; x_wconf 90' lang='lat' dir='ltr'>in</span> <span class='ocrx_word' id='word_1_317' title='bbox 1855 3047 2019 3081; x_wconf 87' lang='lat' dir='ltr'>cano-</span> 
     </span>
     <span class='ocr_line' id='line_1_41' title="bbox 325 3097 2016 3171; baseline 0.001 -20"><span class='ocrx_word' id='word_1_318' title='bbox 325 3118 445 3152; x_wconf 83' lang='lat' dir='ltr'>nem</span> <span class='ocrx_word' id='word_1_319' title='bbox 493 3098 938 3170; x_wconf 85' lang='lat' dir='ltr'>philosophorum</span> <span class='ocrx_word' id='word_1_320' title='bbox 989 3101 1155 3155; x_wconf 87' lang='lat' dir='ltr'>musei</span> <span class='ocrx_word' id='word_1_321' title='bbox 1218 3097 1573 3153; x_wconf 85' lang='lat' dir='ltr'>Alexandrini</span> <span class='ocrx_word' id='word_1_322' title='bbox 1637 3099 1815 3171; x_wconf 81' lang='lat' dir='ltr'>gratia</span> <span class='ocrx_word' id='word_1_323' title='bbox 1889 3119 2016 3153; x_wconf 89' lang='lat' dir='ltr'>con-</span> 
     </span>
    </p>
   </div>
   <div class='ocr_carea' id='block_1_3' title="bbox 388 3229 658 3237">
    <p class='ocr_par' dir='ltr' id='par_1_3' title="bbox 388 3229 658 3237">
     <span class='ocr_line' id='line_1_42' title="bbox 388 3229 658 3237; baseline 0 -3"><span class='ocrx_word' id='word_1_324' title='bbox 388 3231 411 3235; x_wconf 82' lang='lat'>.-</span> <span class='ocrx_word' id='word_1_325' title='bbox 427 3229 658 3237; x_wconf 45' lang='grc' dir='ltr'>μ-ῇῇ-</span> 
     </span>
    </p>
   </div>
   <div class='ocr_carea' id='block_1_4' title="bbox 411 3341 2018 3396">
    <p class='ocr_par' dir='ltr' id='par_1_4' title="bbox 411 3337 2106 3399">
     <span class='ocr_line' id='line_1_43' title="bbox 411 3341 2018 3396; baseline -0.001 -14"><span class='ocrx_word' id='word_1_326' title='bbox 411 3345 457 3393; x_wconf 76' lang='lat'>&#39;‘)</span> <span class='ocrx_word' id='word_1_327' title='bbox 492 3345 541 3382; x_wconf 94' lang='lat' dir='ltr'>V.</span> <span class='ocrx_word' id='word_1_328' title='bbox 579 3345 606 3383; x_wconf 66' lang='grc' dir='ltr'>Α</span> <span class='ocrx_word' id='word_1_329' title='bbox 623 3359 646 3383; x_wconf 84' lang='grc' dir='ltr'>ιι</span> <span class='ocrx_word' id='word_1_330' title='bbox 668 3358 705 3396; x_wconf 79' lang='lat' dir='ltr'>g.</span> <span class='ocrx_word' id='word_1_331' title='bbox 733 3341 1014 3385; x_wconf 67' lang='lat' dir='ltr'>“Boeckhii</span> <span class='ocrx_word' id='word_1_332' title='bbox 1050 3346 1327 3386; x_wconf 79' lang='lat' dir='ltr'>commentat</span> <span class='ocrx_word' id='word_1_333' title='bbox 1373 3344 1425 3384; x_wconf 83' lang='lat' dir='ltr'>dc</span> <span class='ocrx_word' id='word_1_334' title='bbox 1448 3344 1679 3392; x_wconf 73' lang='lat' dir='ltr'>simultate,</span> <span class='ocrx_word' id='word_1_335' title='bbox 1715 3355 1824 3394; x_wconf 81' lang='lat' dir='ltr'>quae</span> <span class='ocrx_word' id='word_1_336' title='bbox 1845 3341 2018 3382; x_wconf 82' lang='lat' dir='ltr'>Platoni</span> 
     </span>
    </p>
   </div>
   <div class='ocr_carea' id='block_1_5' title="bbox 411 3399 1931 3456">
    <p class='ocr_par' dir='ltr' id='par_1_5' title="bbox 411 3399 1931 3456">
     <span class='ocr_line' id='line_1_44' title="bbox 411 3399 1931 3456; baseline -0.001 -14"><span class='ocrx_word' id='word_1_337' title='bbox 411 3416 433 3431; x_wconf 56' lang='grc' dir='ltr'>ν</span> <span class='ocrx_word' id='word_1_338' title='bbox 493 3417 589 3443; x_wconf 76' lang='lat' dir='ltr'>cum</span> <span class='ocrx_word' id='word_1_339' title='bbox 621 3402 1256 3456; x_wconf 71' lang='lat' dir='ltr'>xenophonte·intercessisse</span> <span class='ocrx_word' id='word_1_340' title='bbox 1290 3402 1440 3443; x_wconf 72' lang='lat' dir='ltr'>fertur,</span> <span class='ocrx_word' id='word_1_341' title='bbox 1477 3401 1670 3442; x_wconf 82' lang='lat' dir='ltr'>Berolin.</span> <span class='ocrx_word' id='word_1_342' title='bbox 1708 3400 1831 3443; x_wconf 72' lang='lat'>1811.</span> <span class='ocrx_word' id='word_1_343' title='bbox 1894 3399 1931 3442; x_wconf 78' lang='lat'>4.</span> 
     </span>
    </p>
   </div>
  </div>
 </body>
</html>
