2098 3658
302 175 332 226 ‘2
344 177 363 224 l
377 179 404 226 <1
863 166 1257 238 ARGUMEN
1266 167 1436 222 TUM

300 312 358 365 id
395 309 694 365 curandum
732 318 834 380 est,
874 318 935 364 ut
971 331 1039 365 ne
1078 312 1413 366 iustitiae
1452 309 1694 382 dignitas
1740 311 1999 362 sermoni-

301 384 404 437 bus
458 390 512 436 et
559 382 898 436 orationibus
949 402 1131 437 coram
1166 383 1457 437 iuvenibus
1496 381 1697 435 nostris
1735 380 2000 451 deprima-

300 463 404 509 tur.
475 454 566 507 De
606 473 714 523 qua
738 472 796 506 re
835 453 937 507 etsi
973 455 1246 526 posterius
1288 452 1580 507 dicendum
1617 451 1735 521 erit,
1774 452 1870 505 ubi
1907 471 2000 505 ex-

302 526 563 596 plicatam
597 525 905 579 tenebimus
929 525 1171 580 iustitiae
1201 526 1505 588 notionem3
1545 531 1728 576 tamen
1762 523 1820 575 in
1844 543 2001 593 prae-

302 595 443 651 senti
487 616 709 650 monere
757 596 951 649 saltem
998 597 1102 652 hoc
1148 597 1345 663 liceat,
1401 595 1522 648 fieri
1569 594 1626 647 id
1665 594 1896 647 maxime
1933 594 2000 647 ab

300 669 367 721 iis
408 667 611 736 solere,
665 667 757 736 qui
809 668 1069 733 iustitiam
1121 688 1245 722 cum
1300 667 1455 721 malis
1490 674 1545 720 et
1581 665 2000 735 calamitatibus,

299 739 620 792 iniustitiam
661 757 783 792 cum
819 740 1032 812 magnis
1070 738 1369 793 commodis
1410 746 1465 791 et
1500 737 1830 791 utilitatibus
1870 756 2000 790 con-

300 813 545 864 iunctam
584 829 705 864 esse
745 810 1016 864 dictitant.
1091 811 1154 864 P.
1193 813 1315 865 392.
1355 813 1424 863 A.
1469 842 1530 848 -
1572 807 1635 862 C.

446 882 524 935 Et
562 882 694 935 haec
742 881 960 952 quidem
1016 881 1083 935 de
1121 891 1441 954 argumento
1488 881 1826 949 orationum,
1867 899 2001 951 quas

299 954 588 1007 iuvenibus
648 953 849 1007 nostris
895 953 1113 1025 publice
1161 952 1455 1007 tradendas
1490 952 1828 1005 arbitramur.
1904 951 2004 1006 Se·—

301 1025 512 1094 quitur,
565 1032 629 1078 ut
682 1024 926 1079 dicamus
977 1024 1045 1078 de
1094 1024 1256 1079 modo
1313 1044 1377 1079 ac
1424 1024 1662 1092 ratione,
1713 1043 1822 1094 qua
1880 1042 2003 1077 cum

299 1097 406 1150 illis
445 1097 927 1151 communicentur·
1016 1095 1196 1164 Quem
1233 1097 1414 1150 locum
1451 1095 1546 1149 ubi
1584 1096 2002 1167 pertractaveri-

298 1188 437 1237 mus,
465 1167 598 1238 quid
634 1167 704 1222 de
738 1175 856 1222 tota
893 1187 1060 1223 causa
1093 1167 1445 1223 statuendum
1486 1166 1575 1235 sit,
1603 1167 1800 1220 clarius
1840 1167 2004 1220 etiam

299 1240 710 1310 perspiciemus.
797 1238 1175 1310 Quaecunque
1223 1240 1394 1311 igitur
1446 1256 1477 1290 a
1524 1238 1703 1308 poetis
1753 1245 1848 1291 aut
1885 1258 2003 1310 my-

298 1311 622 1383 thographis
660 1323 966 1378 narrantur,
990 1320 1086 1364 aut
1113 1311 1179 1364 de
1211 1310 1591 1382 praesentibus
1621 1316 1717 1362 aut
1753 1308 1820 1362 de
1847 1329 2003 1380 prae-

299 1383 476 1436 teritis
514 1390 608 1435 aut
647 1381 713 1435 de
750 1382 948 1435 futuris
985 1382 1148 1434 rebus
1187 1390 1372 1452 agunt.
1447 1380 1552 1434 Est
1602 1393 1782 1433 autem
1831 1384 2003 1434 omnis
2079 1402 2085 1420 ι

300 1454 542 1508 narratio
571 1453 658 1506 vel
684 1453 933 1525 simplex,
951 1473 1115 1523 quum
1143 1453 1249 1524 ipsi
1280 1453 1443 1506 alicui
1465 1451 1674 1522 aliquid
1701 1471 2002 1522 narramuS,
2076 1454 2098 1498 :⁵

304 1525 392 1577 vel
439 1544 563 1578 cum
600 1524 900 1578 imitatione
941 1524 1265 1592 coniuncta,
1306 1544 1472 1595 quum
1512 1543 1579 1576 ex
1617 1523 1844 1578 aliorum
1880 1542 2005 1596 per-

301 1615 438 1649 sona
473 1596 749 1666 loquimur
786 1615 973 1650 eorum
1009 1595 1234 1668 ingenia
1270 1603 1326 1649 et
1363 1613 1540 1649 mores
1580 1595 1878 1659 imitanteS,
1918 1596 2005 1649 vel

301 1687 368 1720 ex
423 1676 659 1738 utroque
715 1668 820 1722 hoc
870 1685 1072 1740 genere
1123 1667 1294 1720 mixta
1337 1675 1392 1720 et
1441 1666 1759 1738 composita.
1837 1666 2004 1721 Unde
2084 1727 2085 1731 Ἰ

298 1738 403 1792 tria
439 1758 643 1811 genera
680 1758 911 1810 poeseos
951 1747 1259 1812 emergunt:
1309 1738 1559 1811 lyricum,
1598 1738 1655 1791 in
1693 1757 1802 1808 quo
1839 1746 2007 1810 poeta

298 1830 398 1865 sua
445 1812 563 1882 ipse
616 1829 778 1865 sensa
808 1811 1117 1882 „eloquitur3
1172 1809 1559 1878 dramaticum,
1614 1809 1762 1879 quod
1798 1810 1854 1862 in
1890 1810 2008 1864 sola

299 1891 546 1936 versatur
593 1883 820 1936 aliorum
870 1882 1206 1948 imitatione3
1257 1900 1284 1936 e
1325 1882 1500 1951 icum,
1550 1880 1699 1951 quod
1745 1881 2004 1935 imitatio-

298 1974 421 2008 nem
474 1974 597 2008 cum
647 1953 879 2024 simplici
930 1955 1238 2007 narratione
1287 1901 1451 2006 iiabet
1498 1953 1862 2006 coniunctam.
1940 1954 2003 2007 P.

301 2029 422 2081 39⁶2.
465 2025 527 2080 C.
570 2058 638 2066 --
675 2026 797 2081 394.
839 2025 924 2078 D.
1009 2024 1113 2079 His
1171 2025 1433 2096 expositis
1497 2024 1672 2077 oritur
1704 2032 1706 2034 ’
1733 2024 2003 2094 quaestiO,

300 2106 484 2151 utrum
522 2096 659 2170 illud
695 2115 927 2170 poeseos
971 2116 1144 2169 genus
1184 2096 1256 2151 sit
1293 2097 1350 2149 in
1388 2095 1610 2150 civitate
1635 2095 2002 2166 tolerandum,

301 2168 449 2240 quod
510 2169 678 2223 habet
726 2168 1108 2238 imitationem,
1161 2187 1231 2222 an
1281 2168 1455 2221 omnis
1508 2167 1727 2222 omnino
1776 2167 2004 2222 imitatio

298 2240 551 2294 interdici
589 2239 813 2295 debeat.
898 2240 985 2293 De
1026 2259 1134 2310 qua
1168 2259 1226 2293 re
1260 2239 1343 2294 sic
1380 2238 1732 2293 statuendum
1769 2238 2002 2294 videtur.

302 2311 573 2367 Omnibus
623 2312 955 2384 reipublicae
1005 2319 1222 2365 nostrae
1274 2311 1485 2365 civibus
1534 2309 1676 2363 hanc
1723 2309 1899 2382 legem
1945 2311 2003 2364 in

299 2384 675 2455 superioribus
740 2383 1088 2454 scripsimus,
1151 2391 1215 2436 ut
1279 2383 1512 2453 quisque
1571 2399 1734 2435 unam
1793 2390 2006 2435 tantum

297 2471 410 2509 rem
450 2463 580 2528 agat
613 2474 791 2526 neque
830 2455 1078 2527 pluribus
1103 2454 1342 2527 negotiis
1375 2473 1433 2508 se
1458 2453 1785 2507 immisceat:
1824 2473 2003 2524 neque

305 2527 448 2580 enim
487 2536 712 2581 naturae
751 2526 1018 2580 humanae
1055 2526 1399 2581 imbecillitas
1437 2526 1576 2579 ferre
1598 2523 1905 2595 videbatur,
1943 2533 2004 2580 ut

300 2598 421 2670 quis
471 2599 528 2652 in
578 2598 826 2670 pluribus
874 2599 1038 2653 rebus
1089 2598 1248 2652 simul
1297 2596 1368 2650 ad
1417 2596 1654 2666 aliquam
1690 2596 2003 2651 facultatem

300 2677 396 2723 aut
488 2667 835 2725 r'aestantiam
886 2671 1214 2742 perveniret.
1304 2667 1580 2737 Quocirca
1617 2668 1779 2722 etiam
1818 2676 2002 2722 custo-

300 2737 397 2796 des
437 2689 542 2797 lioo
579 2758 746 2796 unum
785 2761 976 2797 curare
1032 2741 1223 2811 decet,
1262 2749 1326 2795 ut
1376 2740 1583 2811 patriae
1632 2747 1889 2793 tueantur
1935 2740 2000 2792 li-
2076 2757 2079 2819 y*

297 2814 595 2884 bertatem,
641 2814 826 2868 studia
882 2821 1064 2867 autem
1111 2813 1239 2882 illa,
1298 2830 1445 2883 quae*
1487 2810 1788 2864 imitatione
1825 2812 2000 2864 conti-
2075 2821 2078 2876 j

298 2893 523 2954 nentur,
572 2886 767 2959 fugere
815 2891 981 2955 atque
1018 2885 1224 2939 evitare
1263 2883 1479 2938 debent.
1554 2881 1809 2951 Accedit,
1851 2883 2000 2952 quod

298 2957 613 3012 imitationis
663 2956 932 3026 studium,
999 2958 1046 3010 si
1096 2976 1128 3009 a
1173 2963 1361 3009 tenera
1425 2961 1602 3007 aetate
1663 2961 1998 3025 exerceatur,

299 3028 457 3081 facile
506 3028 561 3081 in
608 3037 858 3083 naturam
906 3028 1022 3083 abit
1077 3034 1132 3082 et
1178 3028 1328 3081 viros
1378 3025 1638 3078 militares
1676 3027 1997 3098 corrumpit:

300 3099 575 3154 imitantes
615 3101 758 3154 enim
795 3100 1074 3154 mulierem
1126 3116 1249 3152 cum
1285 3097 1476 3150 marito
1514 3095 1866 3150 altercantem
1905 3106 2000 3151 aut

300 3188 423 3223 sese
454 3171 746 3225 iactantem
784 3179 880 3225 aut
913 3171 1317 3238 lamentantem,
1355 3168 1443 3222 vel
1482 3167 1643 3221 etiam
1672 3169 1848 3222 virum
1885 3188 1997 3223 me-

299 3240 591 3312 ticulosum
649 3251 746 3296 aut
797 3262 1043 3311 servum,
1098 3241 1374 3310 aliosque,
1427 3258 1659 3308 quorum
1710 3259 1888 3295 mores
1926 3241 1994 3294 ab

299 3313 543 3383 ipsorum
578 3332 800 3368 munere
844 3313 1170 3382 abhorrent,
1207 3311 1328 3365 fieri
1365 3330 1475 3364 non
1511 3312 1732 3382 poterit,
1773 3312 1903 3382 quin
1943 3320 1997 3365 et

297 3383 404 3455 ipsi
438 3383 670 3456 plurima
707 3386 862 3455 quasi
897 3385 1179 3453 imbibant,
1220 3401 1358 3454 quae
1396 3382 1718 3438 custodibus
1756 3383 1996 3438 civitatis
