2098 3658
310 165 412 218 278
925 144 1405 216 PLATONIS

309 312 597 367 ἐλυσιτέλει
645 309 777 375 ζῆνς
821 309 1035 380 Δῆλον,
1081 311 1206 384 ἔφη.
1285 306 1345 363 ‘O
1390 310 1444 362 δὲ
1492 306 1558 374 δὴ
1605 308 1898 375 πλούσιος,
1942 308 2017 374 ὥς

309 414 526 472 φαμεν,
586 390 750 447 οὐδὲν
806 396 912 463 ἔχει
965 397 1230 449 τοιοῦτον
1285 401 1446 463 ἔργον
1488 398 1889 465 προκείμενον,
1952 388 2016 451 οὗ

311 477 459 548 ἀνα)
463 478 742 548 καζομένω
788 474 1103 547 ἀπέχεσθαι
1146 477 1408 577 ἀβτίωτον.
1499 474 1717 533 Οὔκουν
1761 476 1827 546 δὴ
1874 483 2019 549 λέγε·

314 567 408 617 ταί
461 583 536 631 γε.
630 563 954 616 Φωκυλίδου
1009 560 1147 633 γάρ,
1206 583 1273 628 ην
1331 558 1382 615 δ’
1441 559 1572 627 ἐγώ,
1637 561 1738 617 οὐκ
1794 562 2019 628 ἀκούεις

316 650 431 722 πῶς
474 664 626 720 φησι,
672 648 799 708 δεῖν,
848 643 989 699 ὅταν
1035 668 1110 717 τῳ
1156 644 1260 713 ἤδη
1301 649 1423 717 βίος
1461 637 1510 721 ᾗ,
1556 644 1764 718 ἀρετὴν
1807 646 2016 706 ἀσκεῖν.

321 731 488 801 Οἶμαι
534 734 588 784 δὲ
632 751 709 798 γε,
755 733 877 803 ἔφη,
921 733 1012 785 καὶ
1041 729 1334 805 πρότερον.
1422 732 1632 797 Μηδὲν,
1678 730 1850 796 εἶπον,
1896 735 2018 803 περὶ

312 815 518 871 τούτου
562 812 717 884 αὐτῷ
757 812 1114 887 μαχώμεθα,
1161 814 1284 870 ἀλλ’
1349 812 1498 886 ἡμᾶς
1539 813 1748 879 αὐτοὺς
1793 816 2020 883 διδάξω-

431 982 484 1025 Ρ.
513 980 616 1026 407.
676 977 968 1029 πλούσιος,
1001 976 1070 1020 ὥς
1103 978 1308 1032 φαμεν]
1338 980 1441 1020 Vat.
1480 977 1530 1021 Θ.
1563 981 1663 1024 Par.
1697 980 1798 1022 DK.
1831 982 1942 1023 Ven.
1966 982 2018 1026 ll.

313 1038 443 1080 vind.
478 1038 595 1080 Mon.
627 1039 728 1080 Vat.
756 1051 788 1082 r.
823 1038 938 1082 Flor.
971 1038 1015 1090 β.
1049 1037 1224 1089 ἔφαμεν.
1287 1038 1496 1078 Praefero
1528 1040 1761 1090 vulgatam.

436 1094 761 1139 Φωκυλιδου
801 1093 924 1151 γάρ,
969 1090 1029 1150 ἦν
1059 1091 1102 1136 δ’
1134 1093 1262 1149 ἐγώ]
1309 1097 1408 1136 Bas.
1443 1097 1484 1139 2.
1523 1095 1789 1150 Φωκυλίδης.
1824 1096 1927 1140 νοῒ.
1968 1095 2017 1141 Θ.

319 1153 587 1226 Φωκυλίδην.

432 1208 588 1282 Οἶμαι
629 1211 688 1253 δέ
725 1207 786 1265 γ’,
826 1212 953 1265 ἔφη,
996 1211 1078 1251 καὶ
1111 1211 1223 1265 πρ.]
1259 1209 1411 1264 Steph.
1446 1205 1577 1261 Οἶμαι
1602 1206 1666 1265 γ’,
1699 1210 1806 1264 ἔφη,
1838 1212 1905 1251 καὶ
1936 1226 2019 1266 πρ.

801 1268 835 1297 Η

314 1270 430 1323 quod
468 1276 537 1313 est
567 1273 606 1313 in
649 1271 760 1313 Veu.
794 1284 846 1313 με..

316 1328 466 1383 ἔγωγε.

888 1269 1005 1313 Flor.
1037 1283 1074 1310 c.
1134 1270 1186 1310 In
1226 1267 1341 1309 Flor.
1383 1282 1426 1310 x.
1467 1269 1585 1309 Mon.
1628 1274 1774 1311 exstat
1815 1263 1931 1319 οἶμαι
1972 1266 2018 1311 δ’

432 1387 483 1430 B.
537 1401 561 1438 η
596 1385 947 1455 νοσοτροφία
979 1387 1132 1434 tenu]
1167 1383 1316 1435 Vulgo
1348 1381 1455 1424 haec
1481 1383 1734 1436 legebantur
1750 1383 1812 1424 sic
1831 1385 2017 1437 scripta·

316 1445 373 1499 τῷ
416 1441 471 1497 μὴ
513 1443 759 1493 μελετῶντι,
803 1438 826 1495 ἦ
860 1444 1144 1495 νοσοτροφία.
1187 1441 1406 1493 τεκτοτικῇ
1436 1439 1513 1490 μὲν
1544 1438 1625 1494 γὰρ
1657 1443 1726 1482 καὶ
1759 1447 1848 1482 ταῖς
1877 1439 2021 1484 ἄλλαις

314 1502 477 1554 τέχναις
506 1524 563 1532 --
596 1495 726 1541 ουδὲν
771 1498 998 1552 ἐμποδίζει.

1069 1501 1215 1544 Quam
1253 1501 1511 1551 scripturam
1554 1499 1718 1551 Bekk„
1756 1513 1883 1553 quem
1924 1502 2020 1554 ipse

312 1564 415 1602 olim
445 1566 654 1612 sequutus
685 1571 797 1611 sum,
830 1561 891 1599 ita
923 1559 1112 1608 retinuit,
1147 1562 1194 1598 ut
1223 1571 1301 1612 pro
1335 1552 1360 1612 ἦ
1391 1559 1664 1611 νοσοτροφία
1696 1571 1749 1600 ex
1779 1550 2016 1601 Par.l)1<.

313 1618 435 1660 Mon.
477 1618 698 1669 scripserit
743 1612 770 1670 ἢ
805 1618 1102 1670 τοσοτροφιά,
1144 1621 1188 1656 et
1227 1620 1330 1668 post
1367 1612 1579 1667 ἐμποδίζει
1620 1617 1788 1669 signum
1831 1617 2019 1658 interro-

311 1675 439 1729 gandi
473 1676 713 1728 posueritf
742 1675 829 1716 Sed
862 1671 943 1729 γάρ
977 1682 1079 1728 post
1111 1674 1328 1725 τεκτονικῇ
1356 1672 1433 1724 μέν
1464 1674 1672 1715 omittunt
1705 1674 1837 1715 Paris.
1858 1675 2018 1718 ADK.

313 1735 407 1775 Vat.
445 1731 492 1775 Θ.
539 1732 661 1775 Viud.
703 1733 852 1776 Ambr.
887 1738 995 1786 Ang.
1040 1733 1143 1772 Vnt.
1192 1745 1248 1775 m.
1282 1745 1315 1772 r.
1359 1731 1477 1776 Flor.
1521 1745 1558 1774 a.
1595 1744 1630 1775 c.
1663 1745 1701 1772 n.
1732 1745 1774 1773 x.
1808 1746 1848 1776 α.
1883 1733 1930 1786 β.
1963 1747 2020 1787 γ,

312 1797 364 1834 ut
395 1791 674 1834 manifestum
713 1791 772 1832 sit
811 1792 1008 1832 voculam
1042 1789 1190 1831 deberi
1233 1790 1315 1831 loci
1347 1788 1692 1843 corruptoribus,
1749 1791 1874 1832 Loco
1907 1794 2019 1844 vulg.

319 1934 396 1989 τῷ,
428 1929 486 1973 ὥς
522 1930 616 1986 ἄρτι
647 1928 869 1986 ἐλέγομεν,
914 1932 1046 1986 ἔργον
1077 1946 1126 1974 τι.

316 2005 356 2035 v.
386 1991 440 2033 ad
472 1992 568 2034 libr.
608 1989 679 2033 VI.
713 2004 753 2043 p.
785 1990 886 2034 490.
928 1994 976 2033 A.
1031 1989 1124 2032 Nisi

315 2050 433 2091 forte
471 2054 653 2103 propter
702 2048 892 2089 aoristos
942 2061 1125 2102 praece-

317 2106 471 2148 dentes
493 2119 604 2147 nunc
631 2104 934 2159 imperfectum
957 2106 1124 2147 adhibi-

315 2171 408 2207 tum
421 2177 518 2205 esse
535 2169 686 2232 putare
703 2164 842 2205 malis.
878 2164 982 2205 Mox
1000 2176 1124 2204 nemo

317 2224 404 2265 iam
440 2216 522 2264 οὐκ
553 2218 607 2262 ἂν
648 2220 871 2263 ἐλυσιτέλει
916 2223 1123 2275 requirat,

318 2281 390 2334 qui
435 2280 677 2322 meminerit
717 2285 863 2320 annot.
901 2278 954 2320 ad
988 2279 1128 2331 Gorg.

321 2353 362 2393 p.
386 2337 486 2382 514.
508 2337 558 2378 C.
628 2338 839 2380 Nimirum
874 2349 958 2378 non
993 2336 1128 2390 luypo—

319 2396 479 2438 thetice
521 2396 630 2437 haec
673 2399 1002 2448 proponuntur,
1052 2394 1130 2436 sed

319 2460 523 2507 tanquam
556 2458 677 2495 certa
707 2458 946 2495 narrantur.
1000 2450 1129 2500 Quod

319 2511 424 2565 quid
455 2511 538 2552 sibi
572 2512 704 2562 velit,
737 2511 870 2552 facile
903 2510 1132 2563 intelliges,

317 2571 357 2612 si
386 2571 659 2622 reputaveris
682 2569 812 2610 etiam
844 2569 905 2609 sic
935 2567 1020 2608 dici
1052 2581 1130 2620 po-

318 2627 477 2669 tuisse·
509 2624 534 2667 ὃ
567 2623 683 2681 εἰμὴ
707 2623 896 2680 πράττοι,
929 2621 1012 2666 οὐκ
1031 2623 1126 2666 ἐδό-

320 2700 383 2726 κει
412 2687 639 2726 λυσιτελεῖν
674 2681 792 2755 αυτῷ
823 2685 919 2738 ζῆν.·

382 2744 431 2788 Ρ.
461 2742 562 2788 407
625 2735 690 2784 οὗ
724 2739 914 2797 ἀναγκ.
949 2737 1127 2794 ἀπέχε-

321 2801 455 2843 σθαι
510 2796 776 2856 ἀβίωτον]
837 2814 862 2842 a
920 2812 1025 2853 quo
1084 2801 1129 2841 si

324 2872 555 2902 cessare
610 2866 880 2913 cogatur,
932 2858 1042 2899 vita
1086 2858 1131 2899 ei

324 2930 434 2958 non
466 2917 664 2959 vitalis
696 2919 786 2959 sit.
834 2916 1041 2957 Proxima
1070 2916 1132 2957 sic

322 2975 648 3028 interpretanda
662 2991 675 3015 ε
748 2974 787 3017 Ν
799 2988 874 3015 em
889 2988 913 3028 p
926 2988 949 3015 e
998 2973 1034 3014 P
1049 2974 1071 3015 li
1083 2987 1134 3014 o-

327 3033 590 3086 cylidem‚
628 3034 868 3086 iuquam,
909 3044 1014 3073 non
1047 3044 1132 3075 au-

328 3088 427 3140 dis,
459 3091 483 3133 i.
510 3105 547 3133 e.
577 3092 800 3145 probas,
840 3088 1132 3140 dicentem,

329 3148 377 3188 ei
435 3149 521 3188 cui
587 3151 682 3190 iam
729 3151 1009 3202 suppetat
1055 3148 1133 3187 vi-

321 3209 472 3254 etus,
506 3205 774 3247 virtutem
815 3218 942 3246 esse
980 3217 1134 3246 exer-

323 3261 563 3303 cendam.
623 3263 730 3304 Nam
771 3264 874 3316 βίος
917 3262 1133 3315 accipien-

322 3318 427 3360 dum
461 3318 515 3361 de
546 3320 678 3362 rebus
710 3321 763 3362 ad
800 3321 928 3363 vitam
970 3317 1133 3374 ‹legen-

323 3376 427 3418 dsm
460 3378 743 3427 necessariis,·
781 3378 837 3420 de
875 3390 958 3432 qua
997 3378 1134 3430 signi-

328 3434 532 3477 ficatione
564 3448 603 3480 v.
635 3435 690 3478 ad
722 3435 856 3489 Gorg.
891 3450 930 3490 p.
955 3434 1054 3479 486.
1082 3436 1130 3478 D.

1211 1930 1310 1974 Non
1358 1932 1471 1973 male
1517 1935 1773 1984 comparant
1811 1931 2022 1973 Horatia-

1212 2002 1310 2031 num
1352 1989 1456 2031 illud
1499 1988 1640 2043 Epist.
1673 1990 1721 2040 Ι,
1758 1989 1806 2040 1,
1838 1989 1916 2033 552
1981 1989 2019 2031 O

1211 2047 1387 2099 cives,
1449 2047 1634 2098 cives,
1695 2047 2021 2100 quaerenda

1211 2105 1439 2159 pecunia
1486 2105 1714 2158 primum
1758 2111 1864 2156 est,
1903 2105 2021 2146 Vir-

1211 2169 1301 2204 tus
1333 2171 1461 2216 post
1493 2175 1699 2204 numos.
1762 2163 2021 2216 Quanquam

1212 2220 1492 2275 philosophus
1552 2225 1712 2274 poetae
1762 2222 1904 2262 verbis
1959 2221 2021 2262 uti

1215 2278 1399 2328 videtur,
1431 2284 1479 2319 ut
1511 2277 1671 2319 doceat
1702 2279 1796 2320 eius
1822 2279 2022 2320 testimo-

1215 2337 1285 2378 nio
1317 2335 1492 2378 divitias
1524 2337 1671 2377 labore
1711 2341 1861 2390 partas
1895 2338 2023 2379 etiam

1217 2395 1374 2435 virtute
1408 2407 1506 2436 esse
1549 2394 1792 2443 ornandas,
1835 2395 2022 2448 ideoque

1214 2466 1268 2498 ne
1300 2452 1504 2493 divitibus
1534 2451 1709 2505 quidem
1746 2453 1876 2494 licere
1901 2453 2022 2506 igna-

1214 2523 1270 2552 vo
1309 2510 1400 2552 otio
1444 2510 1555 2551 vitae
1592 2516 1768 2564 tempus
1808 2511 2023 2563 transige-

1215 2581 1276 2612 re.
1342 2567 1482 2609 Verba
1523 2574 1679 2621 poetae
1708 2569 1749 2610 in
1795 2570 2022 2611 collectio-

1213 2638 1312 2668 nem
1341 2625 1587 2682 Phocylidis
1608 2627 1844 2668 carminum
1875 2627 2023 2669 retulit

1216 2684 1395 2727 Adam.
1429 2682 1635 2725 Schier.
1668 2698 1710 2738 p.
1741 2683 1812 2729 64.

1273 2763 1434 2820 Οἶμαι
1464 2767 1522 2810 δέ
1554 2763 1611 2825 γ’,
1643 2770 1865 2822 ἔφη,και“
1895 2766 2022 2823 πρό-

1217 2828 1411 2882 τερον]
1446 2829 1575 2869 etiam
1601 2830 1736 2882 prius,
1769 2840 1899 2880 quam
1923 2829 2022 2881 quis

1217 2887 1295 2927 sibi
1329 2887 1645 2938 comparaverit
1673 2885 1858 2936 divitias,
1896 2899 2023 2927 exer·-

1218 2942 1401 2984 cendam
1435 2956 1534 2984 esse
1564 2945 1780 2986 virtutem.
1803 2967 1860 2974 -
1902 2944 2023 2997 περὶ

1219 2997 1448 3052 τούτου,
1496 3001 1612 3052 quod
1658 3001 1862 3042 virtutem
1915 3002 2025 3043 dixit

1219 3060 1302 3099 coli
1355 3064 1587 3127 oportere
1658 3054 1763 3098 ὅταν
1824 3074 1879 3099 τω
1940 3057 2022 3113 ἤδη

1216 3118 1316 3169 βίος
1344 3109 1384 3168 ᾖ.

1278 3199 1519 3257 πότερον
1548 3201 1891 3274 mmmmm-5021
1907 3202 2024 3243 τοῦ-

1220 3273 1275 3300 το
1315 3261 1403 3314 -]
1461 3274 1522 3304 sc.
1574 3257 1621 3302 τὸ
1662 3256 1819 3314 α’ρετὴν
1865 3253 2024 3301 ἆσκεῖν.

1219 3318 1325 3360 lund
1350 3319 1508 3372 potius,
1542 3320 1692 3372 inquit,
1725 3319 2025 3371 exquiramus,

1219 3381 1362 3418 utrum
1407 3376 1522 3417 diviti
1567 3376 1649 3418 hoc
1691 3375 1906 3430 agendum
1953 3376 2028 3426 sit,

1216 3438 1263 3475 ut
1322 3435 1436 3476 colat
1497 3435 1729 3488 virtutem,
1794 3445 1932 3486 neque
1987 3433 2024 3474 ei
