2098 3658
21 3008 60 3367 ‚„.:ffl*?

1803 136 1864 186 13

162 278 354 347 poenis
380 296 443 331 ac
467 275 757 349 suppliciis*
772 283 1092 328 coercentur
1108 283 1365 344 tanquam
1391 275 1597 329 iniuste·
1613 285 1865 345 *agente-8.

161 349 358 419 Itaque
409 349 464 401 in
525 347 778 401 omnibus
826 346 1139 399 civitatibus
1193 366 1324 400 sane
1380 351 1550 399 unum
1595 346 1865 416 idemque

161 421 363 474 iustum
401 429 507 486 est,
543 418 799 472 nimirum
821 416 978 485 illud,
1006 416 1156 486 quod
1183 416 1447 471 conducit
1480 418 1866 489 imperantium

161 490 463 545 commodis
499 499 555 542 et
587 489 937 556 utilitatibus,
975 489 1053 541 ita
1087 496 1180 554 ut,
1220 497 1366 542 recte
1404 489 1696 543 subductis
1734 489 1867 542 rati-

162 564 396 629 onibus,
433 561 638 630 ubique
689 559 835 613 idem
886 579 1101 632 semper
1150 561 1357 614 iustum
1406 561 1509 628 sit,
1551 561 1701 631 quod
1734 559 1869 614 utile

161 643 249 688 est
281 632 699 706 potentioribus,
737 633 808 685 P.
836 633 962 689 338.
991 632 1250 686 A-339.
1288 633 1360 684 A.
1399 663 1469 671 —
1505 632 1712 685 Verum
1750 651 1870 686 eam

162 706 425 759 rationem
454 702 715 758 Socrates
754 722 938 756 veram
973 710 1286 774 rectamque
1324 722 1450 758 esse¹
1480 710 1693 774 negat.=
1740 704 1869 757 Mo-

159 784 256 831 net
287 775 431 842 enim
454 801 469 831 s
508 782 722 829 otentes
742 775 934 844 utique
957 793 1079 828 esse
1117 775 1286 828 errori
1325 774 1594 830 obnoxios
1629 773 1867 844 ideoque

160 847 280 915 fied
313 847 425 900 inte
492 865 587 900 um
621 865 818 918 posse,
854 854 920 899 ut
966 854 1227 916 tanquam
1262 846 1466 900 iustum
1500 844 1571 898 id.
1598 846 1867 900 constitu·-

159 926 312 987 atnr,
348 918 500 989 qnod
534 917 940 990 potentioribus
976 918 1049 970 sit
1082 918 1321 986 inutile,
1349 916 1620 987 siquidem
1658 917 1870 973 iustitia

157 990 465 1044 necessario
504 989 611 1044 hoc
647 989 851 1062 exigat,
891 998 955 1042 ut
988 989 1371 1043 imbecilliores
1407 1007 1626 1059 semper
1661 989 1871 1042 faciant

153 1061 248 1129 id,
298 1060 451 1132 quod
498 1062 836 1133 potentiores
883 1061 1168 1133 imperent.
1265 1060 1464 1130 Itaque
1524 1079 1872 1130 consequens

159 1152 303 1202 esse,
327 1141 391 1187 ut
410 1133 619 1188 iustum
656 1133 729 1188 sit
763 1151 876 1187 non
901 1131 1150 1186 modoid
1171 1133 1372 1200 facere,
1395 1130 1546 1202 quod
1570 1132 1871 1202 potentiori

158 1206 232 1260 sit
256 1203 630 1274 conducibile,
669 1203 768 1259 sed
805 1204 970 1258 etiam
1006 1204 1359 1260 contrarium.
1386 1205 1450 1257 P.
1479 1205 1606 1257 339.
1625 1204 1872 1258 B—340.

159 1275 228 1331 C.
263 1307 337 1317 -
373 1275 493 1332 Sed
540 1284 710 1349 negat
745 1275 1229 1349 ThrasymachuS,
1269 1275 1636 1347 potentiorem
1674 1294 1752 1330 ac<
1772 1293 1871 1329 ⁴su·-

159 1349 427 1421 periorem
461 1365 838 1419 quemqnam,¹
861 1347 1158 1402 dummodo
1193 1348 1267 1400 sit
1301 1348 1793 1419 reverwsuperior
1813 1347 1870 1400 iu

161 1440 264 1475 suo
298 1438 517 1494 genere,
553 1439 796 1491 unquam
830 1425 1014 1474 errare
1049 1438 1245 1490 posse..
1261 1425 1362 1472 aut
1401 1438 1542 1487 eum,
1573 1419 1670 1490 qui
1687 1450 1691 1460 ·
1706 1419 1871 1487 erret,

152 1500 311 1549 {ecte
346 1491 682 1563 superiorem
731 1511 897 1568 posse
947 1491 1242 1564 appellari,
1301 1491 1610 1562 perfectum·
1664 1491 1876 1546 scilicet

160 1563 343 1617 animo
375 1563 677 1618 informans
751 1563 1015 1647 rincipem
1053 1562 1461 1617 commodorum
1497 1576 1721 1617 suorum
1756 1569 1875 1616 stu·

161 1635 398 1703 diosum,
432 1653 544 1705 quo
591 1583 751 1689 nihil,
773 1634 1014 1707 cog-itariv
1051 1635 1247 1706 *possit
1295 1634 1700 1689 excellentius.-
1739 1633 1876 1709 ,Quo

160 1708 283 1761 loco
318 1709 591 1778 ‘apertum
650 1715 737 1760 est
785 1707 1019 1760 Platoni·
1053 1706 1170 1759 iam·
1222 1706 1295 1760 ob
1355 1706 1548 1760 oculos
1596 1715 1875 1760 versatum

161 1795 281 1832 esse
330 1778 638 1849 perfectum
684 1778 837 1831 illum
885 1778 1125 1832 civitatis
1173 1777 1476 1848 principem
1514 1784 1581 1830 et
1599 1785 1872 1832 rectorem

161 1849 402 1903 iustitiae
412 1851 700 1918 amantem,
716 1858 1048 1918 quaestuoso
1059 1848 1152 1903 isti
1165 1856 1219 1901 et
1240 1848 1543 1919 lucripetae
1557 1867 1591 1902 o
1631 1849 1875 1920 positum

160 1920 578 1989 etcontrarium,
600 1929 665 1975 ut
688 1920 778 1974 hic
803 1939 1022 1991 quoque
1047 1929 1330 1993 appareat,
1343 1920 1578 1992 primum
1591 1868 1751 1975 liunc
1764 1921 1874 1975 Po·

158 1992 311 2047 litiae
341 1992 540 2047 librum
575 2011 685 2046 non
725 1992 835 2047 alio
860 1996 1119 2065 'tempore
1157 1999 1279 2046 ess'e
1302 1992 1686 2064 compositum,
1711 2011 1876 2064 quam

159 2071 273 2135 quo
307 2063 674 2136 philosophus
722 2065 831 2118 iam
870 2064 1110 2119 universi
1157 2065 1340 2136 operis
1386 2064 1682 2118 materiam*
1705 2065 1874 2118 ratio»

159 2154 399 2206 nemque
417 2135 600 2190 animo
621 2155 724 2190 suo
755 2135 1258 2207 comprehenderat.
1332 2135 1553 2190 Verum·
1569 2136 1716 2190 enim
1741 2155 1875 2190 vero

161 2207 472 2262 acutissime
523 2206 785 2263 Socrates
841 2208 1172 2273 sententiam
1230 2207 1633 2281 Thrasymachi
1694 2209 1876 2279 impu·

159 2298 330 2353 gnare
351 2279 605 2334 instituit.
679 2280 737 2334 Is
772 2281 916 2334 enim
949 2279 1211 2351 deinceps
1245 2278 1605 2349 demonstrat,
1643 2279 1703 2334 in
1725 2298 1874 2351 ¹qua·

157 2369 376 2422 cunque
411 2358 528 2405 arte
565 2370 708 2420 eum,
736 2352 830 2423 qui
854 2352 1029 2425 ipsam
1055 2359 1330 2422 exerceat,
1349 2371 1462 2406 non
1500 2370 1663 2406 suum
1681 2352 1874 2424 ¹ipsius

156 2413 524 2492 commodum,
552 2422 652 2477 sed
688 2424 878 2495 potius
913 2425 1052 2493 eius,
1081 2423 1154 2477 ad
1191 2442 1354 2494 quem
1390 2423 1486 2477 illa
1524 2422 1902 2494 adhibeatur,‘

158 2494 450 2549 utilitatem
487 2501 777 2567 expetere,
813 2495 1052 2568 ideoque
1100 2497 1267 2550 etiam
1299 2495 1447 2550 illius
1484 2494 1715 2550 eandem
1751 2514 1874 2551 esse

156 2564 360 2621 debere
394 2565 662 2620 rationem
676 2590 710 2636 ,⁴
735 2567 829 2640 qui
860 2568 936 2623 in
980 2568 1207 2632 civitate
1251 2567 1619 2639 principatum
1665 2575 1872 2629 teneat.

155 2637 247 2696 Ex
284 2647 406 2708 qno'
435 2637 592 2692 efficis
621 2638 937 2708 arbitratur,
973 2649 1038 2693 ut
1071 2659 1232 2694 nemo
1269 2640 1340 2693 im
1384 2656 1563 2707 crans,
1601 2642 1872 2709 quatenus

157 2709 411 2783 imperet,
448 2708 508 2763 id
544 2709 696 2782 quod
732 2711 849 2774 sibi
866 2711 942 2765 sit
966 2710 1313 2768 conducibile
1367 2711 1689 2783 ξυμφέρον)
1708 2728 1873 2783 spec-

161 2790 298 2836 tne
330 2781 526 2836 soleat.
567 2781 643 2836 P.
683 2784 806 2837 340.
844 2779 1090 2838 C-342.
1128 2782 1199 2838 E.
1238 2813 1309 2825 -·
1392 2779 1463 2836 ed
1504 2782 1748 2855 graviter
1780 2781 1872 2837 hic

161 2850 607 2926 Thrasymachus
632 2852 950 2909 contendit
990 2854 1130 2910 falso
1189 2854 1269 2908 ita
1328 2853 1535 2923 statui,
1587 2852 1872 2909 Socratem

157 2926 326 2994 etiam
361 2923 679 2980 stoliditatis
714 2926 1055 2981 insimulans.
1129 2925 1276 2981 Nam
1312 2924 1479 2980 sicuti
1509 2933 1705 3000 pastor
1740 2945 1872 2980 vcso

162 3002 360 3079 paseat
406 2997 495 3051 vel
541 2997 919 3070 pinguefaciat
964 3018 1077 3052 non
1125 2998 1306 3052 o¹vium
1357 2997 1566 3071 gratia),
1607 2997 1705 3053 sed
1739 3016 1872 3054 snae

161 3066 335 3152 ipsius
372 3068 457 3123 vel
496 3068 701 3125 domini
734 3070 990 3125 utilitatis
1025 3088 1243 3139 caussa,
1268 3070 1349 3124 ita
1372 3069 1541 3137 etiam
1563 3070 1873 3143 principem

162 3138 404 3195 ciuitatis
450 3140 538 3195 vel
587 3141 952 3213 potentiorem
992 3142 1074 3195 in
1123 3139 1433 3196 exercendo
1478 3141 1714 3215 imperio
1760 3160 1871 3196 non

164 3209 409 3281 civibus,
446 3210 550 3267 sed
585 3212 805 3267 sibimet
840 3214 946 3287 ipsi
984 3214 1289 3268 consulere.
1354 3213 1565 3283 'Itaque
1598 3212 1677 3282 id,
1719 3212 1872 3284 quod

165 3281 370 3364 iustum
408 3283 523 3352 sit,
571 3303 763 3339 revera
811 3285 1016 3340 bonum
1067 3304 1203 3340 esse·
1233 3285 1507 3353 alienum,
1558 3283 1709 3355 quod
1758 3303 1870 3339 non

59 3374 68 3383 ·
167 3352 271 3423 ipsi
342 3354 682 3425 possidenti,
743 3356 845 3411 sed
889 3357 1075 3430 potius
1105 3356 1397 3426 valiixyaehoc¹
1427 3364 1514 3410 est
1550 3356 1869 3427 potentiori,

168 3422 588 3481 emolumentum
625 3427 849 3498 afferat,
890 3427 1166 3498 obedienti
1204 3437 1388 3482 autem
1443 3437 1607 3497 atque
1645 3421 1870 3484 subdito
