2072 3730
279 202 377 251 434
942 200 1424 254 PLA'role

282 346 547 402 τοιούτου
586 344 856 414 ἐγγύτατα
884 343 914 412 ἡ
959 343 1165 416 ἄριστα
1216 352 1608 419 πολιτευομένη
1640 345 1797 411 πόλις
1831 354 1980 404 οἰκεῖ.

275 428 429 494 Ἐνὸς
490 429 586 496 δή,
642 430 795 501 οἶμαι
816 472 831 493 ,,
886 430 1201 501 πάσχοντος
1258 435 1368 485 τῶν
1423 435 1669 487 πολιτῶν
1714 429 1905 488 ὁτιοῦν
1950 430 1982 497 ἢ

190 524 237 575 Ε
284 512 522 582 ἀγαθὸν
566 511 599 580 ἢ
646 514 819 569 κακὸν
862 513 896 581 ἡ
942 515 1178 581 τοιαύτη
1225 516 1383 578 πόλις
1440 516 1679 586 μάλιστά
1725 538 1782 571 τε
1824 515 1986 591 φήσει

285 602 488 666 ἑαυτῆς
545 598 687 653 εἶναι
737 599 799 654 τὸ
856 598 1075 670 πάσχον
1116 605 1207 654 καὶ
1253 597 1286 666 ἢ
1329 599 1747 668 ξυνησθήσεται
1789 598 1984 655 ἅπασα

279 681 314 750 ἢ
391 684 810 749 ξυλλυπήσεται.
891 682 1166 751 Ἀνάγκη,
1233 688 1372 757 ἔφη,
1450 684 1549 751 τήν
1605 707 1663 754 γε
1730 681 1986 756 εὔνομον.

280 765 421 844 Cap.
467 758 575 823 XI.
652 765 803 838 ’Ώρα
850 763 924 822 ἂν
969 768 1075 836 εἴη,
1121 761 1191 835 ἦν
1235 768 1284 822 δ’
1336 767 1470 838 ἐγώ,
1524 777 1808 825 ἐπανιέναι
1857 768 1985 838 ἡμῖν

275 855 364 908 ἐπὶ
408 849 512 919 τὴν
552 850 824 924 ἡμετέραν
869 851 1064 918 πόλιν,
1122 856 1215 906 καὶ
1273 851 1343 907 τὰ
1403 857 1503 908 τοῦ
1561 854 1732 924 λόγου
1783 851 1988 925 ὁμολο-

281 934 504 1009 γήματα
562 948 784 993 σκοπεῖν
837 943 896 992 ὲν
939 937 1115 1018 αὐζῇ,
1171 944 1215 992 εἰ
1259 936 1402 1004 αὐτὴ
1446 937 1668 1009 μάλιστ’
1734 942 1839 1010 ἔχει
1882 940 1987 994 εἴτε

286 1026 377 1077 καὶ
437 1019 581 1089 ἄλλη
641 1043 722 1084 τις
765 1024 998 1092 μᾶλλον.
1090 1020 1307 1089 Οὐκοῦν
1347 1025 1484 1094 χρή,
1531 1028 1653 1098 ἔφη.
1747 1027 1813 1078 Τι’
1853 1015 1986 1090 οὗνς

143 1106 247 1158 463
285 1113 401 1162 ἔστι
451 1112 551 1178 μέν
607 1127 716 1162 που
771 1109 862 1161 καὶ
921 1113 980 1160 ἐν
1036 1117 1159 1169 ταῖς
1212 1104 1410 1171 ἄλλαις
1455 1108 1679 1163 πόλεσιν
1723 1105 1987 1178 ἄρχοντές

285 1214 343 1247 τε
389 1195 479 1246 καὶ
527 1195 719 1263 δῆμος,
765 1197 875 1246 ἔστι
921 1194 976 1245 δὲ
1023 1194 1112 1245 καὶ
1160 1198 1217 1245 ὲν
1246 1192 1422 1267 αὐτῇς
1475 1190 1647 1246 '‘Eon.
1737 1196 1988 1256 Πολίτας

282 1281 383 1349 μὲν
429 1274 496 1343 δὴ
540 1275 744 1339 πάντες
787 1268 943 1331 οὗτοι
985 1274 1262 1342 ἀλλήλους
1309 1281 1671 1347 προςεροῦσι,·
1752 1280 1889 1340 Πῶς
1930 1275 1980 1333 δ’

284 1358 387 1427 οὕς
469 1357 637 1415 Ἀλλὰ
697 1358 838 1430 πρὸς
893 1362 971 1429 τῷ
1034 1364 1266 1424 πολίτας
1331 1365 1386 1414 τί
1439 1358 1469 1414 ὁ
1526 1367 1584 1415 ἐν
1628 1371 1751 1425 ταῖς
1792 1359 1989 1425 ἄλλαις

283 1449 459 1515 δῆμος
521 1443 653 1508 τοὺς
717 1442 999 1515 ἄρχοντας
1055 1443 1471 1514 προςαγορεύεις
1552 1445 1644 1500 Ἐν
1707 1450 1809 1518 μὲν
1867 1457 1989 1510 ταῖς

282 1533 515 1593 πολλαῖς
557 1526 846 1593 δεσπότας,
890 1535 947 1583 ἐν
988 1531 1044 1582 δὲ
1094 1541 1212 1593 ταῖς
1257 1532 1803 1602 δημοκρατουμέναις
1847 1529 1984 1586 αὐτὸ

283 1611 541 1686 τοῦνομα
595 1615 792 1678 τοῦτο,
841 1609 1137 1684 ἄρχοντας.
1230 1618 1296 1669 Τι’
1356 1613 1405 1670 δ’
1467 1613 1496 1670 ὁ
1541 1622 1600 1670 ὲν
1643 1617 1708 1692 τῇ
1755 1613 1989 1689 ἡμετέρᾳ

287 1703 492 1772 δῆμος,·
558 1694 698 1769 πρὸς
753 1701 830 1768 τῷ
887 1701 1120 1762 πολίτας
1180 1702 1232 1753 τί
1286 1696 1418 1764 τοὺς
1469 1697 1750 1773 ἄρχοντάς
1819 1719 1989 1775 φησιν

190 1798 240 1850 Β
289 1783 458 1852 εἶναις
526 1781 811 1855 Σωτῆρας
848 1803 904 1837 τε
950 1786 1041 1837 καὶ
1066 1781 1410 1855 ἐπικούρους,
1458 1789 1583 1858 ἔφη.
1677 1788 1745 1843 Τί
1787 1783 1842 1840 δ’
1889 1778 1987 1845 ,οὗ-

287 1892 378 1927 τοι
432 1869 534 1925 τὸν
588 1869 798 1938 δῆμον,
887 1867 1267 1932 Μισιῖοδότας
1320 1891 1377 1924 τε
1434 1872 1528 1924 καὶ
1573 1875 1829 1944 τροφέας.
1921 1871 1988 1925 Οἱ

287 1955 337 2012 δ’
401 1964 459 2011 ἐν
501 1964 624 2017 ταῖς
668 1949 866 2016 ἄλλαις
913 1948 1180 2022 ἄρχονΐες
1223 1951 1355 2018 τοὺς
1399 1953 1639 2026 ὃή-μουςς
1726 1951 1985 2019 Δούλους,

402 2148 456 2191 Ε.
519 2147 604 2188 καὶ
639 2144 665 2202 ἢ
696 2145 1144 2201 ξυνησθήσεται]
1180 2149 1263 2199 καί,
1286 2148 1405 2201 quod
1438 2148 1572 2199 vulgo
1603 2147 1772 2200 aberat,
1805 2161 1985 2190 revoca-

287 2212 380 2247 tum
413 2219 467 2247 ex
507 2205 607 2247 Par.
627 2209 676 2248 Α.
709 2207 810 2250 Vat.
837 2203 884 2247 Θ.
919 2207 1161 2251 Ven..:.-⁴11.
1191 2207 1476 2266 Ἦῐιᾱμὶης.
1516 2206 1617 2248 Vat.
1643 2221 1697 2248 m.
1730 2220 1764 2250 r.
1796 2207 1919 2251 Flor.
1941 2220 1985 2247 x.

286 2265 416 2307 Stob.
449 2269 493 2304 et
524 2265 630 2306 edit.
662 2264 763 2310 ssas,
795 2263 834 2306 2.

403 2321 613 2374 Cap.XI.
673 2322 724 2366 P.
756 2321 860 2367 463.
922 2318 1068 2363 Ἀλλὰ
1102 2319 1242 2376 πρὸς
1273 2321 1340 2376 τῷ
1370 2319 1624 2374 πολίτας]
1657 2321 1777 2365 Flor.
1802 2336 1842 2363 α.
1874 2319 1986 2392 πρὸς

290 2380 348 2434 τῷ
391 2394 436 2421 π.
477 2379 561 2420 εἶν
577 2393 627 2420 αι
670 2381 722 2421 τί
749 2376 773 2423 o‘
805 2378 852 2421 ἐν
883 2395 916 2420 τ.
947 2377 1034 2422 ἄλλ.
1096 2380 1215 2422 idem
1247 2382 1360 2422 liber
1391 2379 1522 2421 etiam
1552 2381 1599 2420 in
1631 2381 1844 2433 proximis
1876 2395 1985 2421 ειναι

286 2439 411 2481 addit
445 2443 547 2491 post
579 2434 691 2491 πρὸς
723 2439 782 2494 τῷ
814 2435 1000 2480 πολίτας.

408 2496 458 2538 Β.
508 2494 575 2537 Οἱ
601 2491 650 2535 δ’
682 2494 736 2537 ὲν
767 2503 884 2538 ταῖς
913 2494 1100 2539 ἄλλαις
1132 2493 1394 2550 ἄρχοντες
1416 2509 1449 2535 τ.
1473 2491 1534 2550 M
1569 2493 1645 2536 Sic
1665 2496 1768 2538 Par.
1789 2498 1848 2538 A.
1870 2497 1985 2538 Ven.

289 2553 337 2598 Ξ.
379 2559 493 2607 Ang.
536 2553 634 2597 Vat.
666 2570 720 2597 m.
750 2556 872 2598 Flor.
906 2569 945 2597 a.
976 2570 1012 2599 c.
1043 2569 1087 2596 x.
1120 2570 1160 2596 α.
1194 2569 1232 2610 γ.
1271 2553 1398 2595 Stob.
1440 2558 1483 2594 et
1522 2554 1628 2595 edit.
1667 2554 1772 2597 BaS.
1805 2555 1844 2599 2.
1877 2555 1986 2596 Vul-

287 2626 371 2664 go:
404 2611 492 2653 Καὶ
526 2609 573 2652 ἐν
604 2618 694 2654 ταῖς
722 2611 867 2654 ἄλλαις
899 2613 947 2654 οἱ
974 2613 1178 2668 ἄρχοντες
1214 2609 1319 2653 τοὺς
1349 2609 1530 2665 δήμους.

2065 431 2072 516 i

288 2767 330 2808 p.
362 2754 464 2799 172.
495 2754 552 2795 D.
590 2755 701 2796 Mox
742 2752 878 2796 οἰκεῖν
907 2758 961 2798 de
991 2757 1091 2808 ipsa
1178 2755 1237 2796 B:
1280 2754 1456 2808 ἕρμαιον
1497 2751 1551 2795 ἂν
1582 2756 1659 2808 εἴη.
1721 2753 1904 2795 Theaet.
1939 2769 1982 2808 p.
2068 2765 2069 2802 1

287 2813 664 2863 urbe‘dietumfflt
678 2827 722 2866 p.
743 2812 846 2859 472.
866 2814 1088 2867 E.p.473.
1180 2813 1278 2857 181.
1313 2815 1367 2853 ss:
1402 2812 1608 2854 σκεπτέον
1640 2809 1694 2854 ἂν
1722 2813 1802 2865 εἴη,
1833 2813 1907 2853 ubi
1940 2828 1982 2854 v.
2066 2843 2072 2870 2*

287 2872 346 2911 A.
378 2871 478 2912 libr.
498 2871 625 2911 Vm.
655 2885 698 2925 p.
730 2871 831 2916 543.
857 2874 912 2914 A.
931 2871 1090 2925 p.‚547.
1179 2878 1333 2913 annot.
1375 2873 1451 2913 ubi
1487 2872 1624 2912 addas
1671 2871 1812 2923 Legg.
1859 2872 1905 2912 V.
1939 2886 1982 2924 p.
2065 2875 2072 2928 ‘3

291 2927 340 2972 C.
373 2927 535 2982 p.557.
566 2930 622 2971 A.
655 2929 793 2972 Plura
822 2932 946 2973 dabit
979 2937 1090 2974 Ast.
1181 2930 1278 2975 747.
1327 2930 1390 2973 E:
1442 2930 1616 2983 πρῶτον
1663 2928 1865 2981 τρεπτέον
1915 2927 1982 2970 ἐπὶ

289 2988 345 3028 ad
373 2987 517 3040 Legg.
549 2986 588 3028 I.
621 2999 658 3027 c,
695 2987 738 3032 3.
771 3002 813 3042 p.
847 2989 918 3035 15,
1181 2985 1231 3028 τὰ
1274 2988 1461 3027 τοιαῦτα.
1531 2987 1644 3027 Ibid.
1691 2988 1759 3026 vl.
1798 3001 1839 3040 p.
1884 2987 1982 3031 751.
2062 2983 2065 3011 5

347 3043 457 3099 Cap.
490 3044 572 3086 XI.
622 3045 676 3087 P.
708 3045 808 3092 463.
851 3047 967 3091 ἔστι
997 3045 1092 3098 μέν
1154 3049 1254 3100 ¹A„
1286 3046 1393 3086 VII.
1423 3058 1465 3098 p.
1497 3044 1599 3088 823.
1631 3047 1689 3086 A.
1721 3045 1782 3084 X.
1815 3059 1858 3099 p.
1877 3045 1982 3089 891.
2060 3064 2063 3087 1

292 3114 400 3142 που
441 3103 529 3144 καὶ
565 3100 622 3142 ἐν
663 3101 872 3159 ἄλλαις]
912 3105 982 3146 De
1013 3118 1090 3149 nu·
1179 3105 1231 3144 C.
1275 3115 1363 3155 quo
1400 3104 1502 3144 loeo
1546 3100 1697 3143 σκόπει
1737 3104 1835 3144 sine
1876 3116 1980 3145 con·
2060 3104 2061 3156 ξ

290 3173 411 3200 mero
456 3161 581 3202 verbi
621 3163 837 3215 singulari
868 3178 908 3210 v.
942 3169 1093 3204 annot.
1177 3163 1401 3201 iunctione
1428 3163 1607 3214 ponitur
1635 3164 1778 3213 sic‚ut
1808 3163 1863 3203 ad
1901 3176 1980 3204 no·
2059 3167 2061 3173 '

290 3217 347 3258 ad
390 3218 488 3258 libr.
519 3219 572 3262 ll.
604 3233 646 3271 p.
678 3220 782 3264 363.
814 3222 871 3261 A.
932 3221 1091 3263 Panno
1178 3231 1278 3260 vam
1323 3220 1670 3271 disputationem
1716 3225 1980 3261 transeatur.

289 3280 392 3315 ante
421 3289 478 3316 ne
518 3277 614 3335 quis
659 3280 939 3320 scribendum
969 3285 1094 3332 putet
1177 3276 1416 3328 Xenoph.
1449 3278 1614 3330 Cyrop.
1644 3279 1677 3328 Ι,
1700 3277 1742 3321 4.
1773 3278 1852 3322 28:
1876 3275 1980 3332 Ὥρα

282 3328 388 3384 Ὥρα
403 3330 480 3391 ,ἂν
522 3337 621 3373 οὐν
651 3339 737 3388 εἴη,
768 3338 923 3378 eodem
951 3338 1090 3378 modo
1177 3332 1243 3376 ἂν·
1263 3334 1341 3387 εἴη,
1363 3335 1418 3387 ἔφ
1482 3332 1507 3376 ὁ
1529 3334 1700 3390 Μῆδος,
1715 3332 1824 3387 μάλα
1855 3333 1979 3377 πάλιν

287 3391 408 3432 infra
443 3404 486 3444 p.
529 3391 630 3435 474.
676 3393 734 3434 O:
772 3391 879 3447 Ὥρα
917 3391 973 3436 ἄν
1008 3396 1089 3447 εἴη,
1177 3405 1224 3433 σε
1255 3393 1393 3444 φιλεῖν
1444 3393 1506 3444 μέ,

289 3449 398 3502 ἔφη,
439 3445 675 3503 ὁρίζεσθαι.
717 3451 868 3505 Symp.
905 3466 949 3504 p.
991 3453 1089 3496 176.
1230 3445 1376 3492 Ἀλλίὶ
1429 3449 1568 3506 πρὸς
1604 3452 1674 3505 ,τῷ
1719 3451 1968 3507 πολίτας]
2050 3493 2053 3519 ;
