2106 3594
321 127 656 183 XXXVIII

322 287 379 322 re
404 290 456 322 v.
496 269 646 322 Libr.
688 266 785 320 VI.
815 286 869 336 p.
911 266 1017 319 500
1055 265 1127 321 D.
1165 286 1218 339 p.
1258 269 1379 325 504.
1419 268 1491 320 D.
1534 286 1586 336 p.
1628 268 1752 321 505.
1790 270 1862 321 A.
1904 286 2029 337 sqq.

322 340 455 394 V11.
491 360 545 411 p.
583 340 705 393 517.
747 335 810 390 C.
861 337 980 390 540.
1019 337 1087 390 A.
1127 356 1248 408 sqq.
1288 338 1364 393 X.
1404 359 1456 410 p.
1500 340 1603 393 613
1643 341 1713 394 A.
1754 357 1863 408 quo
1902 339 2031 392 loco

322 412 463 464 inter
526 410 633 463 alia
684 409 821 462 haec
872 407 1161 463 dicuntur:
1226 409 1314 463 ὅτι
1365 414 1448 464 δεῖ
1497 409 1706 476 ταύτην
1757 413 1895 464 ἰδεῖν
1935 407 2033 463 τὸν

320 484 597 547 μέλλοντα
636 475 933 549 ἐμφρόνως
967 478 1193 549 πράξειν
1240 476 1278 546 ἢ
1339 483 1457 549 ἰδίᾳ
1505 477 1541 547 ἢ
1587 483 1850 550 δημοσίᾳ.
1891 482 2032 534 conf.

325 551 458 606 VII.
508 571 562 623 p..
612 553 737 606 540.
788 552 860 605 A.
936 549 1282 621 Quamquam
1331 552 1474 605 enim
1528 553 1699 607 boni
1735 552 1897 605 idea
1937 572 2035 624 per

324 642 382 676 se
433 630 588 676 tanta
636 630 721 676 est
770 622 1176 694 magnificentia
1224 631 1278 676 et
1333 624 1601 691 celsitate,
1641 632 1705 676 ut
1740 642 1892 677 mens
1930 623 2032 676 hu-

322 713 484 747 mana
514 713 632 747 eam
654 694 746 746 vix
772 713 836 746 ac
862 713 930 746 ne
967 693 1059 747 vix
1092 693 1311 764 quidem
1339 714 1532 766 capere
1567 695 1758 766 possit,
1796 695 2035 764 ideoque

323 764 584 818 diuturna
638 783 702 818 ac
747 772 1016 836 perpetua
1064 784 1202 836 opus
1261 767 1332 819 sit
1373 765 1766 835 meditatione,
1822 767 1870 819 si
1912 767 2036 835 quis

324 856 443 890 eam
491 844 672 890 mente
721 855 823 890 sua
874 835 1118 890 divinare
1174 845 1268 890 aut
1319 838 1542 907 assequi
1580 837 1745 906 velit,
1787 859 1839 891 v.
1878 838 2035 891 Libr.

324 908 429 962 VI.
467 928 521 978 p.
560 909 682 962 507.
723 909 844 962 508.
884 908 1008 962 coll.
1057 908 1190 961 VII.
1230 929 1285 979 p.
1327 911 1447 962 534.
1489 907 1553 961 C.
1592 915 1775 961 tamen
1815 928 1880 961 ea
1915 928 2036 963 sese

324 979 382 1032 in
421 978 704 1032 hominum
757 980 874 1033 vita
922 987 1086 1049 atque
1121 980 1178 1032 in
1214 999 1392 1033 rerum
1431 987 1628 1033 natura
1663 987 1925 1049 tanquam
1964 980 2037 1033 si-

324 1051 448 1122 gnis
515 1050 847 1120 quibusdam
907 1058 1073 1120 atque
1147 1051 1482 1124 argumentis
1556 1050 1911 1122 spectandam
1984 1058 2040 1104 et

326 1121 768 1194 cognoscendam
806 1122 1050 1193 praebet.
1126 1121 1285 1190 Quae
1325 1123 1508 1192 qualia
1547 1123 1674 1190 sint,
1715 1123 1771 1175 in
1807 1123 2038 1175 Philebo

324 1213 380 1263 p.
420 1195 504 1247 64.
545 1195 616 1248 A.
656 1226 724 1233 —
765 1197 848 1248 65.
887 1195 958 1247 A.
1009 1194 1334 1264 exponitur,
1385 1195 1481 1248 ubi
1520 1213 1639 1246 eam
1676 1193 1904 1248 docetur
1939 1194 2039 1247 im-

324 1264 516 1336 primis
554 1264 611 1317 in
659 1266 744 1319 his
788 1265 966 1319 tribus
1006 1265 1169 1319 rebus
1209 1266 1449 1318 elucere:
1489 1265 1544 1317 in
1583 1269 1659 1334 τῷ
1697 1274 1903 1334 μετρίῳ
1946 1269 2040 1321 καὶ

326 1339 620 1405 ξυμμέτρῳ
685 1338 882 1409 φύσει,
953 1336 1010 1389 in
1132 1336 1618 1405 ulcritudine,
1685 1336 1924 1407 denique
1982 1337 2039 1390 in

325 1408 670 1476 veritate,
740 1407 807 1461 de
869 1427 977 1477 quo
1037 1357 1351 1479 piiilosophi
1411 1408 1615 1479 placito
1684 1407 2039 1462 disseruimus

326 1478 585 1550 Prolegg.
633 1478 704 1532 ad
757 1478 968 1534 Phileb.
1019 1500 1073 1550 p.
1127 1481 1210 1535 66.
1246 1498 1365 1549 sqq.
1441 1479 1640 1549 Neque
1694 1478 1920 1533 dubium
1962 1480 2040 1533 vi-

328 1549 517 1618 detur,
573 1550 707 1619 quin
755 1550 919 1604 Plato
970 1569 1088 1603 eam
1126 1549 1451 1603 iudicaverit
1498 1550 1747 1604 similiter
1783 1551 1948 1604 etiam
1983 1551 2041 1604 in

327 1621 549 1675 civitate
589 1639 905 1693 expressam
944 1621 1094 1675 cerni
1132 1628 1400 1692 oportere,
1442 1641 1755 1692 quanquam
1792 1622 1852 1675 in
1889 1622 2041 1676 Poli-

326 1693 405 1745 tia
456 1712 521 1746 ea
582 1691 650 1745 de
710 1712 768 1746 re
830 1712 941 1746 non
1007 1693 1296 1763 exposuit,
1352 1693 1457 1746 hoc
1506 1713 1614 1747 uno
1663 1693 2039 1763 acquiescens,

327 1763 478 1834 quod
515 1764 868 1835 magistratus
924 1783 1055 1818 suos
1093 1764 1227 1817 fecit
1285 1765 1562 1835 sapientes
1610 1765 1667 1817 in
1705 1764 1838 1819 boni
1875 1766 2037 1819 abso-

327 1834 431 1888 luti
483 1834 856 1906 cognoscendi
906 1843 961 1889 et
1017 1835 1074 1888 in
1129 1835 1252 1905 ipsa
1301 1836 1416 1889 vita
1455 1834 1804 1907 propagandi
1855 1835 2040 1890 studio

328 1925 490 1976 quam
530 1905 947 1978 diligentissime
987 1914 1304 1978 occupatos.
1378 1906 1654 1961 Nimirum
1693 1906 1782 1960 hic
1821 1907 2042 1962 omnino

330 1977 677 2048 philosophis
740 1977 1155 2050 magistratibus
1216 1978 1331 2032 suis
1381 1978 1439 2031 id
1487 1979 1727 2032 muneris
1767 1979 2040 2048 attribuit,

328 2056 419 2118 ut,
471 2049 779 2102 divinarum
816 2068 997 2103 rerum
1035 2049 1230 2103 imbuti
1268 2050 1609 2120 cognitione,
1648 2050 1817 2103 vitam
1851 2050 2040 2103 huma-

328 2139 454 2174 nam
503 2119 574 2173 ad
625 2121 785 2191 iusti,
836 2120 1044 2191 pulcri,
1096 2121 1227 2175 boni
1266 2129 1322 2175 et
1359 2121 1574 2176 honesti
1612 2122 1669 2174 in
1707 2140 1766 2175 se
1804 2122 2041 2193 spectati

328 2191 758 2261 similitudinem,
801 2199 1068 2262 quantum
1121 2211 1218 2264 per
1254 2212 1433 2246 rerum
1481 2192 1838 2246 humanarum
1874 2193 2041 2247 ratio-

329 2282 427 2316 nes
485 2263 606 2317 fieri
654 2264 860 2336 possit,
929 2283 1120 2317 ornare
1172 2273 1228 2317 et
1289 2283 1616 2335 componere
1667 2263 1937 2318 studeant.
1989 2286 2040 2318 v.

328 2334 484 2390 Libr.
518 2335 622 2389 VI.
660 2356 714 2407 p.
754 2335 876 2390 500.
923 2335 995 2390 D.
1037 2337 1158 2389 501.
1199 2333 1262 2391 C.
1302 2336 1374 2390 D.
1413 2335 1481 2388 al.
1557 2334 1669 2392 Sed
1718 2334 1856 2389 haec
1906 2355 2041 2407 quo-

331 2425 438 2476 que
470 2406 714 2461 breviter
750 2406 1092 2479 significasse
1128 2407 1263 2460 satis
1304 2407 1422 2460 erit.

474 2478 868 2550 Progredimur
913 2477 1134 2531 tandem
1186 2477 1256 2531 ad
1308 2485 1560 2548 quartum
1606 2476 1782 2548 illud,
1834 2479 1892 2531 in
1931 2498 2040 2548 quo

334 2550 571 2603 maxima
619 2550 855 2603 civitatis
916 2558 1080 2620 atque
1129 2550 1362 2603 hominis
1403 2569 1435 2602 a
1480 2550 1724 2603 Platone·
1779 2550 2041 2620 descripti

331 2620 631 2674 similitudo
671 2621 931 2675 cernitur.
1010 2621 1338 2692 Propositus
1391 2622 1532 2674 enim
1594 2622 1881 2691 utriusque
1931 2622 2039 2674 vir-

329 2693 434 2746 tuti
489 2692 654 2746 etiam
703 2691 880 2746 idem
937 2700 1046 2746 est
1091 2693 1490 2747 felicitatis
1542 2699 1754 2761 atque
1803 2693 2036 2746 beati-

330 2763 507 2817 tatis
545 2765 789 2818 fructu
806 2783 849 2818 s,
921 2764 1143 2818 Etenim
1180 2765 1412 2818 Platone
1449 2763 1628 2817 iudice
1655 2764 1888 2833 primum
1917 2764 2037 2833 qui-

329 2833 453 2887 dem
488 2835 730 2889 iustitiae
769 2855 833 2889 ac
870 2836 1061 2890 virtuti
1099 2836 1187 2889 vel
1222 2856 1321 2907 per
1343 2855 1401 2889 se
1427 2842 1708 2906 spectatae
1734 2854 1832 2888 sua
1859 2834 2038 2906 digni-

327 2912 448 2974 taS,
510 2925 641 2960 suus
704 2905 915 2976 honos,
967 2927 1126 2962 suum
1175 2907 1476 2977 praemium
1538 2913 1772 2960 constat.
1859 2908 2038 2960 Prave
2104 2926 2105 2956 1

331 2977 479 3030 enim
519 2977 790 3048 iudicant,
833 2979 928 3049 qui
964 2978 1286 3033 iniustitiam
1310 2976 1565 3031 dictitant
1599 2977 1848 3031 maximis
1889 2996 2037 3030 emo-
2102 3036 2106 3045 Ἴ,

331 3048 592 3102 lumentis
623 3055 788 3118 atque
816 3049 1115 3104 commodis
1154 3049 1279 3111 frui,
1321 3049 1579 3101 virtutem
1616 3048 1811 3102 iisdem
1835 3067 2035 3118 carere,
2105 3073 2106 3077 ¹

331 3119 494 3182 sicuti
562 3120 694 3173 facit
752 3120 1194 3193 Thrasymachus
1258 3127 1313 3173 et
1373 3120 1467 3188 qui
1538 3121 1654 3172 eius
1713 3120 2038 3173 sententiam
2100 3124 2106 3195 j

331 3199 600 3244 exornant
624 3189 839 3245 Glauco
879 3199 933 3245 et
967 3191 1300 3245 Adimantus
1339 3190 1416 3245 II.
1466 3212 1518 3261 p.
1559 3193 1679 3244 358.
1719 3191 1785 3243 B.
1817 3223 1884 3229 —
1913 3193 2034 3245 368.
2104 3204 2106 3214 '

332 3263 399 3314 al.
471 3262 619 3316 Nam
670 3262 764 3333 qui
814 3262 1137 3334 sapientiam
1187 3273 1242 3315 et
1287 3262 1549 3315 iustitiam
1605 3262 1820 3330 colunt,
1874 3263 1911 3314 ii
1949 3263 2034 3316 vel

330 3333 386 3385 in
438 3334 687 3388 maximis
737 3333 891 3389 malis
940 3334 1088 3389 beati
1156 3351 1278 3388 esse
1340 3333 1600 3388 censendi
1651 3341 1816 3402 sunt,
1869 3353 2034 3403 quum

2097 3475 2106 3511 s,

2098 3515 2106 3594 i
