<?xml version="1.0" encoding="UTF-8"?>
<!DOCTYPE html PUBLIC "-//W3C//DTD XHTML 1.0 Transitional//EN"
    "http://www.w3.org/TR/xhtml1/DTD/xhtml1-transitional.dtd">
<html xmlns="http://www.w3.org/1999/xhtml" xml:lang="en" lang="en">
 <head>
  <title>
</title>
<meta http-equiv="Content-Type" content="text/html;charset=utf-8" />
  <meta name='ocr-system' content='tesseract 3.04.00' />
  <meta name='ocr-capabilities' content='ocr_page ocr_carea ocr_par ocr_line ocrx_word'/>
</head>
<body>
  <div class='ocr_page' id='page_1' title='image "./operaomniarecens03platuoft/operaomniarecens03platuoft_0158.png"; bbox 0 0 2098 3658; ppageno 0'>
   <div class='ocr_carea' id='block_1_1' title="bbox 282 128 341 176">
    <p class='ocr_par' dir='ltr' id='par_1_1' title="bbox 282 128 341 176">
     <span class='ocr_line' id='line_1_1' title="bbox 282 128 341 176; baseline -0.051 0"><span class='ocrx_word' id='word_1_1' title='bbox 282 128 341 176; x_wconf 66' lang='lat'>115</span> 
     </span>
    </p>
   </div>
   <div class='ocr_carea' id='block_1_2' title="bbox 267 262 1982 1050">
    <p class='ocr_par' dir='ltr' id='par_1_2' title="bbox 274 262 1982 406">
     <span class='ocr_line' id='line_1_2' title="bbox 274 262 1982 338; baseline 0.002 -20"><span class='ocrx_word' id='word_1_2' title='bbox 274 266 575 336; x_wconf 84' lang='lat' dir='ltr'>disputavit</span> <span class='ocrx_word' id='word_1_3' title='bbox 627 282 755 317; x_wconf 81' lang='lat' dir='ltr'>saue</span> <span class='ocrx_word' id='word_1_4' title='bbox 781 262 1140 334; x_wconf 81' lang='lat' dir='ltr'>philosophus</span> <span class='ocrx_word' id='word_1_5' title='bbox 1167 265 1232 318; x_wconf 85' lang='grc'>(13</span> <span class='ocrx_word' id='word_1_6' title='bbox 1270 283 1399 318; x_wconf 83' lang='lat' dir='ltr'>vera</span> <span class='ocrx_word' id='word_1_7' title='bbox 1429 274 1542 319; x_wconf 83' lang='lat' dir='ltr'>arte</span> <span class='ocrx_word' id='word_1_8' title='bbox 1582 267 1732 321; x_wconf 84' lang='lat' dir='ltr'>civili</span> <span class='ocrx_word' id='word_1_9' title='bbox 1759 286 1790 320; x_wconf 83' lang='lat' dir='ltr'>a</span> <span class='ocrx_word' id='word_1_10' title='bbox 1816 287 1982 338; x_wconf 85' lang='lat' dir='ltr'>quae-</span> 
     </span>
     <span class='ocr_line' id='line_1_3' title="bbox 275 333 1980 406; baseline 0.002 -16"><span class='ocrx_word' id='word_1_11' title='bbox 275 346 394 390; x_wconf 83' lang='lat' dir='ltr'>stus</span> <span class='ocrx_word' id='word_1_12' title='bbox 442 333 785 406; x_wconf 79' lang='lat' dir='ltr'>turpitudine</span> <span class='ocrx_word' id='word_1_13' title='bbox 849 342 906 387; x_wconf 86' lang='lat' dir='ltr'>et</span> <span class='ocrx_word' id='word_1_14' title='bbox 954 335 1203 391; x_wconf 80' lang='lat' dir='ltr'>utilitatis</span> <span class='ocrx_word' id='word_1_15' title='bbox 1250 335 1433 390; x_wconf 85' lang='lat' dir='ltr'>studio</span> <span class='ocrx_word' id='word_1_16' title='bbox 1497 337 1758 392; x_wconf 85' lang='lat' dir='ltr'>alieniore</span> <span class='ocrx_word' id='word_1_17' title='bbox 1818 339 1980 393; x_wconf 89' lang='lat' dir='ltr'>etiam</span> 
     </span>
    </p>

    <p class='ocr_par' dir='ltr' id='par_1_3' title="bbox 267 405 1980 1050">
     <span class='ocr_line' id='line_1_4' title="bbox 314 405 1980 480; baseline 0.002 -19"><span class='ocrx_word' id='word_1_18' title='bbox 314 416 484 475; x_wconf 85' lang='lat' dir='ltr'>ostea,</span> <span class='ocrx_word' id='word_1_19' title='bbox 514 405 777 476; x_wconf 88' lang='lat' dir='ltr'>imprimis</span> <span class='ocrx_word' id='word_1_20' title='bbox 813 405 953 459; x_wconf 90' lang='lat' dir='ltr'>libro</span> <span class='ocrx_word' id='word_1_21' title='bbox 992 407 1222 478; x_wconf 87' lang='lat' dir='ltr'>septimo</span> <span class='ocrx_word' id='word_1_22' title='bbox 1243 407 1620 479; x_wconf 82' lang='lat' dir='ltr'>Reipublicae,</span> <span class='ocrx_word' id='word_1_23' title='bbox 1656 409 1750 463; x_wconf 91' lang='lat' dir='ltr'>ubi</span> <span class='ocrx_word' id='word_1_24' title='bbox 1776 430 1829 480; x_wconf 90' lang='lat' dir='ltr'>p.</span> <span class='ocrx_word' id='word_1_25' title='bbox 1858 411 1980 464; x_wconf 76' lang='lat'><strong>519.</strong></span> 
     </span>
     <span class='ocr_line' id='line_1_5' title="bbox 279 476 1979 551; baseline 0.004 -22"><span class='ocrx_word' id='word_1_26' title='bbox 279 528 282 529; x_wconf 15' lang='lat'><em>⁷</em></span> <span class='ocrx_word' id='word_1_27' title='bbox 329 481 521 533; x_wconf 79' lang='lat'><strong>—521.</strong></span> <span class='ocrx_word' id='word_1_28' title='bbox 571 478 638 530; x_wconf 90' lang='grc' dir='ltr'>Β.</span> <span class='ocrx_word' id='word_1_29' title='bbox 699 476 1104 547; x_wconf 84' lang='lat' dir='ltr'>elegantissime</span> <span class='ocrx_word' id='word_1_30' title='bbox 1166 479 1426 548; x_wconf 76' lang='lat' dir='ltr'>docetur,</span> <span class='ocrx_word' id='word_1_31' title='bbox 1489 479 1710 549; x_wconf 82' lang='lat' dir='ltr'>quando</span> <span class='ocrx_word' id='word_1_32' title='bbox 1763 487 1820 534; x_wconf 89' lang='lat' dir='ltr'>et</span> <span class='ocrx_word' id='word_1_33' title='bbox 1870 500 1979 551; x_wconf 87' lang='lat' dir='ltr'>qua</span> 
     </span>
     <span class='ocr_line' id='line_1_6' title="bbox 274 547 1978 622; baseline 0.003 -21"><span class='ocrx_word' id='word_1_34' title='bbox 274 569 449 602; x_wconf 88' lang='lat' dir='ltr'>rerum</span> <span class='ocrx_word' id='word_1_35' title='bbox 487 547 802 602; x_wconf 89' lang='lat' dir='ltr'>conditione</span> <span class='ocrx_word' id='word_1_36' title='bbox 840 548 944 601; x_wconf 85' lang='lat' dir='ltr'>viri</span> <span class='ocrx_word' id='word_1_37' title='bbox 979 550 1252 620; x_wconf 87' lang='lat' dir='ltr'>sapientes</span> <span class='ocrx_word' id='word_1_38' title='bbox 1290 549 1361 603; x_wconf 89' lang='lat' dir='ltr'>ad</span> <span class='ocrx_word' id='word_1_39' title='bbox 1397 552 1787 622; x_wconf 84' lang='lat' dir='ltr'>rempublicam</span> <span class='ocrx_word' id='word_1_40' title='bbox 1819 571 1978 606; x_wconf 86' lang='lat' dir='ltr'>acce-</span> 
     </span>
     <span class='ocr_line' id='line_1_7' title="bbox 271 617 1978 686; baseline 0.003 -14"><span class='ocrx_word' id='word_1_41' title='bbox 271 620 399 674; x_wconf 86' lang='lat' dir='ltr'>dere</span> <span class='ocrx_word' id='word_1_42' title='bbox 439 619 693 674; x_wconf 88' lang='lat' dir='ltr'>debeant.</span> <span class='ocrx_word' id='word_1_43' title='bbox 771 617 1048 686; x_wconf 83' lang='lat' dir='ltr'>Quocirca</span> <span class='ocrx_word' id='word_1_44' title='bbox 1070 641 1181 675; x_wconf 87' lang='lat' dir='ltr'>non</span> <span class='ocrx_word' id='word_1_45' title='bbox 1205 621 1453 675; x_wconf 90' lang='lat' dir='ltr'>videmur</span> <span class='ocrx_word' id='word_1_46' title='bbox 1477 641 1509 674; x_wconf 90' lang='lat' dir='ltr'>a</span> <span class='ocrx_word' id='word_1_47' title='bbox 1535 631 1690 678; x_wconf 87' lang='lat' dir='ltr'>recto</span> <span class='ocrx_word' id='word_1_48' title='bbox 1728 623 1978 677; x_wconf 90' lang='lat' dir='ltr'>aberrare</span> 
     </span>
     <span class='ocr_line' id='line_1_8' title="bbox 270 690 1978 765; baseline 0.004 -22"><span class='ocrx_word' id='word_1_49' title='bbox 270 691 361 746; x_wconf 90' lang='lat' dir='ltr'>hic</span> <span class='ocrx_word' id='word_1_50' title='bbox 415 710 635 762; x_wconf 85' lang='lat' dir='ltr'>quoque</span> <span class='ocrx_word' id='word_1_51' title='bbox 684 690 1027 760; x_wconf 89' lang='lat' dir='ltr'>suspicantes</span> <span class='ocrx_word' id='word_1_52' title='bbox 1085 692 1501 764; x_wconf 88' lang='lat' dir='ltr'>philosophum,</span> <span class='ocrx_word' id='word_1_53' title='bbox 1560 714 1670 765; x_wconf 90' lang='lat' dir='ltr'>quo</span> <span class='ocrx_word' id='word_1_54' title='bbox 1732 702 1978 765; x_wconf 89' lang='lat' dir='ltr'>tempore</span> 
     </span>
     <span class='ocr_line' id='line_1_9' title="bbox 273 761 1978 834; baseline 0.004 -19"><span class='ocrx_word' id='word_1_55' title='bbox 273 762 410 817; x_wconf 88' lang='lat' dir='ltr'>haec</span> <span class='ocrx_word' id='word_1_56' title='bbox 459 763 656 816; x_wconf 87' lang='lat' dir='ltr'>litteris</span> <span class='ocrx_word' id='word_1_57' title='bbox 708 761 1019 832; x_wconf 86' lang='lat' dir='ltr'>mandavit,</span> <span class='ocrx_word' id='word_1_58' title='bbox 1058 763 1167 817; x_wconf 87' lang='lat' dir='ltr'>iam</span> <span class='ocrx_word' id='word_1_59' title='bbox 1202 764 1296 817; x_wconf 92' lang='lat' dir='ltr'>illa</span> <span class='ocrx_word' id='word_1_60' title='bbox 1331 764 1453 834; x_wconf 88' lang='lat' dir='ltr'>ipsa</span> <span class='ocrx_word' id='word_1_61' title='bbox 1489 774 1669 820; x_wconf 89' lang='lat' dir='ltr'>mente</span> <span class='ocrx_word' id='word_1_62' title='bbox 1707 772 1763 819; x_wconf 91' lang='grc'>31</span> <span class='ocrx_word' id='word_1_63' title='bbox 1798 767 1978 820; x_wconf 90' lang='grc'><strong>31111110</strong></span> 
     </span>
     <span class='ocr_line' id='line_1_10' title="bbox 269 834 1978 906; baseline 0.002 -18"><span class='ocrx_word' id='word_1_64' title='bbox 269 835 661 906; x_wconf 88' lang='lat' dir='ltr'>comprehensa</span> <span class='ocrx_word' id='word_1_65' title='bbox 707 834 988 903; x_wconf 90' lang='lat' dir='ltr'>tenuisse,</span> <span class='ocrx_word' id='word_1_66' title='bbox 1048 853 1187 905; x_wconf 89' lang='lat' dir='ltr'>quae</span> <span class='ocrx_word' id='word_1_67' title='bbox 1290 836 1650 891; x_wconf 88' lang='lat' dir='ltr'>osterioribus</span> <span class='ocrx_word' id='word_1_68' title='bbox 1700 837 1853 891; x_wconf 88' lang='lat' dir='ltr'>libris</span> <span class='ocrx_word' id='word_1_69' title='bbox 1909 837 1978 891; x_wconf 90' lang='lat' dir='ltr'>de</span> 
     </span>
     <span class='ocr_line' id='line_1_11' title="bbox 267 855 1980 979; baseline 0.002 -20"><span class='ocrx_word' id='word_1_70' title='bbox 267 905 354 960; x_wconf 91' lang='lat' dir='ltr'>his</span> <span class='ocrx_word' id='word_1_71' title='bbox 409 907 571 960; x_wconf 90' lang='lat' dir='ltr'>rebus</span> <span class='ocrx_word' id='word_1_72' title='bbox 622 913 1018 959; x_wconf 85' lang='lat' dir='ltr'>commentatus</span> <span class='ocrx_word' id='word_1_73' title='bbox 1066 913 1165 968; x_wconf 81' lang='lat' dir='ltr'>est.</span> <span class='ocrx_word' id='word_1_74' title='bbox 1239 855 1355 961; x_wconf 52' lang='lat' dir='ltr'>§ed</span> <span class='ocrx_word' id='word_1_75' title='bbox 1390 906 1529 961; x_wconf 88' lang='lat' dir='ltr'>haec</span> <span class='ocrx_word' id='word_1_76' title='bbox 1568 927 1789 979; x_wconf 90' lang='lat' dir='ltr'>quoque</span> <span class='ocrx_word' id='word_1_77' title='bbox 1826 909 1980 963; x_wconf 85' lang='lat' dir='ltr'>velut</span> 
     </span>
     <span class='ocr_line' id='line_1_12' title="bbox 268 977 1980 1050; baseline 0.003 -21"><span class='ocrx_word' id='word_1_78' title='bbox 268 977 325 1030; x_wconf 90' lang='lat' dir='ltr'>in</span> <span class='ocrx_word' id='word_1_79' title='bbox 363 986 684 1032; x_wconf 90' lang='lat' dir='ltr'>transcursu</span> <span class='ocrx_word' id='word_1_80' title='bbox 721 984 1015 1031; x_wconf 83' lang='lat' dir='ltr'>annotasse</span> <span class='ocrx_word' id='word_1_81' title='bbox 1054 977 1186 1032; x_wconf 87' lang='lat' dir='ltr'>satis</span> <span class='ocrx_word' id='word_1_82' title='bbox 1225 978 1344 1032; x_wconf 88' lang='lat' dir='ltr'>erit.</span> <span class='ocrx_word' id='word_1_83' title='bbox 1419 978 1707 1050; x_wconf 86' lang='lat' dir='ltr'>Pergimus</span> <span class='ocrx_word' id='word_1_84' title='bbox 1745 979 1816 1033; x_wconf 89' lang='lat' dir='ltr'>ad</span> <span class='ocrx_word' id='word_1_85' title='bbox 1851 980 1980 1034; x_wconf 90' lang='lat' dir='ltr'>reli-</span> 
     </span>
    </p>
   </div>
   <div class='ocr_carea' id='block_1_3' title="bbox 150 1037 1980 1123">
    <p class='ocr_par' dir='ltr' id='par_1_4' title="bbox 150 1037 1980 1123">
     <span class='ocr_line' id='line_1_13' title="bbox 150 1037 1980 1123; baseline 0.001 -20"><span class='ocrx_word' id='word_1_86' title='bbox 150 1037 154 1042; x_wconf 49' lang='grc'>’</span> <span class='ocrx_word' id='word_1_87' title='bbox 203 1102 206 1104; x_wconf 85' lang='grc'>,</span> <span class='ocrx_word' id='word_1_88' title='bbox 267 1069 429 1119; x_wconf 86' lang='grc'><strong>(1113111</strong></span> <span class='ocrx_word' id='word_1_89' title='bbox 491 1055 703 1119; x_wconf 89' lang='lat' dir='ltr'>partem</span> <span class='ocrx_word' id='word_1_90' title='bbox 755 1049 883 1102; x_wconf 88' lang='lat' dir='ltr'>libri</span> <span class='ocrx_word' id='word_1_91' title='bbox 928 1048 1303 1103; x_wconf 87' lang='lat' dir='ltr'>enarrandam.</span> <span class='ocrx_word' id='word_1_92' title='bbox 1390 1049 1760 1120; x_wconf 84' lang='lat' dir='ltr'>Posteaquam</span> <span class='ocrx_word' id='word_1_93' title='bbox 1811 1051 1980 1123; x_wconf 87' lang='lat' dir='ltr'>igitur</span> 
     </span>
    </p>
   </div>
   <div class='ocr_carea' id='block_1_4' title="bbox 234 1119 1978 3476">
    <p class='ocr_par' dir='ltr' id='par_1_5' title="bbox 234 1119 1978 3476">
     <span class='ocr_line' id='line_1_14' title="bbox 269 1119 1978 1193; baseline 0.001 -19"><span class='ocrx_word' id='word_1_94' title='bbox 269 1121 698 1176; x_wconf 86' lang='lat' dir='ltr'>demonstratum</span> <span class='ocrx_word' id='word_1_95' title='bbox 755 1127 842 1174; x_wconf 87' lang='lat' dir='ltr'>est</span> <span class='ocrx_word' id='word_1_96' title='bbox 889 1120 1087 1175; x_wconf 72' lang='lat' dir='ltr'>falsum</span> <span class='ocrx_word' id='word_1_97' title='bbox 1143 1139 1264 1175; x_wconf 90' lang='lat' dir='ltr'>esse</span> <span class='ocrx_word' id='word_1_98' title='bbox 1315 1119 1826 1193; x_wconf 79' lang='lat' dir='ltr'>Thrasymachum,</span> <span class='ocrx_word' id='word_1_99' title='bbox 1881 1124 1978 1192; x_wconf 90' lang='lat' dir='ltr'>qui</span> 
     </span>
     <span class='ocr_line' id='line_1_15' title="bbox 264 1191 1978 1264; baseline 0.001 -20"><span class='ocrx_word' id='word_1_100' title='bbox 264 1192 469 1246; x_wconf 89' lang='lat' dir='ltr'>iustum</span> <span class='ocrx_word' id='word_1_101' title='bbox 504 1192 561 1245; x_wconf 90' lang='lat' dir='ltr'>in</span> <span class='ocrx_word' id='word_1_102' title='bbox 598 1210 662 1245; x_wconf 90' lang='lat' dir='ltr'>eo</span> <span class='ocrx_word' id='word_1_103' title='bbox 698 1193 937 1262; x_wconf 89' lang='lat' dir='ltr'>positum</span> <span class='ocrx_word' id='word_1_104' title='bbox 977 1211 1097 1246; x_wconf 90' lang='lat' dir='ltr'>esse</span> <span class='ocrx_word' id='word_1_105' title='bbox 1134 1191 1427 1264; x_wconf 82' lang='lat' dir='ltr'>putaverit,</span> <span class='ocrx_word' id='word_1_106' title='bbox 1463 1191 1613 1261; x_wconf 89' lang='lat' dir='ltr'>quod</span> <span class='ocrx_word' id='word_1_107' title='bbox 1650 1194 1978 1263; x_wconf 87' lang='lat' dir='ltr'>potentiori-</span> 
     </span>
     <span class='ocr_line' id='line_1_16' title="bbox 234 1262 1977 1336; baseline 0.001 -18"><span class='ocrx_word' id='word_1_108' title='bbox 234 1263 369 1318; x_wconf 44' lang='lat' dir='ltr'>*bus</span> <span class='ocrx_word' id='word_1_109' title='bbox 416 1263 474 1317; x_wconf 89' lang='lat' dir='ltr'>in</span> <span class='ocrx_word' id='word_1_110' title='bbox 526 1262 749 1317; x_wconf 88' lang='lat' dir='ltr'>civitate</span> <span class='ocrx_word' id='word_1_111' title='bbox 802 1263 1091 1333; x_wconf 87' lang='lat' dir='ltr'>expediat,</span> <span class='ocrx_word' id='word_1_112' title='bbox 1142 1262 1588 1333; x_wconf 89' lang='lat' dir='ltr'>quandoquidem</span> <span class='ocrx_word' id='word_1_113' title='bbox 1641 1263 1870 1336; x_wconf 87' lang='lat' dir='ltr'>regendi</span> <span class='ocrx_word' id='word_1_114' title='bbox 1921 1272 1977 1319; x_wconf 90' lang='lat' dir='ltr'>et</span> 
     </span>
     <span class='ocr_line' id='line_1_17' title="bbox 264 1333 1973 1406; baseline 0.001 -18"><span class='ocrx_word' id='word_1_115' title='bbox 264 1333 608 1406; x_wconf 85' lang='lat' dir='ltr'>gubernandi</span> <span class='ocrx_word' id='word_1_116' title='bbox 634 1334 774 1387; x_wconf 89' lang='lat' dir='ltr'>ratio</span> <span class='ocrx_word' id='word_1_117' title='bbox 814 1353 877 1388; x_wconf 83' lang='lat' dir='ltr'>ac</span> <span class='ocrx_word' id='word_1_118' title='bbox 918 1334 1210 1406; x_wconf 87' lang='lat' dir='ltr'>disciplina</span> <span class='ocrx_word' id='word_1_119' title='bbox 1247 1341 1537 1403; x_wconf 86' lang='lat' dir='ltr'>quaestum</span> <span class='ocrx_word' id='word_1_120' title='bbox 1559 1335 1729 1395; x_wconf 89' lang='lat' dir='ltr'>faciat</span> <span class='ocrx_word' id='word_1_121' title='bbox 1765 1337 1973 1390; x_wconf 85' lang='lat' dir='ltr'>nullum</span> 
     </span>
     <span class='ocr_line' id='line_1_18' title="bbox 266 1405 1978 1478; baseline 0.002 -19"><span class='ocrx_word' id='word_1_122' title='bbox 266 1414 322 1460; x_wconf 90' lang='lat' dir='ltr'>et</span> <span class='ocrx_word' id='word_1_123' title='bbox 357 1407 639 1478; x_wconf 89' lang='lat' dir='ltr'>proprium</span> <span class='ocrx_word' id='word_1_124' title='bbox 694 1405 1037 1459; x_wconf 89' lang='lat' dir='ltr'>commodum</span> <span class='ocrx_word' id='word_1_125' title='bbox 1075 1413 1130 1459; x_wconf 87' lang='grc'>31</span> <span class='ocrx_word' id='word_1_126' title='bbox 1167 1405 1591 1459; x_wconf 86' lang='grc'><strong>31110111111311111111</strong></span> <span class='ocrx_word' id='word_1_127' title='bbox 1628 1426 1978 1478; x_wconf 85' lang='lat' dir='ltr'>nequaquam</span> 
     </span>
     <span class='ocr_line' id='line_1_19' title="bbox 265 1475 1978 1548; baseline 0.002 -18"><span class='ocrx_word' id='word_1_128' title='bbox 265 1479 612 1548; x_wconf 90' lang='lat' dir='ltr'>propositum</span> <span class='ocrx_word' id='word_1_129' title='bbox 649 1476 876 1542; x_wconf 84' lang='lat' dir='ltr'>habeat3</span> <span class='ocrx_word' id='word_1_130' title='bbox 903 1475 1159 1531; x_wconf 86' lang='lat' dir='ltr'>Socrates</span> <span class='ocrx_word' id='word_1_131' title='bbox 1191 1476 1455 1546; x_wconf 87' lang='lat' dir='ltr'>deinceps</span> <span class='ocrx_word' id='word_1_132' title='bbox 1487 1476 1558 1530; x_wconf 91' lang='lat' dir='ltr'>ad</span> <span class='ocrx_word' id='word_1_133' title='bbox 1591 1497 1654 1530; x_wconf 90' lang='lat' dir='ltr'>ea</span> <span class='ocrx_word' id='word_1_134' title='bbox 1678 1479 1978 1533; x_wconf 83' lang='lat' dir='ltr'>refellenda</span> 
     </span>
     <span class='ocr_line' id='line_1_20' title="bbox 266 1546 1976 1620; baseline 0.001 -16"><span class='ocrx_word' id='word_1_135' title='bbox 266 1548 602 1620; x_wconf 72' lang='lat' dir='ltr'>aggreditur,</span> <span class='ocrx_word' id='word_1_136' title='bbox 623 1567 763 1617; x_wconf 90' lang='lat' dir='ltr'>quae</span> <span class='ocrx_word' id='word_1_137' title='bbox 785 1567 817 1600; x_wconf 91' lang='lat' dir='ltr'>a</span> <span class='ocrx_word' id='word_1_138' title='bbox 854 1547 1101 1618; x_wconf 83' lang='lat' dir='ltr'>sophista</span> <span class='ocrx_word' id='word_1_139' title='bbox 1138 1547 1209 1601; x_wconf 89' lang='lat' dir='ltr'>ad</span> <span class='ocrx_word' id='word_1_140' title='bbox 1247 1546 1729 1611; x_wconf 85' lang='lat' dir='ltr'>demonstrandam</span> <span class='ocrx_word' id='word_1_141' title='bbox 1759 1550 1976 1605; x_wconf 84' lang='lat' dir='ltr'>iniusti-</span> 
     </span>
     <span class='ocr_line' id='line_1_21' title="bbox 262 1618 1975 1694; baseline 0.003 -22"><span class='ocrx_word' id='word_1_142' title='bbox 262 1621 370 1678; x_wconf 87' lang='lat' dir='ltr'>tiae</span> <span class='ocrx_word' id='word_1_143' title='bbox 407 1619 804 1690; x_wconf 87' lang='lat' dir='ltr'>praestantiam</span> <span class='ocrx_word' id='word_1_144' title='bbox 841 1619 899 1672; x_wconf 91' lang='lat' dir='ltr'>in</span> <span class='ocrx_word' id='word_1_145' title='bbox 935 1618 1175 1672; x_wconf 86' lang='lat' dir='ltr'>medium</span> <span class='ocrx_word' id='word_1_146' title='bbox 1214 1619 1378 1672; x_wconf 85' lang='lat' dir='ltr'>allata</span> <span class='ocrx_word' id='word_1_147' title='bbox 1414 1626 1562 1672; x_wconf 90' lang='lat' dir='ltr'>sunt.</span> <span class='ocrx_word' id='word_1_148' title='bbox 1634 1620 1836 1691; x_wconf 88' lang='lat' dir='ltr'>Itaque</span> <span class='ocrx_word' id='word_1_149' title='bbox 1863 1623 1975 1694; x_wconf 91' lang='lat' dir='ltr'>pri-</span> 
     </span>
     <span class='ocr_line' id='line_1_22' title="bbox 267 1690 1974 1766; baseline 0.002 -22"><span class='ocrx_word' id='word_1_150' title='bbox 267 1712 414 1745; x_wconf 89' lang='lat' dir='ltr'>mum</span> <span class='ocrx_word' id='word_1_151' title='bbox 466 1691 687 1762; x_wconf 91' lang='lat' dir='ltr'>quidem</span> <span class='ocrx_word' id='word_1_152' title='bbox 734 1698 904 1762; x_wconf 82' lang='lat' dir='ltr'>negat</span> <span class='ocrx_word' id='word_1_153' title='bbox 944 1691 1269 1745; x_wconf 87' lang='lat' dir='ltr'>iniustitiam</span> <span class='ocrx_word' id='word_1_154' title='bbox 1304 1690 1427 1743; x_wconf 91' lang='lat' dir='ltr'>loco</span> <span class='ocrx_word' id='word_1_155' title='bbox 1467 1691 1685 1753; x_wconf 85' lang='lat' dir='ltr'>virtutis</span> <span class='ocrx_word' id='word_1_156' title='bbox 1725 1712 1790 1746; x_wconf 89' lang='lat' dir='ltr'>ac</span> <span class='ocrx_word' id='word_1_157' title='bbox 1828 1694 1974 1766; x_wconf 84' lang='lat' dir='ltr'>sapi-</span> 
     </span>
     <span class='ocr_line' id='line_1_23' title="bbox 264 1763 1974 1837; baseline 0.002 -21"><span class='ocrx_word' id='word_1_158' title='bbox 264 1763 443 1816; x_wconf 85' lang='lat' dir='ltr'>entiae</span> <span class='ocrx_word' id='word_1_159' title='bbox 484 1766 569 1834; x_wconf 77' lang='grc' dir='ltr'>(ἐν</span> <span class='ocrx_word' id='word_1_160' title='bbox 606 1763 807 1831; x_wconf 74' lang='grc' dir='ltr'><em>ἀρετῆς</em></span> <span class='ocrx_word' id='word_1_161' title='bbox 845 1765 938 1817; x_wconf 82' lang='grc' dir='ltr'>καὶ</span> <span class='ocrx_word' id='word_1_162' title='bbox 977 1769 1187 1837; x_wconf 76' lang='grc' dir='ltr'><em>σοφίας</em></span> <span class='ocrx_word' id='word_1_163' title='bbox 1219 1766 1376 1833; x_wconf 78' lang='grc' dir='ltr'><em>μέρει</em></span> <span class='ocrx_word' id='word_1_164' title='bbox 1452 1800 1467 1814; x_wconf 85' lang='grc'><strong>.</strong></span> <span class='ocrx_word' id='word_1_165' title='bbox 1497 1764 1620 1816; x_wconf 85' lang='grc'><strong>348.</strong></span> <span class='ocrx_word' id='word_1_166' title='bbox 1645 1763 1743 1834; x_wconf 88' lang='grc' dir='ltr'>Ε.)</span> <span class='ocrx_word' id='word_1_167' title='bbox 1783 1763 1974 1819; x_wconf 85' lang='lat' dir='ltr'>haberi</span> 
     </span>
     <span class='ocr_line' id='line_1_24' title="bbox 262 1831 1973 1908; baseline 0.002 -21"><span class='ocrx_word' id='word_1_168' title='bbox 262 1853 444 1905; x_wconf 86' lang='lat' dir='ltr'>posse.</span> <span class='ocrx_word' id='word_1_169' title='bbox 516 1833 587 1888; x_wconf 90' lang='lat' dir='ltr'>Id</span> <span class='ocrx_word' id='word_1_170' title='bbox 624 1832 775 1903; x_wconf 87' lang='lat' dir='ltr'>quod</span> <span class='ocrx_word' id='word_1_171' title='bbox 811 1835 1054 1904; x_wconf 87' lang='lat' dir='ltr'>stupenti</span> <span class='ocrx_word' id='word_1_172' title='bbox 1078 1834 1415 1905; x_wconf 87' lang='lat' dir='ltr'>Thrasymac</span> <span class='ocrx_word' id='word_1_173' title='bbox 1458 1853 1490 1885; x_wconf 93' lang='lat' dir='ltr'>o</span> <span class='ocrx_word' id='word_1_174' title='bbox 1518 1831 1622 1902; x_wconf 86' lang='lat' dir='ltr'>hac</span> <span class='ocrx_word' id='word_1_175' title='bbox 1658 1835 1771 1888; x_wconf 86' lang='lat' dir='ltr'>fere</span> <span class='ocrx_word' id='word_1_176' title='bbox 1810 1855 1973 1908; x_wconf 84' lang='lat' dir='ltr'>argu-</span> 
     </span>
     <span class='ocr_line' id='line_1_25' title="bbox 260 1903 1971 1977; baseline 0.002 -19"><span class='ocrx_word' id='word_1_177' title='bbox 260 1905 596 1960; x_wconf 89' lang='lat' dir='ltr'>mentatione</span> <span class='ocrx_word' id='word_1_178' title='bbox 648 1905 882 1976; x_wconf 81' lang='lat' dir='ltr'>probat,</span> <span class='ocrx_word' id='word_1_179' title='bbox 916 1903 1064 1959; x_wconf 89' lang='lat' dir='ltr'>unde</span> <span class='ocrx_word' id='word_1_180' title='bbox 1102 1905 1316 1959; x_wconf 87' lang='lat' dir='ltr'>eluceat</span> <span class='ocrx_word' id='word_1_181' title='bbox 1351 1904 1559 1958; x_wconf 89' lang='lat' dir='ltr'>iustum</span> <span class='ocrx_word' id='word_1_182' title='bbox 1598 1924 1971 1977; x_wconf 81' lang='lat' dir='ltr'>semperesse</span> 
     </span>
     <span class='ocr_line' id='line_1_26' title="bbox 260 1975 1973 2050; baseline 0.002 -20"><span class='ocrx_word' id='word_1_183' title='bbox 260 1978 467 2033; x_wconf 88' lang='lat' dir='ltr'>bonum</span> <span class='ocrx_word' id='word_1_184' title='bbox 518 1995 582 2030; x_wconf 87' lang='lat' dir='ltr'>ac</span> <span class='ocrx_word' id='word_1_185' title='bbox 637 1975 969 2047; x_wconf 86' lang='lat' dir='ltr'>sapientem,</span> <span class='ocrx_word' id='word_1_186' title='bbox 1009 1977 1271 2030; x_wconf 90' lang='lat' dir='ltr'>iniustum</span> <span class='ocrx_word' id='word_1_187' title='bbox 1307 1982 1490 2029; x_wconf 89' lang='lat' dir='ltr'>autem</span> <span class='ocrx_word' id='word_1_188' title='bbox 1526 1975 1873 2050; x_wconf 83' lang='lat' dir='ltr'>insipientem</span> <span class='ocrx_word' id='word_1_189' title='bbox 1907 1997 1973 2034; x_wconf 86' lang='lat' dir='ltr'>ac</span> 
     </span>
     <span class='ocr_line' id='line_1_27' title="bbox 262 2046 1972 2121; baseline 0.002 -20"><span class='ocrx_word' id='word_1_190' title='bbox 262 2049 481 2101; x_wconf 88' lang='lat' dir='ltr'>malum.</span> <span class='ocrx_word' id='word_1_191' title='bbox 551 2049 675 2102; x_wconf 88' lang='lat' dir='ltr'>Tuo</span> <span class='ocrx_word' id='word_1_192' title='bbox 726 2047 963 2116; x_wconf 80' lang='lat' dir='ltr'>iudicio,</span> <span class='ocrx_word' id='word_1_193' title='bbox 1024 2048 1237 2118; x_wconf 89' lang='lat' dir='ltr'>inquit,</span> <span class='ocrx_word' id='word_1_194' title='bbox 1289 2067 1321 2101; x_wconf 96' lang='grc'><strong>0</strong></span> <span class='ocrx_word' id='word_1_195' title='bbox 1384 2046 1821 2119; x_wconf 83' lang='lat' dir='ltr'>Thrasymache,</span> <span class='ocrx_word' id='word_1_196' title='bbox 1876 2050 1972 2121; x_wconf 91' lang='lat' dir='ltr'>qui</span> 
     </span>
     <span class='ocr_line' id='line_1_28' title="bbox 263 2118 1970 2190; baseline 0.002 -18"><span class='ocrx_word' id='word_1_197' title='bbox 263 2120 498 2174; x_wconf 85' lang='lat' dir='ltr'>iniustus</span> <span class='ocrx_word' id='word_1_198' title='bbox 548 2127 660 2188; x_wconf 89' lang='lat' dir='ltr'>est,</span> <span class='ocrx_word' id='word_1_199' title='bbox 710 2118 952 2190; x_wconf 89' lang='lat' dir='ltr'>prudens</span> <span class='ocrx_word' id='word_1_200' title='bbox 1001 2120 1131 2173; x_wconf 89' lang='lat' dir='ltr'>item</span> <span class='ocrx_word' id='word_1_201' title='bbox 1183 2126 1269 2172; x_wconf 89' lang='lat' dir='ltr'>est</span> <span class='ocrx_word' id='word_1_202' title='bbox 1314 2125 1479 2189; x_wconf 89' lang='lat' dir='ltr'>atque</span> <span class='ocrx_word' id='word_1_203' title='bbox 1527 2118 1736 2189; x_wconf 86' lang='lat' dir='ltr'>bonus,</span> <span class='ocrx_word' id='word_1_204' title='bbox 1791 2122 1970 2177; x_wconf 87' lang='lat' dir='ltr'>iustus</span> 
     </span>
     <span class='ocr_line' id='line_1_29' title="bbox 262 2189 1971 2261; baseline 0.002 -17"><span class='ocrx_word' id='word_1_205' title='bbox 262 2199 445 2245; x_wconf 88' lang='lat' dir='ltr'>autem</span> <span class='ocrx_word' id='word_1_206' title='bbox 493 2201 764 2244; x_wconf 89' lang='lat' dir='ltr'>neutrum.</span> <span class='ocrx_word' id='word_1_207' title='bbox 857 2191 1054 2261; x_wconf 89' lang='lat' dir='ltr'>Itaque</span> <span class='ocrx_word' id='word_1_208' title='bbox 1117 2191 1352 2244; x_wconf 88' lang='lat' dir='ltr'>iniustus</span> <span class='ocrx_word' id='word_1_209' title='bbox 1414 2189 1578 2244; x_wconf 87' lang='lat' dir='ltr'>etiam</span> <span class='ocrx_word' id='word_1_210' title='bbox 1644 2191 1837 2248; x_wconf 85' lang='lat' dir='ltr'>similis</span> <span class='ocrx_word' id='word_1_211' title='bbox 1885 2200 1971 2248; x_wconf 91' lang='grc'>331</span> 
     </span>
     <span class='ocr_line' id='line_1_30' title="bbox 259 2260 1964 2333; baseline 0.002 -18"><span class='ocrx_word' id='word_1_212' title='bbox 259 2262 545 2333; x_wconf 85' lang='lat' dir='ltr'>prudentis</span> <span class='ocrx_word' id='word_1_213' title='bbox 583 2281 649 2316; x_wconf 93' lang='lat' dir='ltr'>ac</span> <span class='ocrx_word' id='word_1_214' title='bbox 685 2262 835 2329; x_wconf 85' lang='lat' dir='ltr'>boni,</span> <span class='ocrx_word' id='word_1_215' title='bbox 873 2269 938 2315; x_wconf 92' lang='lat' dir='ltr'>ut</span> <span class='ocrx_word' id='word_1_216' title='bbox 978 2262 1198 2316; x_wconf 89' lang='lat' dir='ltr'>omnino</span> <span class='ocrx_word' id='word_1_217' title='bbox 1233 2260 1359 2315; x_wconf 83' lang='lat' dir='ltr'>talis</span> <span class='ocrx_word' id='word_1_218' title='bbox 1397 2261 1497 2331; x_wconf 86' lang='lat' dir='ltr'>sit,</span> <span class='ocrx_word' id='word_1_219' title='bbox 1525 2262 1701 2332; x_wconf 84' lang='lat' dir='ltr'>qualis</span> <span class='ocrx_word' id='word_1_220' title='bbox 1739 2263 1829 2319; x_wconf 90' lang='lat' dir='ltr'>hic</span> <span class='ocrx_word' id='word_1_221' title='bbox 1864 2272 1964 2320; x_wconf 88' lang='grc'><strong>331.</strong></span> 
     </span>
     <span class='ocr_line' id='line_1_31' title="bbox 259 2333 1969 2407; baseline 0.002 -20"><span class='ocrx_word' id='word_1_222' title='bbox 259 2334 378 2387; x_wconf 90' lang='lat' dir='ltr'>Iam</span> <span class='ocrx_word' id='word_1_223' title='bbox 414 2354 544 2388; x_wconf 89' lang='lat' dir='ltr'>vero</span> <span class='ocrx_word' id='word_1_224' title='bbox 582 2333 668 2387; x_wconf 87' lang='lat' dir='ltr'>vir</span> <span class='ocrx_word' id='word_1_225' title='bbox 704 2334 944 2388; x_wconf 90' lang='lat' dir='ltr'>musicus</span> <span class='ocrx_word' id='word_1_226' title='bbox 994 2334 1169 2407; x_wconf 88' lang='lat' dir='ltr'>lyram</span> <span class='ocrx_word' id='word_1_227' title='bbox 1206 2340 1514 2404; x_wconf 88' lang='lat' dir='ltr'>temperans</span> <span class='ocrx_word' id='word_1_228' title='bbox 1545 2333 1609 2386; x_wconf 76' lang='lat' dir='ltr'>&#39;in</span> <span class='ocrx_word' id='word_1_229' title='bbox 1647 2334 1969 2390; x_wconf 88' lang='lat' dir='ltr'>remissione</span> 
     </span>
     <span class='ocr_line' id='line_1_32' title="bbox 262 2404 1967 2477; baseline 0.002 -18"><span class='ocrx_word' id='word_1_230' title='bbox 262 2418 319 2459; x_wconf 88' lang='lat' dir='ltr'>et</span> <span class='ocrx_word' id='word_1_231' title='bbox 363 2405 667 2459; x_wconf 90' lang='lat' dir='ltr'>intentione</span> <span class='ocrx_word' id='word_1_232' title='bbox 714 2405 906 2458; x_wconf 89' lang='lat' dir='ltr'>fidium</span> <span class='ocrx_word' id='word_1_233' title='bbox 952 2425 1063 2459; x_wconf 91' lang='lat' dir='ltr'>non</span> <span class='ocrx_word' id='word_1_234' title='bbox 1109 2404 1168 2458; x_wconf 87' lang='lat' dir='ltr'>id</span> <span class='ocrx_word' id='word_1_235' title='bbox 1206 2405 1352 2477; x_wconf 81' lang='lat' dir='ltr'>agit,</span> <span class='ocrx_word' id='word_1_236' title='bbox 1390 2412 1453 2457; x_wconf 92' lang='lat' dir='ltr'>ut</span> <span class='ocrx_word' id='word_1_237' title='bbox 1489 2404 1665 2462; x_wconf 84' lang='lat' dir='ltr'>virum</span> <span class='ocrx_word' id='word_1_238' title='bbox 1701 2407 1967 2463; x_wconf 85' lang='lat' dir='ltr'>musicum</span> 
     </span>
     <span class='ocr_line' id='line_1_33' title="bbox 260 2476 1966 2549; baseline 0.002 -19"><span class='ocrx_word' id='word_1_239' title='bbox 260 2484 569 2531; x_wconf 86' lang='lat' dir='ltr'>antevertat</span> <span class='ocrx_word' id='word_1_240' title='bbox 627 2485 793 2546; x_wconf 88' lang='lat' dir='ltr'>atque</span> <span class='ocrx_word' id='word_1_241' title='bbox 858 2476 951 2529; x_wconf 91' lang='lat' dir='ltr'>illo</span> <span class='ocrx_word' id='word_1_242' title='bbox 1018 2478 1143 2549; x_wconf 87' lang='lat' dir='ltr'>plus</span> <span class='ocrx_word' id='word_1_243' title='bbox 1188 2483 1544 2546; x_wconf 87' lang='lat' dir='ltr'>assequatur,</span> <span class='ocrx_word' id='word_1_244' title='bbox 1594 2476 1694 2530; x_wconf 86' lang='lat' dir='ltr'>sed</span> <span class='ocrx_word' id='word_1_245' title='bbox 1729 2478 1966 2534; x_wconf 82' lang='lat' dir='ltr'>musices</span> 
     </span>
     <span class='ocr_line' id='line_1_34' title="bbox 256 2546 1967 2620; baseline 0.003 -20"><span class='ocrx_word' id='word_1_246' title='bbox 256 2551 504 2619; x_wconf 85' lang='lat' dir='ltr'>ignarum</span> <span class='ocrx_word' id='word_1_247' title='bbox 543 2564 800 2620; x_wconf 88' lang='lat' dir='ltr'>superare</span> <span class='ocrx_word' id='word_1_248' title='bbox 840 2546 1045 2601; x_wconf 88' lang='lat' dir='ltr'>studet.</span> <span class='ocrx_word' id='word_1_249' title='bbox 1119 2550 1208 2602; x_wconf 92' lang='lat' dir='ltr'>Ac</span> <span class='ocrx_word' id='word_1_250' title='bbox 1245 2548 1445 2619; x_wconf 88' lang='lat' dir='ltr'>pariter</span> <span class='ocrx_word' id='word_1_251' title='bbox 1482 2556 1775 2603; x_wconf 86' lang='lat' dir='ltr'>versantur</span> <span class='ocrx_word' id='word_1_252' title='bbox 1803 2550 1967 2606; x_wconf 86' lang='lat' dir='ltr'>etiam</span> 
     </span>
     <span class='ocr_line' id='line_1_35' title="bbox 256 2618 1962 2692; baseline 0.001 -19"><span class='ocrx_word' id='word_1_253' title='bbox 256 2619 455 2674; x_wconf 88' lang='lat' dir='ltr'>medici</span> <span class='ocrx_word' id='word_1_254' title='bbox 504 2627 670 2689; x_wconf 89' lang='lat' dir='ltr'>atque</span> <span class='ocrx_word' id='word_1_255' title='bbox 718 2620 827 2673; x_wconf 87' lang='lat' dir='ltr'>alii.</span> <span class='ocrx_word' id='word_1_256' title='bbox 901 2618 970 2673; x_wconf 89' lang='lat' dir='ltr'>Id</span> <span class='ocrx_word' id='word_1_257' title='bbox 1005 2621 1186 2692; x_wconf 91' lang='lat' dir='ltr'>ipsum</span> <span class='ocrx_word' id='word_1_258' title='bbox 1220 2639 1350 2673; x_wconf 86' lang='lat' dir='ltr'>vero</span> <span class='ocrx_word' id='word_1_259' title='bbox 1377 2619 1434 2672; x_wconf 88' lang='grc'>111</span> <span class='ocrx_word' id='word_1_260' title='bbox 1462 2620 1776 2675; x_wconf 81' lang='lat' dir='ltr'>universum</span> <span class='ocrx_word' id='word_1_261' title='bbox 1803 2621 1962 2675; x_wconf 88' lang='lat' dir='ltr'>etiam</span> 
     </span>
     <span class='ocr_line' id='line_1_36' title="bbox 259 2689 1966 2750; baseline 0.002 -6"><span class='ocrx_word' id='word_1_262' title='bbox 259 2691 326 2745; x_wconf 90' lang='lat' dir='ltr'>de</span> <span class='ocrx_word' id='word_1_263' title='bbox 379 2691 526 2746; x_wconf 91' lang='lat' dir='ltr'>omni</span> <span class='ocrx_word' id='word_1_264' title='bbox 572 2691 779 2745; x_wconf 89' lang='lat' dir='ltr'>artifice</span> <span class='ocrx_word' id='word_1_265' title='bbox 828 2700 883 2745; x_wconf 90' lang='grc'>31</span> <span class='ocrx_word' id='word_1_266' title='bbox 919 2699 1033 2745; x_wconf 88' lang='lat' dir='ltr'>arte</span> <span class='ocrx_word' id='word_1_267' title='bbox 1072 2690 1365 2745; x_wconf 89' lang='lat' dir='ltr'>dicendum</span> <span class='ocrx_word' id='word_1_268' title='bbox 1404 2698 1504 2746; x_wconf 89' lang='grc'><strong>331.</strong></span> <span class='ocrx_word' id='word_1_269' title='bbox 1580 2689 1782 2750; x_wconf 76' lang='lat' dir='ltr'>Nullus</span> <span class='ocrx_word' id='word_1_270' title='bbox 1822 2692 1966 2747; x_wconf 87' lang='lat' dir='ltr'>enim</span> 
     </span>
     <span class='ocr_line' id='line_1_37' title="bbox 257 2760 1964 2833; baseline 0.002 -19"><span class='ocrx_word' id='word_1_271' title='bbox 257 2763 456 2816; x_wconf 82' lang='lat' dir='ltr'>artifex</span> <span class='ocrx_word' id='word_1_272' title='bbox 491 2762 548 2815; x_wconf 88' lang='lat' dir='ltr'>in</span> <span class='ocrx_word' id='word_1_273' title='bbox 569 2763 696 2818; x_wconf 40' lang='lat' dir='ltr'>fulla</span> <span class='ocrx_word' id='word_1_274' title='bbox 733 2769 850 2823; x_wconf 84' lang='lat' dir='ltr'>arte</span> <span class='ocrx_word' id='word_1_275' title='bbox 889 2763 1179 2833; x_wconf 87' lang='lat' dir='ltr'>reperitur,</span> <span class='ocrx_word' id='word_1_276' title='bbox 1205 2763 1302 2833; x_wconf 88' lang='lat' dir='ltr'>qui</span> <span class='ocrx_word' id='word_1_277' title='bbox 1343 2760 1599 2825; x_wconf 86' lang='lat' dir='ltr'>velitvel</span> <span class='ocrx_word' id='word_1_278' title='bbox 1633 2761 1692 2814; x_wconf 91' lang='lat' dir='ltr'>in</span> <span class='ocrx_word' id='word_1_279' title='bbox 1730 2762 1964 2817; x_wconf 88' lang='lat' dir='ltr'>dicendo</span> 
     </span>
     <span class='ocr_line' id='line_1_38' title="bbox 256 2831 1961 2906; baseline 0.002 -20"><span class='ocrx_word' id='word_1_280' title='bbox 256 2834 345 2887; x_wconf 88' lang='lat' dir='ltr'>vel</span> <span class='ocrx_word' id='word_1_281' title='bbox 381 2835 440 2887; x_wconf 91' lang='lat' dir='ltr'>in</span> <span class='ocrx_word' id='word_1_282' title='bbox 477 2834 918 2906; x_wconf 84' lang='lat' dir='ltr'>operandoplus</span> <span class='ocrx_word' id='word_1_283' title='bbox 956 2835 1175 2904; x_wconf 87' lang='lat' dir='ltr'>habere,</span> <span class='ocrx_word' id='word_1_284' title='bbox 1203 2852 1376 2904; x_wconf 77' lang='lat' dir='ltr'>quam</span> <span class='ocrx_word' id='word_1_285' title='bbox 1414 2831 1616 2886; x_wconf 88' lang='lat' dir='ltr'>habeat</span> <span class='ocrx_word' id='word_1_286' title='bbox 1653 2833 1792 2888; x_wconf 90' lang='lat' dir='ltr'>alius</span> <span class='ocrx_word' id='word_1_287' title='bbox 1830 2835 1961 2889; x_wconf 86' lang='lat' dir='ltr'>arti-</span> 
     </span>
     <span class='ocr_line' id='line_1_39' title="bbox 258 2903 1963 2978; baseline 0.001 -21"><span class='ocrx_word' id='word_1_288' title='bbox 258 2905 349 2958; x_wconf 85' lang='lat' dir='ltr'>fex</span> <span class='ocrx_word' id='word_1_289' title='bbox 386 2905 626 2959; x_wconf 89' lang='lat' dir='ltr'>eiusdem</span> <span class='ocrx_word' id='word_1_290' title='bbox 665 2906 799 2959; x_wconf 88' lang='lat' dir='ltr'>artis</span> <span class='ocrx_word' id='word_1_291' title='bbox 824 2906 1074 2978; x_wconf 84' lang='lat' dir='ltr'>.peritus;</span> <span class='ocrx_word' id='word_1_292' title='bbox 1118 2904 1218 2959; x_wconf 88' lang='lat' dir='ltr'>sed</span> <span class='ocrx_word' id='word_1_293' title='bbox 1255 2903 1487 2974; x_wconf 89' lang='lat' dir='ltr'>quilibet</span> <span class='ocrx_word' id='word_1_294' title='bbox 1508 2904 1790 2974; x_wconf 87' lang='lat' dir='ltr'>perfectus</span> <span class='ocrx_word' id='word_1_295' title='bbox 1831 2906 1963 2959; x_wconf 87' lang='lat' dir='ltr'>arti-</span> 
     </span>
     <span class='ocr_line' id='line_1_40' title="bbox 255 2976 1961 3050; baseline 0.002 -22"><span class='ocrx_word' id='word_1_296' title='bbox 255 2976 347 3029; x_wconf 84' lang='lat' dir='ltr'>fex</span> <span class='ocrx_word' id='word_1_297' title='bbox 383 2977 639 3045; x_wconf 90' lang='lat' dir='ltr'>quoniam</span> <span class='ocrx_word' id='word_1_298' title='bbox 680 2996 747 3030; x_wconf 85' lang='lat' dir='ltr'>ex</span> <span class='ocrx_word' id='word_1_299' title='bbox 782 2978 905 3050; x_wconf 84' lang='lat' dir='ltr'>lege</span> <span class='ocrx_word' id='word_1_300' title='bbox 944 2978 1077 3032; x_wconf 88' lang='lat' dir='ltr'>artis</span> <span class='ocrx_word' id='word_1_301' title='bbox 1113 2976 1258 3050; x_wconf 87' lang='lat' dir='ltr'>agit,</span> <span class='ocrx_word' id='word_1_302' title='bbox 1297 2982 1587 3029; x_wconf 86' lang='lat' dir='ltr'>contentus</span> <span class='ocrx_word' id='word_1_303' title='bbox 1626 2983 1740 3045; x_wconf 88' lang='lat' dir='ltr'>est,</span> <span class='ocrx_word' id='word_1_304' title='bbox 1782 2977 1829 3031; x_wconf 92' lang='lat' dir='ltr'>si</span> <span class='ocrx_word' id='word_1_305' title='bbox 1869 2996 1961 3032; x_wconf 83' lang='lat' dir='ltr'>eas</span> 
     </span>
     <span class='ocr_line' id='line_1_41' title="bbox 256 3045 1960 3118; baseline 0.001 -18"><span class='ocrx_word' id='word_1_306' title='bbox 256 3055 627 3117; x_wconf 90' lang='lat' dir='ltr'>consequatur</span> <span class='ocrx_word' id='word_1_307' title='bbox 657 3048 904 3117; x_wconf 80' lang='lat' dir='ltr'>virtutes,</span> <span class='ocrx_word' id='word_1_308' title='bbox 931 3051 1073 3118; x_wconf 87' lang='lat' dir='ltr'>quae</span> <span class='ocrx_word' id='word_1_309' title='bbox 1097 3047 1259 3102; x_wconf 87' lang='lat' dir='ltr'>simili</span> <span class='ocrx_word' id='word_1_310' title='bbox 1285 3046 1482 3099; x_wconf 88' lang='lat' dir='ltr'>artifici</span> <span class='ocrx_word' id='word_1_311' title='bbox 1506 3045 1578 3099; x_wconf 90' lang='lat' dir='ltr'>ad</span> <span class='ocrx_word' id='word_1_312' title='bbox 1616 3065 1960 3118; x_wconf 89' lang='lat' dir='ltr'>consequen-</span> 
     </span>
     <span class='ocr_line' id='line_1_42' title="bbox 258 3117 1958 3189; baseline 0.002 -19"><span class='ocrx_word' id='word_1_313' title='bbox 258 3117 382 3171; x_wconf 88' lang='lat' dir='ltr'>dam</span> <span class='ocrx_word' id='word_1_314' title='bbox 407 3119 762 3189; x_wconf 79' lang='lat' dir='ltr'>perfectionis</span> <span class='ocrx_word' id='word_1_315' title='bbox 799 3119 1017 3173; x_wconf 86' lang='lat' dir='ltr'>laudem</span> <span class='ocrx_word' id='word_1_316' title='bbox 1054 3117 1416 3182; x_wconf 83' lang='lat' dir='ltr'>conveniunt3</span> <span class='ocrx_word' id='word_1_317' title='bbox 1455 3125 1646 3172; x_wconf 89' lang='lat' dir='ltr'>contra</span> <span class='ocrx_word' id='word_1_318' title='bbox 1686 3119 1818 3172; x_wconf 89' lang='lat' dir='ltr'>artis</span> <span class='ocrx_word' id='word_1_319' title='bbox 1858 3120 1958 3173; x_wconf 90' lang='lat' dir='ltr'>im-</span> 
     </span>
     <span class='ocr_line' id='line_1_43' title="bbox 254 3189 1961 3261; baseline 0.002 -19"><span class='ocrx_word' id='word_1_320' title='bbox 254 3189 482 3260; x_wconf 85' lang='lat' dir='ltr'>peritus,</span> <span class='ocrx_word' id='word_1_321' title='bbox 509 3190 566 3242; x_wconf 91' lang='lat' dir='ltr'>in</span> <span class='ocrx_word' id='word_1_322' title='bbox 596 3209 921 3261; x_wconf 89' lang='lat' dir='ltr'>quacunque</span> <span class='ocrx_word' id='word_1_323' title='bbox 946 3190 1164 3245; x_wconf 89' lang='lat' dir='ltr'>demum</span> <span class='ocrx_word' id='word_1_324' title='bbox 1189 3196 1307 3243; x_wconf 83' lang='lat' dir='ltr'>arte</span> <span class='ocrx_word' id='word_1_325' title='bbox 1343 3195 1610 3259; x_wconf 87' lang='lat' dir='ltr'>versatur,</span> <span class='ocrx_word' id='word_1_326' title='bbox 1638 3197 1694 3243; x_wconf 89' lang='grc'>31</span> <span class='ocrx_word' id='word_1_327' title='bbox 1730 3191 1961 3245; x_wconf 87' lang='lat' dir='ltr'>similem</span> 
     </span>
     <span class='ocr_line' id='line_1_44' title="bbox 257 3259 1961 3334; baseline 0.001 -20"><span class='ocrx_word' id='word_1_328' title='bbox 257 3268 311 3314; x_wconf 90' lang='lat' dir='ltr'>et</span> <span class='ocrx_word' id='word_1_329' title='bbox 354 3259 671 3315; x_wconf 84' lang='lat' dir='ltr'>dissimilem</span> <span class='ocrx_word' id='word_1_330' title='bbox 722 3267 832 3314; x_wconf 88' lang='lat' dir='ltr'>tam</span> <span class='ocrx_word' id='word_1_331' title='bbox 879 3263 1116 3333; x_wconf 89' lang='lat' dir='ltr'>peritum</span> <span class='ocrx_word' id='word_1_332' title='bbox 1155 3279 1318 3331; x_wconf 88' lang='lat' dir='ltr'>quam</span> <span class='ocrx_word' id='word_1_333' title='bbox 1353 3259 1661 3331; x_wconf 90' lang='lat' dir='ltr'>imperitum</span> <span class='ocrx_word' id='word_1_334' title='bbox 1701 3281 1961 3334; x_wconf 87' lang='lat' dir='ltr'>superare</span> 
     </span>
     <span class='ocr_line' id='line_1_45' title="bbox 253 3330 1961 3405; baseline 0.001 -19"><span class='ocrx_word' id='word_1_335' title='bbox 253 3339 498 3386; x_wconf 89' lang='lat' dir='ltr'>conatur.</span> <span class='ocrx_word' id='word_1_336' title='bbox 579 3330 765 3399; x_wconf 77' lang='lat' dir='ltr'>Quum</span> <span class='ocrx_word' id='word_1_337' title='bbox 812 3352 942 3386; x_wconf 88' lang='lat' dir='ltr'>vero</span> <span class='ocrx_word' id='word_1_338' title='bbox 986 3334 1194 3404; x_wconf 85' lang='lat' dir='ltr'>peritus</span> <span class='ocrx_word' id='word_1_339' title='bbox 1252 3331 1385 3384; x_wconf 90' lang='lat' dir='ltr'>artis</span> <span class='ocrx_word' id='word_1_340' title='bbox 1433 3331 1541 3401; x_wconf 90' lang='lat' dir='ltr'>sit,</span> <span class='ocrx_word' id='word_1_341' title='bbox 1604 3333 1851 3405; x_wconf 89' lang='lat' dir='ltr'>sapiens,</span> <span class='ocrx_word' id='word_1_342' title='bbox 1904 3341 1961 3386; x_wconf 90' lang='lat' dir='ltr'>et</span> 
     </span>
     <span class='ocr_line' id='line_1_46' title="bbox 255 3403 1959 3476; baseline -0.002 -17"><span class='ocrx_word' id='word_1_343' title='bbox 255 3405 471 3476; x_wconf 87' lang='lat' dir='ltr'>sapiens</span> <span class='ocrx_word' id='word_1_344' title='bbox 508 3403 652 3457; x_wconf 89' lang='lat' dir='ltr'>idem</span> <span class='ocrx_word' id='word_1_345' title='bbox 689 3403 887 3471; x_wconf 83' lang='lat' dir='ltr'>bonuS,</span> <span class='ocrx_word' id='word_1_346' title='bbox 927 3413 1074 3458; x_wconf 89' lang='lat' dir='ltr'>certe</span> <span class='ocrx_word' id='word_1_347' title='bbox 1112 3404 1195 3458; x_wconf 86' lang='lat' dir='ltr'>vir</span> <span class='ocrx_word' id='word_1_348' title='bbox 1228 3403 1403 3457; x_wconf 87' lang='lat' dir='ltr'>bonus</span> <span class='ocrx_word' id='word_1_349' title='bbox 1442 3410 1497 3456; x_wconf 92' lang='lat' dir='ltr'>et</span> <span class='ocrx_word' id='word_1_350' title='bbox 1533 3404 1751 3476; x_wconf 90' lang='lat' dir='ltr'>sapiens</span> <span class='ocrx_word' id='word_1_351' title='bbox 1778 3403 1959 3459; x_wconf 81' lang='lat' dir='ltr'>isimili</span> 
     </span>
    </p>
   </div>
   <div class='ocr_carea' id='block_1_5' title="bbox 2042 2817 2091 3658">
    <p class='ocr_par' dir='ltr' id='par_1_6' title="bbox 2042 2817 2091 3658">
     <span class='ocr_line' id='line_1_47' title="bbox 2042 2817 2091 3658; baseline 0 0"><span class='ocrx_word' id='word_1_352' title='bbox 2042 2817 2091 3658; x_wconf 95' lang='lat' dir='ltr'> </span> 
     </span>
    </p>
   </div>
  </div>
 </body>
</html>
