2106 3594
292 125 336 176 (3
348 123 425 175 VI

286 287 335 317 v.
379 267 498 318 590
552 265 691 316 hanc
736 264 910 333 legem
966 264 1108 331 f,ert
1157 271 1218 317 ut
1270 265 1490 335 publica
1527 264 1779 317 convivia
1813 264 1981 317 intro-

285 335 571 390 ducantur.
678 333 807 401 Quo
863 334 1228 405 respiciuntur
1270 337 1461 407 procul
1520 335 1687 388 dubio
1752 334 1982 406 phiditia

286 407 703 488 Spartanorum.
740 414 803 458 ut
840 405 975 458 nihil
1010 425 1155 488 opus
1190 406 1261 459 sit
1299 406 1367 461 de
1404 407 1782 461 communibus
1807 407 1982 478 epulis

284 479 558 548 cogitare,
611 494 749 546 quas
797 477 960 532 Plato
1006 477 1066 531 in
1102 477 1325 532 civitate
1373 497 1474 532 sua
1508 500 1540 532 a
1577 477 1899 532 custodibus
1938 497 1981 532 s.

283 549 571 603 militibus
579 549 972 603 concelebrari
993 548 1179 603 voluit.
1255 549 1473 603 Deinde
1506 550 1803 603 fortissima
1838 549 1981 602 vira-

283 621 471 693 ginum
547 619 743 674 suadet
806 620 1139 674 bonorum
1210 622 1796 689 communionem,
1874 640 1984 690 qua

285 695 586 746 constituta
632 693 874 745 futurum
911 692 1015 759 sit,
1071 699 1132 745 ut
1177 712 1335 745 nemo
1375 692 1607 763 amplius
1643 693 1853 746 furetur
1889 701 1985 744 aut

283 763 530 817 fraudem
569 764 892 832 committat,
931 785 984 818 v.
1022 765 1144 817 602.
1179 782 1301 834 sqq.
1377 763 1536 830 Quae
1572 764 1662 816 lex
1685 764 1786 817 etsi
1812 764 1985 835 prima

285 836 469 905 specie
495 855 604 888 non
628 834 865 888 videtur
883 834 953 889 ad
992 834 1385 906 Spartanorum
1421 836 1674 889 instituta
1712 846 1982 903 spectare,

285 916 467 960 tamen
507 907 746 960 dubitari
785 927 894 960 ιιοιι
933 914 1134 976 potest,
1174 907 1305 976 quin
1343 906 1414 959 ad
1450 906 1542 959 illa
1569 905 1798 959 ridenda
1822 907 1984 977 plane

284 986 620 1061 comparata
646 979 733 1032 sit.
814 979 1046 1060 Etenim
1092 979 1198 1034 fuit
1247 987 1394 1031 certe
1442 977 1590 1048 apud
1638 977 1762 1031 illos
1800 997 1867 1030 ex
1904 997 1985 1030 ιιι-

283 1051 474 1104 stituto
513 1049 829 1122 Lycurgi
865 1070 976 1105 non
1003 1049 1188 1103 solum
1227 1050 1528 1119 aequalitas
1567 1068 1849 1120 agrorum,
1887 1048 1985 1102 sed

283 1122 446 1175 etiam
507 1120 782 1204 quoddam
846 1122 1240 1175 communionis
1315 1123 1580 1175 bonorum
1642 1140 1846 1191 genus3
1917 1120 1986 1173 de

188 1245 193 1254 ,
285 1213 393 1263 qua
428 1212 486 1246 re
514 1194 633 1264 ipse
663 1194 920 1263 exposuit
956 1193 1670 1264 Morgensterniusl.
1710 1211 1759 1245 c.
1782 1213 1835 1262 p.
1864 1194 1983 1245 3.()7

284 1264 514 1319 laudans
553 1273 770 1335 praeter
806 1265 912 1319 alia
946 1265 1203 1334 Xenop
1225 1264 1276 1316 h.
1317 1264 1384 1318 de
1427 1264 1566 1333 Rep.
1605 1263 1776 1317 Lac.
1779 1265 1984 1334 p.681.

282 1337 351 1389 E.
390 1338 512 1390 682.
552 1338 623 1389 A.
663 1336 730 1389 B.
772 1337 1079 1390 Aristot.
1117 1336 1282 1389 Polit.
1315 1337 1410 1403 11„
1455 1283 1816 1388 Plutarchp
1850 1335 1985 1388 Inst.

282 1408 418 1461 Lac.
459 1428 513 1478 p.
553 1409 676 1461 238.
715 1407 782 1460 Ε.
860 1406 1023 1460 Conf.
1061 1406 1125 1460 C.
1165 1408 1268 1460 F.r
1307 1408 1672 1461 Hermann.
1725 1406 1988 1474 Antiqui-

282 1486 406 1532 tatt.
461 1479 671 1533 Lacon.
718 1500 770 1549 p.
828 1482 947 1533 155.
995 1498 1059 1548 sq
1065 1478 1531 1532 ..Staatsalterth
1580 1477 1634 1534 d.
1675 1476 1898 1531 Griech.
1939 1478 1985 1546 ξ.

282 1554 369 1604 47
423 1548 798 1603 Gesammelte
849 1550 994 1603 Abh.
1043 1570 1095 1602 u.
1135 1550 1306 1604 Beitr.
1346 1570 1399 1619 p.
1441 1552 1555 1604 150.
1629 1550 1783 1603 Haec
1822 1549 1992 1620 igitui

283 1629 449 1693 poeta
498 1621 578 1673 ita
625 1622 705 1675 in
728 1641 842 1674 rem
880 1641 944 1674 su
949 1642 1034 1674 am
1078 1622 1368 1687 convertit,
1408 1629 1470 1674 ut
1506 1640 1571 1673 ea
1609 1620 1837 1674 ridicule
1878 1640 1990 1673 am-

283 1693 642 1763 pliticaverit,
692 1693 853 1747 simul
902 1694 1064 1746 etiam
1105 1692 1448 1762 quorundam
1486 1692 1830 1763 popularium
1870 1711 1990 1762 per-

284 1764 557 1836 stringens
612 1765 933 1846 opiniones,
990 1765 1082 1833 qui
1136 1764 1301 1817 talem
1351 1765 1619 1817 bonorum
1655 1763 1989 1816 communio·

285 1810 663 1889 11en1⁶eivitati
717 1836 1008 1889 salutarem
1059 1854 1180 1889 esse
1230 1837 1568 1889 statuissent.
1655 1833 1988 1904 Quanquam

285 1915 617 1978 postremum
667 1906 774 1961 hoc
827 1916 889 1961 ut
943 1916 1278 1990 statuamus,
1334 1926 1402 1959 ne
1449 1926 1588 1976 opus
1630 1906 1849 1975 quidem
1888 1915 1993 1972 est,

287 1978 730 2048 quandoquidem
779 1978 846 2032 de
893 1979 1110 2032 illorum
1148 1979 1523 2031 institutorum
1560 1979 1797 2031 utilitate
1835 1998 1990 2048 pror-

287 2069 382 2104 sus
420 2050 614 2104 eodem
652 2049 836 2118 modo,
877 2069 985 2118 quo
1014 2051 1350 2121 Praxagora,
1388 2049 1634 2102 iudicant
1669 2048 1923 2120 Xenop
1939 2049 1991 2102 h.

288 2122 356 2175 de
405 2122 545 2190 Rep.
596 2122 730 2175 Lac.
786 2141 830 2176 c.
882 2122 993 2174 Vll.
1046 2130 1102 2174 et
1159 2119 1524 2174 Plutarch.
1576 2121 1695 2174 Vit.
1745 2120 1832 2191 Ly
1838 2140 1989 2191 curg.

288 2202 423 2247 sect.
460 2194 590 2261 lX.,
630 2195 783 2247 cuius
822 2194 989 2246 verba
1029 2194 1198 2264 digna
1232 2201 1389 2262 sunt,
1443 2213 1582 2262 quae
1622 2191 1992 2279 adponamus:

287 2264 491 2320 τούτου
533 2271 627 2334 δέ,
687 2265 867 2346 inquit
916 2273 1286 2336 ἐπιχυθέντος
1336 2268 1583 2331 ἐξέπεσεν
1633 2264 1995 2330 ἀὸικηαάτων

287 2342 420 2406 γένη
475 2333 650 2390 πολλα
701 2359 800 2402 της
849 2340 1296 2420 Λακεὸαίμονος.
1347 2358 1431 2399 τις
1489 2333 1595 2406 7ἀο
1659 2330 1695 2401 ὴ
1742 2340 1994 2389 κλέπτειν

288 2409 507 2477 ἔμελλεν
543 2404 580 2474 ἢ
617 2410 961 2492 δωροδοκεῖν
989 2404 1024 2474 ὴ
1062 2408 1388 2478 ἀποστερεῖν
1425 2403 1461 2474 ἢ
1485 2404 1748 2478 ιὶοποὶζειν
1786 2405 1820 2461 ὂ
1856 2404 1994 2472 μήτε

290 2495 650 2548 κατακρυιυαι
663 2474 961 2535 δυνατόν
928 2502 995 2546 ην
1020 2479 1157 2548 μήτε
1186 2481 1437 2543 numm)
1440 2501 1498 2533 αι
1518 2462 1789 2545 ζηλωτόν;
1826 2477 1993 2546 Quod

288 2559 467 2606 autem
496 2552 733 2607 omnium
758 2552 990 2605 maxime
1015 2552 1233 2605 videtur
1252 2550 1516 2618 effecisse,
1542 2559 1606 2604 ut
1643 2559 1858 2620 poetam
1884 2550 1994 2603 Ec-

288 2624 600 2676 clesiazusis
649 2625 961 2694 putaverint
1011 2624 1256 2677 Platonis
1297 2623 1548 2677 Politiam
1586 2622 1992 2692 perstrinxisse,

289 2694 424 2747 illud
462 2707 564 2763 est,
607 2695 753 2776 quod
793 2695 840 2748 is
894 2696 1262 2767 Praxagoram
1317 2695 1482 2747 lecit
1497 2694 1657 2747 etiam
1714 2712 1994 2746 uxorum

289 2768 677 2819 communio
698 2787 857 2821 nem
868 2743 1326 2834 introducentem,
1354 2766 1553 2836 quippe
1581 2783 1719 2846 quae
1747 2784 1865 2817 eam
1883 2764 1992 2817 vim

291 2837 363 2891 sit
402 2836 682 2920 habitura,
735 2847 796 2891 ut
848 2839 1080 2908 quisque
1117 2859 1212 2892 eos
1251 2856 1467 2904 omneS,
1519 2837 1613 2905 qui
1652 2844 1828 2889 aetate
1865 2854 1991 2904 pro-

290 2907 560 2962 vectiores
599 2909 740 2975 sint,
794 2918 1055 2979 tanquam
1099 2929 1229 2963 suos
1281 2917 1465 2978 patres
1512 2927 1602 2959 rev
1611 2916 1875 2974 ereatur,
1906 2915 1992 2958 to·-

290 2987 459 3048 taque
513 2982 823 3050 respublica
862 3002 974 3035 una
1011 2981 1201 3036 domus
1241 2989 1406 3048 atque
1443 2979 1647 3032 familia
1683 2997 1800 3031 esse
1838 2977 1992 3030 vide-

291 3058 428 3105 atur.
504 3050 591 3104 De
631 3070 738 3120 qua
763 3072 821 3105 re
846 3054 956 3106 vid.
983 3075 1046 3106 v.
1074 3055 1178 3105 614
1216 3071 1335 3120 sqq.
1372 3051 1496 3103 635.
1535 3069 1615 3131 sq.
1654 3051 1774 3102 637.
1804 3067 1885 3118 sq.
1923 3049 1992 3102 al

290 3122 668 3174 Veruntamen
694 3124 907 3177 etiamsi
934 3124 1070 3177 haec
1108 3123 1379 3177 simillima
1415 3122 1524 3174 sint
1561 3121 1650 3187 iis,
1677 3139 1816 3201 quae
1845 3119 1991 3190 apud

290 3192 579 3248 Platonem
629 3194 750 3247 libr
802 3195 871 3247 V.
930 3216 982 3264 p.
1034 3198 1156 3248 458.
1201 3213 1322 3263 sqq.
1374 3192 1442 3246 de
1496 3191 1686 3246 codem
1736 3192 1991 3244 instituto

291 3262 677 3388 disputantur3
726 3273 908 3318 tamen
957 3267 1091 3336 ipsis
1133 3266 1522 3337 Spartanorum
1562 3263 1829 3317 institutis
1867 3270 1993 3316 sunt

290 3344 458 3390 muto
517 3337 676 3389 etiam
730 3337 1017 3397 similima
1070 3346 1129 3390 ιιι
1170 3337 1317 3390 nulla
1354 3355 1518 3390 rausa
1559 3342 1845 3404 appareat,
1898 3353 1994 3386 our
