<?xml version="1.0" encoding="UTF-8"?>
<!DOCTYPE html PUBLIC "-//W3C//DTD XHTML 1.0 Transitional//EN"
    "http://www.w3.org/TR/xhtml1/DTD/xhtml1-transitional.dtd">
<html xmlns="http://www.w3.org/1999/xhtml" xml:lang="en" lang="en">
 <head>
  <title>
</title>
<meta http-equiv="Content-Type" content="text/html;charset=utf-8" />
  <meta name='ocr-system' content='tesseract 3.04.00' />
  <meta name='ocr-capabilities' content='ocr_page ocr_carea ocr_par ocr_line ocrx_word'/>
</head>
<body>
  <div class='ocr_page' id='page_1' title='image "./operaomniarecens03platuoft/operaomniarecens03platuoft_0938.png"; bbox 0 0 2124 3744; ppageno 0'>
   <div class='ocr_carea' id='block_1_1' title="bbox 158 1038 261 1090">
    <p class='ocr_par' dir='ltr' id='par_1_1' title="bbox 158 1038 261 1090">
     <span class='ocr_line' id='line_1_1' title="bbox 158 1038 261 1090; baseline 0 -1"><span class='ocrx_word' id='word_1_1' title='bbox 158 1038 261 1090; x_wconf 80' lang='lat'><strong>580</strong></span> 
     </span>
    </p>
   </div>
   <div class='ocr_carea' id='block_1_2' title="bbox 297 200 2003 1010">
    <p class='ocr_par' dir='ltr' id='par_1_2' title="bbox 297 200 2003 1010">
     <span class='ocr_line' id='line_1_2' title="bbox 304 200 1427 256; baseline 0.004 -5"><span class='ocrx_word' id='word_1_2' title='bbox 304 205 406 255; x_wconf 61' lang='lat'><strong>316</strong></span> <span class='ocrx_word' id='word_1_3' title='bbox 911 200 1427 256; x_wconf 67' lang='lat' dir='ltr'>PLATONIS&#39;</span> 
     </span>
     <span class='ocr_line' id='line_1_3' title="bbox 303 332 2001 419; baseline 0 -16"><span class='ocrx_word' id='word_1_4' title='bbox 303 360 406 411; x_wconf 85' lang='grc' dir='ltr'><strong><em>κεῖ,</em></strong></span> <span class='ocrx_word' id='word_1_5' title='bbox 454 346 483 401; x_wconf 84' lang='grc' dir='ltr'><em>ὁ</em></span> <span class='ocrx_word' id='word_1_6' title='bbox 533 350 606 415; x_wconf 78' lang='grc' dir='ltr'><strong>τῷ</strong></span> <span class='ocrx_word' id='word_1_7' title='bbox 660 345 782 402; x_wconf 75' lang='grc' dir='ltr'><strong><em>ὄντι</em></strong></span> <span class='ocrx_word' id='word_1_8' title='bbox 825 347 1103 418; x_wconf 78' lang='grc' dir='ltr'><strong><em>τύραννος</em></strong></span> <span class='ocrx_word' id='word_1_9' title='bbox 1165 352 1237 417; x_wconf 81' lang='grc' dir='ltr'>τῴ</span> <span class='ocrx_word' id='word_1_10' title='bbox 1298 346 1422 403; x_wconf 83' lang='grc' dir='ltr'><strong><em>ὅντι</em></strong></span> <span class='ocrx_word' id='word_1_11' title='bbox 1466 332 1670 411; x_wconf 41' lang='grc' dir='ltr'><strong><em>δοῦλος,</em></strong></span> <span class='ocrx_word' id='word_1_12' title='bbox 1710 347 1810 412; x_wconf 84' lang='grc' dir='ltr'><strong><em>τας</em></strong></span> <span class='ocrx_word' id='word_1_13' title='bbox 1854 354 2001 419; x_wconf 82' lang='grc' dir='ltr'><strong><em>μεγί-</em></strong></span> 
     </span>
     <span class='ocr_line' id='line_1_4' title="bbox 303 431 2001 503; baseline 0.001 -18"><span class='ocrx_word' id='word_1_14' title='bbox 303 452 437 494; x_wconf 81' lang='grc' dir='ltr'><strong><em>στας</em></strong></span> <span class='ocrx_word' id='word_1_15' title='bbox 483 435 738 495; x_wconf 69' lang='grc' dir='ltr'><strong><em>θωπείας</em></strong></span> <span class='ocrx_word' id='word_1_16' title='bbox 781 434 868 484; x_wconf 79' lang='grc' dir='ltr'><strong><em>καὶ</em></strong></span> <span class='ocrx_word' id='word_1_17' title='bbox 918 435 1171 496; x_wconf 76' lang='grc' dir='ltr'><strong><em>δουλείας</em></strong></span> <span class='ocrx_word' id='word_1_18' title='bbox 1229 437 1321 486; x_wconf 83' lang='grc' dir='ltr'><strong><em>καὶ</em></strong></span> <span class='ocrx_word' id='word_1_19' title='bbox 1368 431 1539 498; x_wconf 75' lang='grc' dir='ltr'><strong><em>κόλαξ</em></strong></span> <span class='ocrx_word' id='word_1_20' title='bbox 1595 436 1703 486; x_wconf 82' lang='grc' dir='ltr'><strong>τῶν</strong></span> <span class='ocrx_word' id='word_1_21' title='bbox 1759 455 2001 503; x_wconf 74' lang='grc' dir='ltr'><strong><em>πονηρο-</em></strong></span> 
     </span>
     <span class='ocr_line' id='line_1_5' title="bbox 302 507 2002 588; baseline 0.001 -18"><span class='ocrx_word' id='word_1_22' title='bbox 302 515 517 570; x_wconf 75' lang='grc' dir='ltr'><strong><em>τάτων·</em></strong></span> <span class='ocrx_word' id='word_1_23' title='bbox 564 521 653 568; x_wconf 81' lang='grc' dir='ltr'><strong><em>καὶ</em></strong></span> <span class='ocrx_word' id='word_1_24' title='bbox 701 513 803 578; x_wconf 77' lang='grc' dir='ltr'><strong>τὰς</strong></span> <span class='ocrx_word' id='word_1_25' title='bbox 848 522 1155 586; x_wconf 71' lang='grc' dir='ltr'><strong><em>ἐπιθυμίας</em></strong></span> <span class='ocrx_word' id='word_1_26' title='bbox 1200 515 1320 570; x_wconf 81' lang='grc' dir='ltr'><strong><em>οὐδ’</em></strong></span> <span class='ocrx_word' id='word_1_27' title='bbox 1389 507 1710 580; x_wconf 77' lang='grc' dir='ltr'><strong><em>ὁπωςτιοῦν</em></strong></span> <span class='ocrx_word' id='word_1_28' title='bbox 1750 518 2002 588; x_wconf 67' lang='grc' dir='ltr'><strong><em>ἀποπιμ-</em></strong></span> 
     </span>
     <span class='ocr_line' id='line_1_6' title="bbox 300 599 2002 679; baseline 0.001 -25"><span class='ocrx_word' id='word_1_29' title='bbox 300 600 459 663; x_wconf 76' lang='grc' dir='ltr'><em>πλάς,</em></span> <span class='ocrx_word' id='word_1_30' title='bbox 509 599 653 664; x_wconf 9' lang='grc' dir='ltr'><strong><em>οξξλλα</em></strong></span> <span class='ocrx_word' id='word_1_31' title='bbox 703 604 969 654; x_wconf 82' lang='grc' dir='ltr'><em>πλείστων</em></span> <span class='ocrx_word' id='word_1_32' title='bbox 1009 604 1384 664; x_wconf 73' lang='grc' dir='ltr'><strong>ἐπιδεέστατος</strong></span> <span class='ocrx_word' id='word_1_33' title='bbox 1430 605 1521 657; x_wconf 83' lang='grc' dir='ltr'><strong><em>καὶ</em></strong></span> <span class='ocrx_word' id='word_1_34' title='bbox 1546 607 1713 667; x_wconf 80' lang='grc' dir='ltr'><strong><em>πένης</em></strong></span> <span class='ocrx_word' id='word_1_35' title='bbox 1756 606 1820 679; x_wconf 76' lang='grc' dir='ltr'><strong>τῇ</strong></span> <span class='ocrx_word' id='word_1_36' title='bbox 1864 602 2002 667; x_wconf 76' lang='grc' dir='ltr'><em>άλη-</em></span> 
     </span>
     <span class='ocr_line' id='line_1_7' title="bbox 301 682 2003 759; baseline 0 -20"><span class='ocrx_word' id='word_1_37' title='bbox 301 689 440 754; x_wconf 70' lang='grc' dir='ltr'><strong>θείᾳ</strong></span> <span class='ocrx_word' id='word_1_38' title='bbox 484 688 775 758; x_wconf 76' lang='grc' dir='ltr'><strong><em>φαίνεται,</em></strong></span> <span class='ocrx_word' id='word_1_39' title='bbox 840 683 939 737; x_wconf 78' lang='grc' dir='ltr'><strong>ἐάν</strong></span> <span class='ocrx_word' id='word_1_40' title='bbox 986 707 1067 748; x_wconf 85' lang='grc' dir='ltr'><strong>τις</strong></span> <span class='ocrx_word' id='word_1_41' title='bbox 1112 682 1247 751; x_wconf 79' lang='grc' dir='ltr'><strong><em>ὅλην</em></strong></span> <span class='ocrx_word' id='word_1_42' title='bbox 1289 682 1480 759; x_wconf 77' lang='grc' dir='ltr'><strong><em>ψυχὴν</em></strong></span> <span class='ocrx_word' id='word_1_43' title='bbox 1521 690 1811 751; x_wconf 75' lang='grc' dir='ltr'><strong><em>’ἐπίστηται</em></strong></span> <span class='ocrx_word' id='word_1_44' title='bbox 1857 687 2003 740; x_wconf 72' lang='grc' dir='ltr'><strong><em>θεοὶ-</em></strong></span> 
     </span>
     <span class='ocr_line' id='line_1_8' title="bbox 297 767 1999 843; baseline 0.001 -20"><span class='ocrx_word' id='word_1_45' title='bbox 297 773 550 832; x_wconf 70' lang='grc' dir='ltr'><strong><em>σασθαι,</em></strong></span> <span class='ocrx_word' id='word_1_46' title='bbox 607 773 694 822; x_wconf 74' lang='grc' dir='ltr'><strong><em>καὶ</em></strong></span> <span class='ocrx_word' id='word_1_47' title='bbox 758 770 944 843; x_wconf 73' lang='grc' dir='ltr'><strong><em>φόβου</em></strong></span> <span class='ocrx_word' id='word_1_48' title='bbox 1000 777 1172 837; x_wconf 74' lang='grc' dir='ltr'><strong><em>γέμων</em></strong></span> <span class='ocrx_word' id='word_1_49' title='bbox 1246 767 1336 823; x_wconf 73' lang='grc' dir='ltr'><strong>διὰ</strong></span> <span class='ocrx_word' id='word_1_50' title='bbox 1398 773 1611 833; x_wconf 81' lang='grc' dir='ltr'><strong><em>παντὸς</em></strong></span> <span class='ocrx_word' id='word_1_51' title='bbox 1664 773 1785 824; x_wconf 59' lang='grc' dir='ltr'><strong><em>-ιτοῦ</em></strong></span> <span class='ocrx_word' id='word_1_52' title='bbox 1853 774 1999 839; x_wconf 74' lang='grc' dir='ltr'><strong><em>βίου,</em></strong></span> 
     </span>
     <span class='ocr_line' id='line_1_9' title="bbox 297 852 2003 928; baseline 0.001 -21"><span class='ocrx_word' id='word_1_53' title='bbox 297 855 645 928; x_wconf 69' lang='grc' dir='ltr'><strong><em>σᾳαδασμῶν</em></strong></span> <span class='ocrx_word' id='word_1_54' title='bbox 690 872 747 906; x_wconf 73' lang='grc' dir='ltr'><strong>τε</strong></span> <span class='ocrx_word' id='word_1_55' title='bbox 788 856 883 906; x_wconf 75' lang='grc' dir='ltr'><strong><em>’καὶ</em></strong></span> <span class='ocrx_word' id='word_1_56' title='bbox 927 852 1143 908; x_wconf 76' lang='grc' dir='ltr'><strong><em>ὀδυνῶν</em></strong></span> <span class='ocrx_word' id='word_1_57' title='bbox 1181 853 1422 924; x_wconf 54' lang='grc' dir='ltr'><strong>πλήρης,Χ</strong></span> <span class='ocrx_word' id='word_1_58' title='bbox 1454 855 1604 926; x_wconf 79' lang='grc' dir='ltr'><strong><em>εἴπερ</em></strong></span> <span class='ocrx_word' id='word_1_59' title='bbox 1650 856 1857 928; x_wconf 80' lang='grc' dir='ltr'><strong><em>τῇ·τῆς</em></strong></span> <span class='ocrx_word' id='word_1_60' title='bbox 1899 854 2003 909; x_wconf 76' lang='grc' dir='ltr'><strong>πό·</strong></span> 
     </span>
     <span class='ocr_line' id='line_1_10' title="bbox 299 929 2002 1010; baseline 0.001 -19"><span class='ocrx_word' id='word_1_61' title='bbox 299 943 431 1000; x_wconf 82' lang='grc' dir='ltr'><strong><em>λεως</em></strong></span> <span class='ocrx_word' id='word_1_62' title='bbox 476 940 727 992; x_wconf 70' lang='grc' dir='ltr'><strong><em>διαθέσει</em></strong></span> <span class='ocrx_word' id='word_1_63' title='bbox 771 929 836 1002; x_wconf 74' lang='grc' dir='ltr'><strong>ἧς</strong></span> <span class='ocrx_word' id='word_1_64' title='bbox 879 934 1035 1008; x_wconf 76' lang='grc' dir='ltr'><strong><em>ἄρχει</em></strong></span> <span class='ocrx_word' id='word_1_65' title='bbox 1077 944 1453 992; x_wconf 52' lang='grc' dir='ltr'><strong><em>ἔοικενωὲυικε</em></strong></span> <span class='ocrx_word' id='word_1_66' title='bbox 1498 942 1571 994; x_wconf 77' lang='grc' dir='ltr'><strong>δέ.</strong></span> <span class='ocrx_word' id='word_1_67' title='bbox 1615 929 1650 1003; x_wconf 80' lang='grc' dir='ltr'><strong><em>ἦ</em></strong></span> <span class='ocrx_word' id='word_1_68' title='bbox 1675 936 1816 1010; x_wconf 73' lang='grc' dir='ltr'><em>γάρς,</em></span> <span class='ocrx_word' id='word_1_69' title='bbox 1888 941 2002 994; x_wconf 72' lang='grc' dir='ltr'><strong><em>Καὶ</em></strong></span> 
     </span>
    </p>
   </div>
   <div class='ocr_carea' id='block_1_3' title="bbox 298 1022 647 1102">
    <p class='ocr_par' dir='ltr' id='par_1_3' title="bbox 298 1022 647 1102">
     <span class='ocr_line' id='line_1_11' title="bbox 298 1022 647 1102; baseline -0.003 -26"><span class='ocrx_word' id='word_1_70' title='bbox 298 1022 376 1102; x_wconf 69' lang='grc' dir='ltr'><strong>μα’</strong></span> <span class='ocrx_word' id='word_1_71' title='bbox 383 1026 451 1076; x_wconf 87' lang='grc' dir='ltr'><strong><em>λα</em></strong></span> <span class='ocrx_word' id='word_1_72' title='bbox 468 1063 480 1086; x_wconf 89' lang='grc'><strong>,</strong></span> <span class='ocrx_word' id='word_1_73' title='bbox 524 1025 647 1095; x_wconf 76' lang='grc' dir='ltr'><strong>ἔφη.</strong></span> 
     </span>
    </p>
   </div>
   <div class='ocr_carea' id='block_1_4' title="bbox 741 1021 2002 1092">
    <p class='ocr_par' dir='ltr' id='par_1_4' title="bbox 741 1021 2002 1092">
     <span class='ocr_line' id='line_1_12' title="bbox 741 1021 2002 1092; baseline 0.002 -17"><span class='ocrx_word' id='word_1_74' title='bbox 741 1021 960 1075; x_wconf 79' lang='grc' dir='ltr'><strong><em>Οὐκοῦν</em></strong></span> <span class='ocrx_word' id='word_1_75' title='bbox 1002 1025 1093 1076; x_wconf 81' lang='grc' dir='ltr'><strong><em>καὶ</em></strong></span> <span class='ocrx_word' id='word_1_76' title='bbox 1138 1021 1279 1092; x_wconf 79' lang='grc' dir='ltr'><strong><em>πρὸς</em></strong></span> <span class='ocrx_word' id='word_1_77' title='bbox 1322 1021 1540 1087; x_wconf 80' lang='grc' dir='ltr'><strong><em>τούτοις</em></strong></span> <span class='ocrx_word' id='word_1_78' title='bbox 1592 1027 1672 1077; x_wconf 71' lang='grc' dir='ltr'><strong>ἔτι</strong></span> <span class='ocrx_word' id='word_1_79' title='bbox 1714 1022 2002 1078; x_wconf 77' lang='grc' dir='ltr'><strong><em>ἀποδώσο-</em></strong></span> 
     </span>
    </p>
   </div>
   <div class='ocr_carea' id='block_1_5' title="bbox 299 1183 2002 1241">
    <p class='ocr_par' dir='ltr' id='par_1_5' title="bbox 299 1183 2002 1241">
     <span class='ocr_line' id='line_1_13' title="bbox 299 1183 2002 1241; baseline 0.001 -14"><span class='ocrx_word' id='word_1_80' title='bbox 299 1187 388 1235; x_wconf 81' lang='lat' dir='ltr'><strong>cia,</strong></span> <span class='ocrx_word' id='word_1_81' title='bbox 427 1183 506 1227; x_wconf 82' lang='lat' dir='ltr'><strong>sed</strong></span> <span class='ocrx_word' id='word_1_82' title='bbox 546 1186 695 1237; x_wconf 85' lang='lat' dir='ltr'><strong>inepte</strong></span> <span class='ocrx_word' id='word_1_83' title='bbox 739 1199 920 1239; x_wconf 78' lang='lat' dir='ltr'><strong>prorsus</strong></span> <span class='ocrx_word' id='word_1_84' title='bbox 959 1186 1156 1229; x_wconf 78' lang='lat' dir='ltr'><strong>defendit</strong></span> <span class='ocrx_word' id='word_1_85' title='bbox 1192 1186 1488 1229; x_wconf 82' lang='lat' dir='ltr'><strong>Schneiderus</strong></span> <span class='ocrx_word' id='word_1_86' title='bbox 1527 1200 1648 1228; x_wconf 81' lang='lat' dir='ltr'><strong>more</strong></span> <span class='ocrx_word' id='word_1_87' title='bbox 1687 1199 1767 1228; x_wconf 86' lang='lat' dir='ltr'><strong>suo</strong></span> <span class='ocrx_word' id='word_1_88' title='bbox 1811 1189 2002 1241; x_wconf 87' lang='lat' dir='ltr'><strong>argutias</strong></span> 
     </span>
    </p>
   </div>
   <div class='ocr_carea' id='block_1_6' title="bbox 297 1249 489 1285">
    <p class='ocr_par' dir='ltr' id='par_1_6' title="bbox 297 1249 489 1285">
     <span class='ocr_line' id='line_1_14' title="bbox 297 1249 489 1285; baseline -0.01 0"><span class='ocrx_word' id='word_1_89' title='bbox 297 1249 489 1285; x_wconf 88' lang='lat' dir='ltr'><strong>nectens.</strong></span> 
     </span>
    </p>
   </div>
   <div class='ocr_carea' id='block_1_7' title="bbox 558 1242 1999 1305">
    <p class='ocr_par' dir='ltr' id='par_1_7' title="bbox 558 1242 1999 1305">
     <span class='ocr_line' id='line_1_15' title="bbox 558 1242 1999 1305; baseline 0.003 -23"><span class='ocrx_word' id='word_1_90' title='bbox 558 1242 702 1285; x_wconf 80' lang='lat' dir='ltr'>Habet</span> <span class='ocrx_word' id='word_1_91' title='bbox 743 1243 867 1285; x_wconf 86' lang='grc' dir='ltr'><strong><em>δοκεῖ</em></strong></span> <span class='ocrx_word' id='word_1_92' title='bbox 902 1247 997 1298; x_wconf 84' lang='lat' dir='ltr'><strong>ipso</strong></span> <span class='ocrx_word' id='word_1_93' title='bbox 1046 1245 1209 1286; x_wconf 83' lang='lat' dir='ltr'><strong>fatente</strong></span> <span class='ocrx_word' id='word_1_94' title='bbox 1251 1246 1357 1286; x_wconf 83' lang='lat' dir='ltr'><strong>iiber</strong></span> <span class='ocrx_word' id='word_1_95' title='bbox 1387 1246 1582 1286; x_wconf 88' lang='lat' dir='ltr'><strong>Lobcov.</strong></span> <span class='ocrx_word' id='word_1_96' title='bbox 1617 1245 1736 1286; x_wconf 80' lang='lat' dir='ltr'><strong>Vett.</strong></span> <span class='ocrx_word' id='word_1_97' title='bbox 1773 1245 1895 1305; x_wconf 86' lang='lat' dir='ltr'><strong>editt.</strong></span> <span class='ocrx_word' id='word_1_98' title='bbox 1930 1245 1999 1287; x_wconf 85' lang='lat' dir='ltr'><strong>ha-</strong></span> 
     </span>
    </p>
   </div>
   <div class='ocr_carea' id='block_1_8' title="bbox 297 1299 1247 1352">
    <p class='ocr_par' dir='ltr' id='par_1_8' title="bbox 297 1299 1247 1352">
     <span class='ocr_line' id='line_1_16' title="bbox 297 1299 1247 1352; baseline 0.001 -11"><span class='ocrx_word' id='word_1_99' title='bbox 297 1302 402 1343; x_wconf 88' lang='lat' dir='ltr'><strong>bent</strong></span> <span class='ocrx_word' id='word_1_100' title='bbox 433 1299 554 1352; x_wconf 80' lang='grc' dir='ltr'><strong><em>δοκῇ.</em></strong></span> <span class='ocrx_word' id='word_1_101' title='bbox 619 1302 663 1343; x_wconf 87' lang='lat' dir='ltr'><strong>ln</strong></span> <span class='ocrx_word' id='word_1_102' title='bbox 698 1301 815 1343; x_wconf 87' lang='lat' dir='ltr'><strong>Mon.</strong></span> <span class='ocrx_word' id='word_1_103' title='bbox 853 1300 931 1343; x_wconf 83' lang='grc' dir='ltr'><strong>κᾶν</strong></span> <span class='ocrx_word' id='word_1_104' title='bbox 964 1301 1247 1344; x_wconf 80' lang='lat' dir='ltr'><strong>desideratur.</strong></span> 
     </span>
    </p>
   </div>
   <div class='ocr_carea' id='block_1_9' title="bbox 294 1442 1113 2594">
    <p class='ocr_par' dir='ltr' id='par_1_9' title="bbox 294 1442 1113 2594">
     <span class='ocr_line' id='line_1_17' title="bbox 297 1442 1113 1487; baseline 0.004 -4"><span class='ocrx_word' id='word_1_105' title='bbox 297 1442 588 1484; x_wconf 62' lang='lat' dir='ltr'><strong>coniunctim.</strong></span> <span class='ocrx_word' id='word_1_106' title='bbox 672 1444 861 1487; x_wconf 81' lang='lat' dir='ltr'>Causam</span> <span class='ocrx_word' id='word_1_107' title='bbox 920 1445 980 1487; x_wconf 89' lang='lat' dir='ltr'><strong>rei</strong></span> <span class='ocrx_word' id='word_1_108' title='bbox 1033 1455 1113 1486; x_wconf 86' lang='lat' dir='ltr'><strong>co-.</strong></span> 
     </span>
     <span class='ocr_line' id='line_1_18' title="bbox 298 1501 1106 1553; baseline 0 -13"><span class='ocrx_word' id='word_1_109' title='bbox 298 1513 484 1553; x_wconf 85' lang='lat' dir='ltr'><strong>gnosces</strong></span> <span class='ocrx_word' id='word_1_110' title='bbox 517 1513 569 1541; x_wconf 80' lang='lat' dir='ltr'><strong>ex</strong></span> <span class='ocrx_word' id='word_1_111' title='bbox 604 1507 748 1541; x_wconf 88' lang='lat' dir='ltr'><strong>annot.</strong></span> <span class='ocrx_word' id='word_1_112' title='bbox 796 1502 850 1542; x_wconf 88' lang='lat' dir='ltr'><strong>ad</strong></span> <span class='ocrx_word' id='word_1_113' title='bbox 886 1501 1106 1543; x_wconf 85' lang='lat' dir='ltr'><strong>Phaedon.</strong></span> 
     </span>
     <span class='ocr_line' id='line_1_19' title="bbox 300 1557 1108 1612; baseline 0.002 -15"><span class='ocrx_word' id='word_1_114' title='bbox 300 1571 341 1611; x_wconf 88' lang='lat' dir='ltr'><strong>p.</strong></span> <span class='ocrx_word' id='word_1_115' title='bbox 377 1557 445 1601; x_wconf 85' lang='lat'><strong>71.</strong></span> <span class='ocrx_word' id='word_1_116' title='bbox 487 1557 534 1597; x_wconf 88' lang='lat' dir='ltr'><strong>B.</strong></span> <span class='ocrx_word' id='word_1_117' title='bbox 600 1558 767 1600; x_wconf 78' lang='lat' dir='ltr'><strong>Deinde</strong></span> <span class='ocrx_word' id='word_1_118' title='bbox 799 1561 925 1599; x_wconf 87' lang='lat' dir='ltr'><strong>Ast.</strong></span> <span class='ocrx_word' id='word_1_119' title='bbox 961 1561 1108 1612; x_wconf 79' lang='lat' dir='ltr'><strong>legen-</strong></span> 
     </span>
     <span class='ocr_line' id='line_1_20' title="bbox 299 1614 1106 1670; baseline 0 -15"><span class='ocrx_word' id='word_1_120' title='bbox 299 1616 399 1656; x_wconf 89' lang='lat' dir='ltr'><strong>dum</strong></span> <span class='ocrx_word' id='word_1_121' title='bbox 446 1615 617 1656; x_wconf 88' lang='lat' dir='ltr'><strong>censuit</strong></span> <span class='ocrx_word' id='word_1_122' title='bbox 657 1614 816 1656; x_wconf 74' lang='grc' dir='ltr'><strong><em>δοῦλος</em></strong></span> <span class='ocrx_word' id='word_1_123' title='bbox 869 1617 946 1670; x_wconf 70' lang='grc' dir='ltr'><strong>τῆς</strong></span> <span class='ocrx_word' id='word_1_124' title='bbox 992 1617 1106 1669; x_wconf 80' lang='grc' dir='ltr'><strong><em>μεγί-</em></strong></span> 
     </span>
     <span class='ocr_line' id='line_1_21' title="bbox 301 1672 1108 1727; baseline 0.001 -14"><span class='ocrx_word' id='word_1_125' title='bbox 301 1684 401 1727; x_wconf 75' lang='grc' dir='ltr'><strong><em>στης</em></strong></span> <span class='ocrx_word' id='word_1_126' title='bbox 432 1672 630 1713; x_wconf 73' lang='grc' dir='ltr'><strong><em>θωπείας</em></strong></span> <span class='ocrx_word' id='word_1_127' title='bbox 660 1688 696 1715; x_wconf 85' lang='grc' dir='ltr'><strong>κ.</strong></span> <span class='ocrx_word' id='word_1_128' title='bbox 734 1689 764 1715; x_wconf 88' lang='grc' dir='ltr'><strong>τ.</strong></span> <span class='ocrx_word' id='word_1_129' title='bbox 799 1676 863 1722; x_wconf 62' lang='lat' dir='ltr'><strong>L,</strong></span> <span class='ocrx_word' id='word_1_130' title='bbox 907 1688 976 1716; x_wconf 88' lang='lat' dir='ltr'><strong>me</strong></span> <span class='ocrx_word' id='word_1_131' title='bbox 1016 1674 1108 1726; x_wconf 87' lang='lat' dir='ltr'><strong>qui-</strong></span> 
     </span>
     <span class='ocr_line' id='line_1_22' title="bbox 299 1731 1106 1776; baseline 0 -4"><span class='ocrx_word' id='word_1_132' title='bbox 299 1731 398 1772; x_wconf 90' lang='lat' dir='ltr'><strong>dem</strong></span> <span class='ocrx_word' id='word_1_133' title='bbox 451 1743 533 1771; x_wconf 92' lang='lat' dir='ltr'><strong>non</strong></span> <span class='ocrx_word' id='word_1_134' title='bbox 596 1732 877 1775; x_wconf 80' lang='lat' dir='ltr'><strong>assentiente.</strong></span> <span class='ocrx_word' id='word_1_135' title='bbox 962 1733 1106 1776; x_wconf 79' lang='lat' dir='ltr'><strong>Quum</strong></span> 
     </span>
     <span class='ocr_line' id='line_1_23' title="bbox 299 1789 1109 1843; baseline -0.002 -13"><span class='ocrx_word' id='word_1_136' title='bbox 299 1790 412 1830; x_wconf 88' lang='lat' dir='ltr'><strong>enim</strong></span> <span class='ocrx_word' id='word_1_137' title='bbox 465 1789 625 1831; x_wconf 84' lang='lat' dir='ltr'><strong>Graeci</strong></span> <span class='ocrx_word' id='word_1_138' title='bbox 670 1790 952 1843; x_wconf 84' lang='lat' dir='ltr'><strong>frequentent</strong></span> <span class='ocrx_word' id='word_1_139' title='bbox 997 1792 1109 1831; x_wconf 81' lang='lat' dir='ltr'><strong>taies</strong></span> 
     </span>
     <span class='ocr_line' id='line_1_24' title="bbox 300 1845 1110 1902; baseline 0 -15"><span class='ocrx_word' id='word_1_140' title='bbox 300 1845 503 1899; x_wconf 77' lang='lat' dir='ltr'><strong>loquendi</strong></span> <span class='ocrx_word' id='word_1_141' title='bbox 548 1847 786 1902; x_wconf 75' lang='lat' dir='ltr'><strong>formulas,</strong></span> <span class='ocrx_word' id='word_1_142' title='bbox 826 1849 976 1901; x_wconf 87' lang='lat' dir='ltr'><strong>quales</strong></span> <span class='ocrx_word' id='word_1_143' title='bbox 1010 1851 1110 1888; x_wconf 88' lang='lat' dir='ltr'><strong>sunt</strong></span> 
     </span>
     <span class='ocr_line' id='line_1_25' title="bbox 300 1901 1110 1958; baseline 0 -14"><span class='ocrx_word' id='word_1_144' title='bbox 300 1901 524 1945; x_wconf 71' lang='grc' dir='ltr'><strong><em>δουλεύειν</em></strong></span> <span class='ocrx_word' id='word_1_145' title='bbox 598 1904 822 1955; x_wconf 71' lang='grc' dir='ltr'><strong><em>δουλείαν,</em></strong></span> <span class='ocrx_word' id='word_1_146' title='bbox 891 1904 1110 1958; x_wconf 77' lang='grc' dir='ltr'><strong><em>ἐχθαίρειν</em></strong></span> 
     </span>
     <span class='ocr_line' id='line_1_26' title="bbox 299 1961 1109 2016; baseline 0.001 -14"><span class='ocrx_word' id='word_1_147' title='bbox 299 1961 446 2014; x_wconf 77' lang='grc' dir='ltr'><strong><em>ἔχθος,</em></strong></span> <span class='ocrx_word' id='word_1_148' title='bbox 466 1967 595 2013; x_wconf 71' lang='grc' dir='ltr'><strong><em>μῖσος</em></strong></span> <span class='ocrx_word' id='word_1_149' title='bbox 618 1969 764 2014; x_wconf 81' lang='grc' dir='ltr'><strong><em>μισεῖν,</em></strong></span> <span class='ocrx_word' id='word_1_150' title='bbox 796 1966 927 2015; x_wconf 78' lang='lat' dir='ltr'><strong>aiias3</strong></span> <span class='ocrx_word' id='word_1_151' title='bbox 959 1963 1109 2016; x_wconf 85' lang='lat' dir='ltr'><strong>quidni</strong></span> 
     </span>
     <span class='ocr_line' id='line_1_27' title="bbox 300 2021 1106 2075; baseline -0.002 -13"><span class='ocrx_word' id='word_1_152' title='bbox 300 2022 430 2062; x_wconf 84' lang='lat' dir='ltr'><strong>etiam</strong></span> <span class='ocrx_word' id='word_1_153' title='bbox 472 2021 710 2072; x_wconf 68' lang='lat' dir='ltr'><strong>adiectiva,</strong></span> <span class='ocrx_word' id='word_1_154' title='bbox 762 2035 875 2075; x_wconf 78' lang='lat' dir='ltr'><strong>quae</strong></span> <span class='ocrx_word' id='word_1_155' title='bbox 926 2022 998 2062; x_wconf 90' lang='lat' dir='ltr'><strong>vel</strong></span> <span class='ocrx_word' id='word_1_156' title='bbox 1043 2021 1106 2061; x_wconf 85' lang='lat' dir='ltr'><strong>iu-</strong></span> 
     </span>
     <span class='ocr_line' id='line_1_28' title="bbox 298 2078 1105 2121; baseline 0.002 -3"><span class='ocrx_word' id='word_1_157' title='bbox 298 2078 522 2120; x_wconf 76' lang='lat' dir='ltr'><strong>transitiva</strong></span> <span class='ocrx_word' id='word_1_158' title='bbox 573 2081 638 2120; x_wconf 84' lang='lat' dir='ltr'><strong>vei</strong></span> <span class='ocrx_word' id='word_1_159' title='bbox 680 2081 819 2121; x_wconf 81' lang='lat' dir='ltr'><strong>activa</strong></span> <span class='ocrx_word' id='word_1_160' title='bbox 866 2081 932 2120; x_wconf 85' lang='lat' dir='ltr'><strong>vei</strong></span> <span class='ocrx_word' id='word_1_161' title='bbox 977 2079 1105 2120; x_wconf 89' lang='lat' dir='ltr'><strong>etiam</strong></span> 
     </span>
     <span class='ocr_line' id='line_1_29' title="bbox 299 2136 1106 2189; baseline -0.001 -11"><span class='ocrx_word' id='word_1_162' title='bbox 299 2137 470 2189; x_wconf 86' lang='lat' dir='ltr'><strong>passiva</strong></span> <span class='ocrx_word' id='word_1_163' title='bbox 521 2136 832 2189; x_wconf 85' lang='lat' dir='ltr'><strong>significatione</strong></span> <span class='ocrx_word' id='word_1_164' title='bbox 891 2149 970 2178; x_wconf 88' lang='lat' dir='ltr'><strong>sua</strong></span> <span class='ocrx_word' id='word_1_165' title='bbox 1027 2137 1106 2177; x_wconf 86' lang='lat' dir='ltr'><strong>ali·</strong></span> 
     </span>
     <span class='ocr_line' id='line_1_30' title="bbox 298 2196 1102 2248; baseline 0 -13"><span class='ocrx_word' id='word_1_166' title='bbox 298 2206 426 2246; x_wconf 86' lang='lat' dir='ltr'><strong>quam</strong></span> <span class='ocrx_word' id='word_1_167' title='bbox 470 2205 564 2235; x_wconf 91' lang='lat' dir='ltr'><strong>cum</strong></span> <span class='ocrx_word' id='word_1_168' title='bbox 607 2196 754 2236; x_wconf 83' lang='lat' dir='ltr'><strong>verbis</strong></span> <span class='ocrx_word' id='word_1_169' title='bbox 801 2196 1102 2248; x_wconf 76' lang='lat' dir='ltr'><strong>cognationem</strong></span> 
     </span>
     <span class='ocr_line' id='line_1_31' title="bbox 296 2251 1102 2304; baseline 0.001 -13"><span class='ocrx_word' id='word_1_170' title='bbox 296 2251 456 2293; x_wconf 80' lang='lat' dir='ltr'><strong>habere</strong></span> <span class='ocrx_word' id='word_1_171' title='bbox 490 2251 767 2304; x_wconf 81' lang='lat' dir='ltr'><strong>viderentur,</strong></span> <span class='ocrx_word' id='word_1_172' title='bbox 800 2265 897 2293; x_wconf 89' lang='lat' dir='ltr'><strong>cum</strong></span> <span class='ocrx_word' id='word_1_173' title='bbox 932 2252 1102 2293; x_wconf 88' lang='lat' dir='ltr'><strong>nomine</strong></span> 
     </span>
     <span class='ocr_line' id='line_1_32' title="bbox 296 2309 1104 2362; baseline -0.002 -11"><span class='ocrx_word' id='word_1_174' title='bbox 296 2309 492 2351; x_wconf 88' lang='lat' dir='ltr'><strong>eiusdem</strong></span> <span class='ocrx_word' id='word_1_175' title='bbox 537 2310 717 2362; x_wconf 86' lang='lat' dir='ltr'><strong>originis</strong></span> <span class='ocrx_word' id='word_1_176' title='bbox 759 2311 823 2352; x_wconf 84' lang='lat' dir='ltr'><strong>vei</strong></span> <span class='ocrx_word' id='word_1_177' title='bbox 865 2311 1104 2351; x_wconf 86' lang='lat' dir='ltr'><strong>consimiiis</strong></span> 
     </span>
     <span class='ocr_line' id='line_1_33' title="bbox 297 2366 1103 2422; baseline 0.001 -14"><span class='ocrx_word' id='word_1_178' title='bbox 297 2373 416 2409; x_wconf 88' lang='lat' dir='ltr'><strong>certe</strong></span> <span class='ocrx_word' id='word_1_179' title='bbox 480 2366 805 2421; x_wconf 83' lang='lat' dir='ltr'><strong>significationis</strong></span> <span class='ocrx_word' id='word_1_180' title='bbox 870 2368 1103 2422; x_wconf 80' lang='lat' dir='ltr'><strong>copulave-</strong></span> 
     </span>
     <span class='ocr_line' id='line_1_34' title="bbox 296 2423 1103 2467; baseline -0.001 -1"><span class='ocrx_word' id='word_1_181' title='bbox 296 2423 417 2466; x_wconf 71' lang='lat' dir='ltr'><strong>rint?</strong></span> <span class='ocrx_word' id='word_1_182' title='bbox 488 2427 549 2465; x_wconf 88' lang='lat' dir='ltr'><strong>Ac</strong></span> <span class='ocrx_word' id='word_1_183' title='bbox 593 2425 722 2467; x_wconf 89' lang='lat' dir='ltr'><strong>video</strong></span> <span class='ocrx_word' id='word_1_184' title='bbox 769 2426 823 2467; x_wconf 90' lang='lat' dir='ltr'><strong>de</strong></span> <span class='ocrx_word' id='word_1_185' title='bbox 871 2426 954 2467; x_wconf 89' lang='lat' dir='ltr'><strong>hoc</strong></span> <span class='ocrx_word' id='word_1_186' title='bbox 1005 2426 1103 2466; x_wconf 86' lang='lat' dir='ltr'><strong>ioco</strong></span> 
     </span>
     <span class='ocr_line' id='line_1_35' title="bbox 294 2482 1103 2536; baseline 0 -13"><span class='ocrx_word' id='word_1_187' title='bbox 294 2482 410 2524; x_wconf 85' lang='lat' dir='ltr'><strong>idem</strong></span> <span class='ocrx_word' id='word_1_188' title='bbox 456 2482 676 2524; x_wconf 86' lang='lat' dir='ltr'><strong>iudicasse</strong></span> <span class='ocrx_word' id='word_1_189' title='bbox 717 2482 904 2525; x_wconf 81' lang='lat' dir='ltr'><strong>Matth.</strong></span> <span class='ocrx_word' id='word_1_190' title='bbox 952 2485 1030 2524; x_wconf 80' lang='lat' dir='ltr'><strong>Gr.</strong></span> <span class='ocrx_word' id='word_1_191' title='bbox 1066 2482 1103 2536; x_wconf 67' lang='grc' dir='ltr'><strong>ξ.</strong></span> 
     </span>
     <span class='ocr_line' id='line_1_36' title="bbox 297 2534 1102 2594; baseline -0.004 -10"><span class='ocrx_word' id='word_1_192' title='bbox 297 2534 424 2588; x_wconf 81' lang='lat'><strong>408.,</strong></span> <span class='ocrx_word' id='word_1_193' title='bbox 455 2541 527 2593; x_wconf 91' lang='lat' dir='ltr'><strong>qui</strong></span> <span class='ocrx_word' id='word_1_194' title='bbox 563 2541 671 2582; x_wconf 90' lang='lat' dir='ltr'><strong>bene</strong></span> <span class='ocrx_word' id='word_1_195' title='bbox 707 2543 978 2594; x_wconf 84' lang='lat' dir='ltr'><strong>comparavit</strong></span> <span class='ocrx_word' id='word_1_196' title='bbox 1009 2540 1102 2594; x_wconf 72' lang='lat' dir='ltr'><strong>libr.</strong></span> 
     </span>
    </p>
   </div>
   <div class='ocr_carea' id='block_1_10' title="bbox 221 2596 1107 2651">
    <p class='ocr_par' dir='ltr' id='par_1_10' title="bbox 221 2596 1107 2651">
     <span class='ocr_line' id='line_1_37' title="bbox 221 2596 1107 2651; baseline -0.001 -12"><span class='ocrx_word' id='word_1_197' title='bbox 221 2626 230 2630; x_wconf 73' lang='lat'><em>·</em></span> <span class='ocrx_word' id='word_1_198' title='bbox 300 2599 374 2639; x_wconf 88' lang='lat' dir='ltr'><strong>VI.</strong></span> <span class='ocrx_word' id='word_1_199' title='bbox 420 2612 460 2651; x_wconf 89' lang='lat' dir='ltr'><strong>p.</strong></span> <span class='ocrx_word' id='word_1_200' title='bbox 502 2597 602 2642; x_wconf 83' lang='lat'><strong>490.</strong></span> <span class='ocrx_word' id='word_1_201' title='bbox 645 2600 701 2639; x_wconf 78' lang='lat' dir='ltr'><strong>D:</strong></span> <span class='ocrx_word' id='word_1_202' title='bbox 754 2596 919 2641; x_wconf 69' lang='grc' dir='ltr'><strong><em>κακοὺς</em></strong></span> <span class='ocrx_word' id='word_1_203' title='bbox 963 2601 1107 2640; x_wconf 84' lang='grc' dir='ltr'><strong><em>πᾶσαν</em></strong></span> 
     </span>
    </p>
   </div>
   <div class='ocr_carea' id='block_1_11' title="bbox 299 2654 1110 3515">
    <p class='ocr_par' dir='ltr' id='par_1_11' title="bbox 299 2654 1110 3515">
     <span class='ocr_line' id='line_1_38' title="bbox 299 2654 1103 2711; baseline 0 -15"><span class='ocrx_word' id='word_1_204' title='bbox 299 2657 463 2696; x_wconf 80' lang='grc' dir='ltr'><strong><em>κακίαν.</em></strong></span> <span class='ocrx_word' id='word_1_205' title='bbox 495 2658 684 2710; x_wconf 84' lang='lat' dir='ltr'><strong>Apolog.</strong></span> <span class='ocrx_word' id='word_1_206' title='bbox 719 2654 842 2698; x_wconf 88' lang='lat' dir='ltr'><strong>Socr.</strong></span> <span class='ocrx_word' id='word_1_207' title='bbox 880 2671 920 2711; x_wconf 88' lang='lat' dir='ltr'><strong>p.</strong></span> <span class='ocrx_word' id='word_1_208' title='bbox 951 2657 1103 2700; x_wconf 80' lang='lat' dir='ltr'><strong>22.E=</strong></span> 
     </span>
     <span class='ocr_line' id='line_1_39' title="bbox 301 2710 1106 2767; baseline 0 -12"><span class='ocrx_word' id='word_1_209' title='bbox 301 2711 446 2766; x_wconf 76' lang='grc' dir='ltr'><strong><em>σοφὸς</em></strong></span> <span class='ocrx_word' id='word_1_210' title='bbox 477 2710 554 2767; x_wconf 84' lang='grc' dir='ltr'><strong>τὴν</strong></span> <span class='ocrx_word' id='word_1_211' title='bbox 584 2712 761 2755; x_wconf 82' lang='grc' dir='ltr'><strong><em>ἐκείνων</em></strong></span> <span class='ocrx_word' id='word_1_212' title='bbox 794 2717 968 2766; x_wconf 88' lang='grc' dir='ltr'><strong><em>σοφίαν.</em></strong></span> <span class='ocrx_word' id='word_1_213' title='bbox 1032 2715 1106 2755; x_wconf 82' lang='lat' dir='ltr'><strong>Ad</strong></span> 
     </span>
     <span class='ocr_line' id='line_1_40' title="bbox 299 2772 1105 2826; baseline 0.001 -14"><span class='ocrx_word' id='word_1_214' title='bbox 299 2772 558 2814; x_wconf 74' lang='lat' dir='ltr'><strong>sententiam</strong></span> <span class='ocrx_word' id='word_1_215' title='bbox 583 2777 687 2826; x_wconf 89' lang='lat' dir='ltr'><strong>apte</strong></span> <span class='ocrx_word' id='word_1_216' title='bbox 709 2773 1105 2815; x_wconf 83' lang='lat' dir='ltr'><strong>contuiitAstius</strong></span> 
     </span>
     <span class='ocr_line' id='line_1_41' title="bbox 299 2829 1053 2885; baseline 0.009 -15"><span class='ocrx_word' id='word_1_217' title='bbox 299 2831 490 2871; x_wconf 85' lang='lat' dir='ltr'><strong>Senec.</strong></span> <span class='ocrx_word' id='word_1_218' title='bbox 524 2829 579 2871; x_wconf 91' lang='lat' dir='ltr'><strong>de</strong></span> <span class='ocrx_word' id='word_1_219' title='bbox 614 2829 753 2872; x_wconf 73' lang='lat' dir='ltr'><strong>ciem.</strong></span> <span class='ocrx_word' id='word_1_220' title='bbox 786 2831 856 2875; x_wconf 88' lang='lat'><strong>13.</strong></span> <span class='ocrx_word' id='word_1_221' title='bbox 889 2831 925 2885; x_wconf 83' lang='lat'><strong>§.</strong></span> <span class='ocrx_word' id='word_1_222' title='bbox 958 2832 1007 2875; x_wconf 65' lang='lat'><strong>2.</strong></span> <span class='ocrx_word' id='word_1_223' title='bbox 1030 2829 1053 2877; x_wconf 63' lang='lat'><strong>¹?</strong></span> 
     </span>
     <span class='ocr_line' id='line_1_42' title="bbox 359 2884 1104 2938; baseline 0.001 -10"><span class='ocrx_word' id='word_1_224' title='bbox 359 2887 410 2928; x_wconf 80' lang='lat' dir='ltr'><strong>E.</strong></span> <span class='ocrx_word' id='word_1_225' title='bbox 465 2885 798 2938; x_wconf 80' lang='grc' dir='ltr'><strong><em>σφαδασμιῦν</em></strong></span> <span class='ocrx_word' id='word_1_226' title='bbox 833 2903 884 2929; x_wconf 89' lang='grc' dir='ltr'><strong>τε</strong></span> <span class='ocrx_word' id='word_1_227' title='bbox 914 2889 996 2930; x_wconf 87' lang='grc' dir='ltr'><strong><em>καὶ</em></strong></span> <span class='ocrx_word' id='word_1_228' title='bbox 1032 2884 1104 2930; x_wconf 81' lang='grc' dir='ltr'><strong>ὀδ.</strong></span> 
     </span>
     <span class='ocr_line' id='line_1_43' title="bbox 304 2943 1106 2997; baseline 0.002 -13"><span class='ocrx_word' id='word_1_229' title='bbox 304 2944 398 2997; x_wconf 55' lang='lat' dir='ltr'><strong>uk]</strong></span> <span class='ocrx_word' id='word_1_230' title='bbox 432 2943 713 2988; x_wconf 83' lang='lat' dir='ltr'><strong>Ruhnken.</strong></span> <span class='ocrx_word' id='word_1_231' title='bbox 735 2945 788 2987; x_wconf 91' lang='lat' dir='ltr'><strong>ad</strong></span> <span class='ocrx_word' id='word_1_232' title='bbox 818 2947 931 2989; x_wconf 84' lang='lat' dir='ltr'><strong>Tim.</strong></span> <span class='ocrx_word' id='word_1_233' title='bbox 954 2946 1106 2988; x_wconf 79' lang='lat' dir='ltr'><strong>Gloss.</strong></span> 
     </span>
     <span class='ocr_line' id='line_1_44' title="bbox 299 3001 1110 3057; baseline 0.002 -15"><span class='ocrx_word' id='word_1_234' title='bbox 299 3015 342 3054; x_wconf 89' lang='lat' dir='ltr'><strong>p.</strong></span> <span class='ocrx_word' id='word_1_235' title='bbox 375 3001 474 3045; x_wconf 82' lang='lat'><strong>243.</strong></span> <span class='ocrx_word' id='word_1_236' title='bbox 510 3001 769 3055; x_wconf 83' lang='grc' dir='ltr'><strong><em>σφαδασμόν</em></strong></span> <span class='ocrx_word' id='word_1_237' title='bbox 802 3010 846 3046; x_wconf 90' lang='lat' dir='ltr'><strong>et</strong></span> <span class='ocrx_word' id='word_1_238' title='bbox 878 3003 1110 3057; x_wconf 77' lang='grc' dir='ltr'><strong><em>σφαδάζειν</em></strong></span> 
     </span>
     <span class='ocr_line' id='line_1_45' title="bbox 299 3059 1108 3116; baseline 0.004 -17"><span class='ocrx_word' id='word_1_239' title='bbox 299 3059 474 3114; x_wconf 87' lang='lat' dir='ltr'><strong>proprie</strong></span> <span class='ocrx_word' id='word_1_240' title='bbox 505 3061 561 3103; x_wconf 88' lang='lat' dir='ltr'><strong>de</strong></span> <span class='ocrx_word' id='word_1_241' title='bbox 593 3075 646 3103; x_wconf 93' lang='lat' dir='ltr'><strong>eo</strong></span> <span class='ocrx_word' id='word_1_242' title='bbox 679 3061 763 3103; x_wconf 87' lang='lat' dir='ltr'><strong>dici</strong></span> <span class='ocrx_word' id='word_1_243' title='bbox 797 3062 971 3112; x_wconf 79' lang='lat' dir='ltr'><strong>docuit,</strong></span> <span class='ocrx_word' id='word_1_244' title='bbox 1015 3062 1108 3116; x_wconf 86' lang='lat' dir='ltr'><strong>qni</strong></span> 
     </span>
     <span class='ocr_line' id='line_1_46' title="bbox 301 3117 1103 3172; baseline 0.006 -16"><span class='ocrx_word' id='word_1_245' title='bbox 301 3119 384 3158; x_wconf 87' lang='lat' dir='ltr'><strong>vei</strong></span> <span class='ocrx_word' id='word_1_246' title='bbox 416 3117 626 3160; x_wconf 86' lang='lat' dir='ltr'><strong>dolore</strong></span> <span class='ocrx_word' id='word_1_247' title='bbox 665 3121 748 3161; x_wconf 89' lang='lat' dir='ltr'><strong>vel</strong></span> <span class='ocrx_word' id='word_1_248' title='bbox 796 3120 876 3161; x_wconf 85' lang='lat' dir='ltr'><strong>ira</strong></span> <span class='ocrx_word' id='word_1_249' title='bbox 920 3119 1103 3172; x_wconf 82' lang='lat' dir='ltr'><strong>exagi-</strong></span> 
     </span>
     <span class='ocr_line' id='line_1_47' title="bbox 302 3177 1106 3220; baseline 0.002 -5"><span class='ocrx_word' id='word_1_250' title='bbox 302 3179 462 3215; x_wconf 78' lang='lat' dir='ltr'><strong>tatus</strong></span> <span class='ocrx_word' id='word_1_251' title='bbox 524 3177 653 3217; x_wconf 91' lang='lat' dir='ltr'><strong>loco</strong></span> <span class='ocrx_word' id='word_1_252' title='bbox 718 3182 874 3220; x_wconf 85' lang='lat' dir='ltr'><strong>stare</strong></span> <span class='ocrx_word' id='word_1_253' title='bbox 931 3178 1106 3218; x_wconf 89' lang='lat' dir='ltr'><strong>nescit</strong></span> 
     </span>
     <span class='ocr_line' id='line_1_48' title="bbox 300 3235 1104 3286; baseline 0.004 -13"><span class='ocrx_word' id='word_1_254' title='bbox 300 3244 361 3273; x_wconf 84' lang='lat' dir='ltr'><strong>ac</strong></span> <span class='ocrx_word' id='word_1_255' title='bbox 392 3244 448 3273; x_wconf 88' lang='lat' dir='ltr'><strong>se</strong></span> <span class='ocrx_word' id='word_1_256' title='bbox 480 3235 865 3278; x_wconf 83' lang='lat' dir='ltr'><strong>vehementius</strong></span> <span class='ocrx_word' id='word_1_257' title='bbox 897 3235 1104 3286; x_wconf 83' lang='lat' dir='ltr'><strong>iactat3</strong></span> 
     </span>
     <span class='ocr_line' id='line_1_49' title="bbox 299 3288 1102 3342; baseline 0.006 -13"><span class='ocrx_word' id='word_1_258' title='bbox 299 3300 428 3342; x_wconf 86' lang='lat' dir='ltr'><strong>quem</strong></span> <span class='ocrx_word' id='word_1_259' title='bbox 464 3288 648 3333; x_wconf 85' lang='lat' dir='ltr'><strong>hominis</strong></span> <span class='ocrx_word' id='word_1_260' title='bbox 694 3298 850 3335; x_wconf 80' lang='lat' dir='ltr'><strong>statum</strong></span> <span class='ocrx_word' id='word_1_261' title='bbox 893 3292 984 3335; x_wconf 82' lang='lat' dir='ltr'><strong>fere</strong></span> <span class='ocrx_word' id='word_1_262' title='bbox 1026 3292 1102 3334; x_wconf 87' lang='lat' dir='ltr'><strong>de-</strong></span> 
     </span>
     <span class='ocr_line' id='line_1_50' title="bbox 299 3347 1101 3401; baseline 0.006 -14"><span class='ocrx_word' id='word_1_263' title='bbox 299 3350 424 3387; x_wconf 83' lang='lat' dir='ltr'><strong>notat</strong></span> <span class='ocrx_word' id='word_1_264' title='bbox 455 3347 583 3389; x_wconf 75' lang='lat' dir='ltr'><strong>etiam</strong></span> <span class='ocrx_word' id='word_1_265' title='bbox 605 3354 816 3401; x_wconf 80' lang='lat' dir='ltr'><strong>nostrum,</strong></span> <span class='ocrx_word' id='word_1_266' title='bbox 854 3349 1101 3392; x_wconf 85' lang='lat' dir='ltr'><strong>Verzuk&#39;-</strong></span> 
     </span>
     <span class='ocr_line' id='line_1_51' title="bbox 301 3405 1103 3460; baseline 0.002 -14"><span class='ocrx_word' id='word_1_267' title='bbox 301 3405 540 3457; x_wconf 79' lang='lat' dir='ltr'><strong>kungen‚</strong></span> <span class='ocrx_word' id='word_1_268' title='bbox 589 3406 703 3459; x_wconf 86' lang='lat' dir='ltr'><strong>qnod</strong></span> <span class='ocrx_word' id='word_1_269' title='bbox 758 3407 919 3458; x_wconf 85' lang='lat' dir='ltr'><strong>pariter</strong></span> <span class='ocrx_word' id='word_1_270' title='bbox 972 3411 1103 3460; x_wconf 84' lang='lat' dir='ltr'><strong>atque</strong></span> 
     </span>
     <span class='ocr_line' id='line_1_52' title="bbox 302 3461 1102 3515; baseline 0.005 -14"><span class='ocrx_word' id='word_1_271' title='bbox 302 3462 478 3504; x_wconf 85' lang='lat' dir='ltr'><strong>verbum</strong></span> <span class='ocrx_word' id='word_1_272' title='bbox 507 3461 725 3505; x_wconf 79' lang='lat' dir='ltr'><strong>Graecum</strong></span> <span class='ocrx_word' id='word_1_273' title='bbox 750 3464 912 3507; x_wconf 82' lang='lat' dir='ltr'><strong>dicitur</strong></span> <span class='ocrx_word' id='word_1_274' title='bbox 945 3465 998 3507; x_wconf 92' lang='lat' dir='ltr'><strong>de</strong></span> <span class='ocrx_word' id='word_1_275' title='bbox 1032 3477 1102 3515; x_wconf 70' lang='lat' dir='ltr'><strong>eo,</strong></span> 
     </span>
    </p>
   </div>
   <div class='ocr_carea' id='block_1_12' title="bbox 1191 1442 2002 2304">
    <p class='ocr_par' dir='ltr' id='par_1_12' title="bbox 1191 1442 2002 2304">
     <span class='ocr_line' id='line_1_53' title="bbox 1195 1442 2002 1496; baseline 0.001 -14"><span class='ocrx_word' id='word_1_276' title='bbox 1195 1443 1268 1496; x_wconf 84' lang='lat' dir='ltr'><strong>qui</strong></span> <span class='ocrx_word' id='word_1_277' title='bbox 1301 1442 1583 1484; x_wconf 87' lang='lat' dir='ltr'><strong>moribundus</strong></span> <span class='ocrx_word' id='word_1_278' title='bbox 1623 1454 1671 1483; x_wconf 81' lang='lat' dir='ltr'><strong>ae</strong></span> <span class='ocrx_word' id='word_1_279' title='bbox 1706 1442 2002 1485; x_wconf 81' lang='lat' dir='ltr'><strong>vehementius</strong></span> 
     </span>
     <span class='ocr_line' id='line_1_54' title="bbox 1197 1500 2002 1553; baseline 0.001 -11"><span class='ocrx_word' id='word_1_280' title='bbox 1197 1506 1370 1553; x_wconf 84' lang='lat' dir='ltr'><strong>torquet</strong></span> <span class='ocrx_word' id='word_1_281' title='bbox 1401 1506 1534 1552; x_wconf 81' lang='lat' dir='ltr'><strong>atque</strong></span> <span class='ocrx_word' id='word_1_282' title='bbox 1553 1500 1746 1553; x_wconf 76' lang='lat' dir='ltr'><strong>palpitat.</strong></span> <span class='ocrx_word' id='word_1_283' title='bbox 1769 1501 1823 1541; x_wconf 83' lang='lat' dir='ltr'><strong>cf.</strong></span> <span class='ocrx_word' id='word_1_284' title='bbox 1850 1501 1909 1542; x_wconf 90' lang='lat' dir='ltr'><strong>Pi</strong></span> <span class='ocrx_word' id='word_1_285' title='bbox 1925 1514 2002 1542; x_wconf 85' lang='lat' dir='ltr'><strong>er·-</strong></span> 
     </span>
     <span class='ocr_line' id='line_1_55' title="bbox 1196 1557 1997 1610; baseline 0 -12"><span class='ocrx_word' id='word_1_286' title='bbox 1196 1571 1304 1599; x_wconf 92' lang='lat' dir='ltr'><strong>son.</strong></span> <span class='ocrx_word' id='word_1_287' title='bbox 1342 1557 1398 1598; x_wconf 87' lang='lat' dir='ltr'><strong>ad</strong></span> <span class='ocrx_word' id='word_1_288' title='bbox 1435 1558 1571 1598; x_wconf 90' lang='lat' dir='ltr'><strong>Moer.</strong></span> <span class='ocrx_word' id='word_1_289' title='bbox 1605 1571 1645 1610; x_wconf 91' lang='lat' dir='ltr'><strong>p.</strong></span> <span class='ocrx_word' id='word_1_290' title='bbox 1679 1557 1764 1602; x_wconf 83' lang='lat'><strong>356</strong></span> <span class='ocrx_word' id='word_1_291' title='bbox 1796 1571 1858 1610; x_wconf 84' lang='lat' dir='ltr'><strong>sq.</strong></span> <span class='ocrx_word' id='word_1_292' title='bbox 1906 1558 1997 1599; x_wconf 90' lang='lat' dir='ltr'><strong>Ce-</strong></span> 
     </span>
     <span class='ocr_line' id='line_1_56' title="bbox 1193 1616 1999 1669; baseline 0 -13"><span class='ocrx_word' id='word_1_293' title='bbox 1193 1622 1332 1658; x_wconf 88' lang='lat' dir='ltr'><strong>terum</strong></span> <span class='ocrx_word' id='word_1_294' title='bbox 1385 1617 1529 1657; x_wconf 77' lang='lat' dir='ltr'><strong>locum</strong></span> <span class='ocrx_word' id='word_1_295' title='bbox 1579 1616 1802 1666; x_wconf 77' lang='lat' dir='ltr'><strong>gravitatis</strong></span> <span class='ocrx_word' id='word_1_296' title='bbox 1842 1617 1999 1669; x_wconf 86' lang='lat' dir='ltr'><strong>pienis-</strong></span> 
     </span>
     <span class='ocr_line' id='line_1_57' title="bbox 1196 1674 2001 1727; baseline -0.001 -13"><span class='ocrx_word' id='word_1_297' title='bbox 1196 1677 1351 1715; x_wconf 90' lang='lat' dir='ltr'><strong>simum</strong></span> <span class='ocrx_word' id='word_1_298' title='bbox 1397 1674 1486 1727; x_wconf 89' lang='lat' dir='ltr'><strong>pari</strong></span> <span class='ocrx_word' id='word_1_299' title='bbox 1531 1674 1751 1726; x_wconf 83' lang='lat' dir='ltr'><strong>gravitate</strong></span> <span class='ocrx_word' id='word_1_300' title='bbox 1783 1674 2001 1727; x_wconf 77' lang='lat' dir='ltr'><strong>expressit</strong></span> 
     </span>
     <span class='ocr_line' id='line_1_58' title="bbox 1194 1731 2000 1782; baseline -0.002 -9"><span class='ocrx_word' id='word_1_301' title='bbox 1194 1731 1425 1773; x_wconf 80' lang='lat' dir='ltr'><strong>Tacitus</strong></span> <span class='ocrx_word' id='word_1_302' title='bbox 1476 1737 1580 1772; x_wconf 88' lang='lat' dir='ltr'><strong>Ann.</strong></span> <span class='ocrx_word' id='word_1_303' title='bbox 1630 1731 1708 1780; x_wconf 86' lang='lat' dir='ltr'><strong>vl,</strong></span> <span class='ocrx_word' id='word_1_304' title='bbox 1758 1732 2000 1782; x_wconf 84' lang='lat' dir='ltr'><strong>6.‚·cuin&#39;s</strong></span> 
     </span>
     <span class='ocr_line' id='line_1_59' title="bbox 1194 1788 1998 1839; baseline 0.002 -11"><span class='ocrx_word' id='word_1_305' title='bbox 1194 1790 1351 1839; x_wconf 82' lang='lat' dir='ltr'><strong>verba,</strong></span> <span class='ocrx_word' id='word_1_306' title='bbox 1424 1790 1554 1830; x_wconf 83' lang='lat' dir='ltr'><strong>etiam</strong></span> <span class='ocrx_word' id='word_1_307' title='bbox 1601 1802 1627 1829; x_wconf 83' lang='lat' dir='ltr'><strong>a</strong></span> <span class='ocrx_word' id='word_1_308' title='bbox 1679 1788 1998 1831; x_wconf 47' lang='lat' dir='ltr'><strong>Ruhnk&#39;enio</strong></span> 
     </span>
     <span class='ocr_line' id='line_1_60' title="bbox 1196 1846 1998 1900; baseline -0.001 -11"><span class='ocrx_word' id='word_1_309' title='bbox 1196 1851 1465 1900; x_wconf 75' lang='lat' dir='ltr'><strong>comparata,</strong></span> <span class='ocrx_word' id='word_1_310' title='bbox 1499 1846 1626 1898; x_wconf 71' lang='lat' dir='ltr'><strong>digna</strong></span> <span class='ocrx_word' id='word_1_311' title='bbox 1643 1851 1752 1887; x_wconf 79' lang='lat' dir='ltr'><strong>sunt&#39;</strong></span> <span class='ocrx_word' id='word_1_312' title='bbox 1775 1860 1888 1898; x_wconf 84' lang='lat' dir='ltr'><strong>quae</strong></span> <span class='ocrx_word' id='word_1_313' title='bbox 1919 1847 1998 1888; x_wconf 67' lang='lat' dir='ltr'><strong>ad·</strong></span> 
     </span>
     <span class='ocr_line' id='line_1_61' title="bbox 1193 1904 1998 1957; baseline 0.002 -11"><span class='ocrx_word' id='word_1_314' title='bbox 1193 1906 1454 1946; x_wconf 82' lang='lat' dir='ltr'><strong>scribantur:</strong></span> <span class='ocrx_word' id='word_1_315' title='bbox 1522 1904 1710 1956; x_wconf 87' lang='lat' dir='ltr'><strong>Neque</strong></span> <span class='ocrx_word' id='word_1_316' title='bbox 1770 1904 1998 1957; x_wconf 82' lang='lat' dir='ltr'><strong>frustra,</strong></span> 
     </span>
     <span class='ocr_line' id='line_1_62' title="bbox 1193 1962 1998 2016; baseline -0.001 -11"><span class='ocrx_word' id='word_1_317' title='bbox 1193 1963 1370 2016; x_wconf 83' lang='lat' dir='ltr'><strong>inquit,</strong></span> <span class='ocrx_word' id='word_1_318' title='bbox 1463 1962 1998 2015; x_wconf 85' lang='lat' dir='ltr'><strong>praestantissimus</strong></span> 
     </span>
     <span class='ocr_line' id='line_1_63' title="bbox 1194 2019 1996 2073; baseline 0 -13"><span class='ocrx_word' id='word_1_319' title='bbox 1194 2020 1516 2073; x_wconf 78' lang='lat' dir='ltr'><strong>sapientiae</strong></span> <span class='ocrx_word' id='word_1_320' title='bbox 1575 2019 1856 2060; x_wconf 68' lang='lat' dir='ltr'><strong>affirmare</strong></span> <span class='ocrx_word' id='word_1_321' title='bbox 1916 2034 1996 2061; x_wconf 90' lang='lat' dir='ltr'><strong>so-</strong></span> 
     </span>
     <span class='ocr_line' id='line_1_64' title="bbox 1194 2076 1998 2128; baseline -0.001 -8"><span class='ocrx_word' id='word_1_322' title='bbox 1194 2078 1334 2120; x_wconf 83' lang='lat' dir='ltr'><strong>litus</strong></span> <span class='ocrx_word' id='word_1_323' title='bbox 1377 2083 1489 2128; x_wconf 82' lang='lat' dir='ltr'><strong>est,</strong></span> <span class='ocrx_word' id='word_1_324' title='bbox 1533 2076 1578 2118; x_wconf 78' lang='lat' dir='ltr'><strong>si</strong></span> <span class='ocrx_word' id='word_1_325' title='bbox 1622 2076 1998 2119; x_wconf 82' lang='lat' dir='ltr'><strong>recludantur</strong></span> 
     </span>
     <span class='ocr_line' id='line_1_65' title="bbox 1193 2135 1995 2189; baseline -0.001 -12"><span class='ocrx_word' id='word_1_326' title='bbox 1193 2143 1548 2189; x_wconf 87' lang='lat' dir='ltr'><strong>tyrannorum</strong></span> <span class='ocrx_word' id='word_1_327' title='bbox 1590 2135 1825 2184; x_wconf 85' lang='lat' dir='ltr'><strong>mentes,</strong></span> <span class='ocrx_word' id='word_1_328' title='bbox 1876 2149 1995 2188; x_wconf 84' lang='lat' dir='ltr'><strong>pos-</strong></span> 
     </span>
     <span class='ocr_line' id='line_1_66' title="bbox 1191 2192 1997 2245; baseline 0.001 -11"><span class='ocrx_word' id='word_1_329' title='bbox 1191 2207 1250 2234; x_wconf 88' lang='lat' dir='ltr'><strong>se</strong></span> <span class='ocrx_word' id='word_1_330' title='bbox 1317 2192 1539 2245; x_wconf 83' lang='lat' dir='ltr'><strong>adspici</strong></span> <span class='ocrx_word' id='word_1_331' title='bbox 1614 2192 1865 2234; x_wconf 80' lang='lat' dir='ltr'><strong>la&#39;ni‘atus</strong></span> <span class='ocrx_word' id='word_1_332' title='bbox 1944 2200 1997 2235; x_wconf 89' lang='lat' dir='ltr'><strong>et</strong></span> 
     </span>
     <span class='ocr_line' id='line_1_67' title="bbox 1191 2250 1995 2304; baseline 0 -13"><span class='ocrx_word' id='word_1_333' title='bbox 1191 2252 1371 2292; x_wconf 89' lang='lat' dir='ltr'><strong>ictus:</strong></span> <span class='ocrx_word' id='word_1_334' title='bbox 1410 2250 1651 2303; x_wconf 81' lang='lat' dir='ltr'><strong>quando,</strong></span> <span class='ocrx_word' id='word_1_335' title='bbox 1692 2254 1750 2290; x_wconf 91' lang='lat' dir='ltr'><strong>ut</strong></span> <span class='ocrx_word' id='word_1_336' title='bbox 1790 2263 1995 2304; x_wconf 83' lang='lat' dir='ltr'><strong>corpo-</strong></span> 
     </span>
    </p>
   </div>
   <div class='ocr_carea' id='block_1_13' title="bbox 1156 2308 1995 2359">
    <p class='ocr_par' dir='ltr' id='par_1_13' title="bbox 1156 2308 1995 2359">
     <span class='ocr_line' id='line_1_68' title="bbox 1156 2308 1995 2359; baseline -0.001 -9"><span class='ocrx_word' id='word_1_337' title='bbox 1156 2323 1243 2358; x_wconf 50' lang='lat' dir='ltr'><strong>‚ra</strong></span> <span class='ocrx_word' id='word_1_338' title='bbox 1291 2309 1645 2359; x_wconf 80' lang='lat' dir='ltr'><strong>verberibus,</strong></span> <span class='ocrx_word' id='word_1_339' title='bbox 1691 2308 1765 2348; x_wconf 86' lang='lat' dir='ltr'><strong>ita</strong></span> <span class='ocrx_word' id='word_1_340' title='bbox 1807 2311 1995 2349; x_wconf 88' lang='lat' dir='ltr'><strong>saevi-</strong></span> 
     </span>
    </p>
   </div>
   <div class='ocr_carea' id='block_1_14' title="bbox 1188 2364 1995 3513">
    <p class='ocr_par' dir='ltr' id='par_1_14' title="bbox 1189 2364 1995 2524">
     <span class='ocr_line' id='line_1_69' title="bbox 1189 2364 1995 2417; baseline -0.002 -9"><span class='ocrx_word' id='word_1_341' title='bbox 1189 2368 1300 2417; x_wconf 81' lang='lat' dir='ltr'><strong>tia,</strong></span> <span class='ocrx_word' id='word_1_342' title='bbox 1346 2365 1616 2417; x_wconf 88' lang='lat' dir='ltr'><strong>libidine,</strong></span> <span class='ocrx_word' id='word_1_343' title='bbox 1658 2364 1820 2407; x_wconf 75' lang='lat' dir='ltr'><strong>maiis</strong></span> <span class='ocrx_word' id='word_1_344' title='bbox 1871 2377 1995 2406; x_wconf 87' lang='lat' dir='ltr'><strong>con-</strong></span> 
     </span>
     <span class='ocr_line' id='line_1_70' title="bbox 1192 2422 1995 2471; baseline 0.001 -6"><span class='ocrx_word' id='word_1_345' title='bbox 1192 2424 1385 2471; x_wconf 86' lang='lat' dir='ltr'><strong>suitis,</strong></span> <span class='ocrx_word' id='word_1_346' title='bbox 1457 2424 1664 2465; x_wconf 77' lang='lat' dir='ltr'><strong>animus</strong></span> <span class='ocrx_word' id='word_1_347' title='bbox 1730 2422 1995 2466; x_wconf 84' lang='lat' dir='ltr'><strong>dilacere-</strong></span> 
     </span>
     <span class='ocr_line' id='line_1_71' title="bbox 1192 2490 1719 2524; baseline -0.009 0"><span class='ocrx_word' id='word_1_348' title='bbox 1192 2490 1292 2524; x_wconf 84' lang='lat' dir='ltr'><strong>tur.</strong></span> <span class='ocrx_word' id='word_1_349' title='bbox 1702 2491 1719 2497; x_wconf 83' lang='grc'><strong>’·</strong></span> 
     </span>
    </p>

    <p class='ocr_par' dir='ltr' id='par_1_15' title="bbox 1194 2533 1993 2648">
     <span class='ocr_line' id='line_1_72' title="bbox 1250 2533 1993 2592; baseline -0.004 -12"><span class='ocrx_word' id='word_1_350' title='bbox 1250 2539 1302 2580; x_wconf 89' lang='lat' dir='ltr'><strong>P.</strong></span> <span class='ocrx_word' id='word_1_351' title='bbox 1342 2538 1441 2582; x_wconf 86' lang='lat'><strong>580.</strong></span> <span class='ocrx_word' id='word_1_352' title='bbox 1513 2534 1540 2577; x_wconf 83' lang='grc' dir='ltr'><strong><em>ἃ</em></strong></span> <span class='ocrx_word' id='word_1_353' title='bbox 1588 2535 1650 2577; x_wconf 73' lang='grc' dir='ltr'><strong>τδ</strong></span> <span class='ocrx_word' id='word_1_354' title='bbox 1691 2533 1993 2592; x_wconf 79' lang='grc' dir='ltr'><strong><em>πρότερον]</em></strong></span> 
     </span>
     <span class='ocr_line' id='line_1_73' title="bbox 1194 2597 1568 2648; baseline -0.011 -10"><span class='ocrx_word' id='word_1_355' title='bbox 1194 2597 1240 2638; x_wconf 83' lang='grc' dir='ltr'><strong>Ρ.</strong></span> <span class='ocrx_word' id='word_1_356' title='bbox 1274 2597 1373 2641; x_wconf 84' lang='grc'><strong>576.</strong></span> <span class='ocrx_word' id='word_1_357' title='bbox 1411 2600 1443 2637; x_wconf 79' lang='grc' dir='ltr'>Α</span> <span class='ocrx_word' id='word_1_358' title='bbox 1474 2607 1568 2648; x_wconf 84' lang='lat' dir='ltr'><strong>sqq.</strong></span> 
     </span>
    </p>

    <p class='ocr_par' dir='ltr' id='par_1_16' title="bbox 1193 2651 1992 2763">
     <span class='ocr_line' id='line_1_74' title="bbox 1251 2651 1992 2711; baseline -0.003 -16"><span class='ocrx_word' id='word_1_359' title='bbox 1251 2653 1426 2707; x_wconf 76' lang='grc' dir='ltr'>πάσης</span> <span class='ocrx_word' id='word_1_360' title='bbox 1462 2654 1656 2711; x_wconf 65' lang='grc' dir='ltr'><strong><em>κακίας</em></strong></span> <span class='ocrx_word' id='word_1_361' title='bbox 1697 2651 1992 2707; x_wconf 82' lang='grc' dir='ltr'><strong><em>πανδοκεῖ]</em></strong></span> 
     </span>
     <span class='ocr_line' id='line_1_75' title="bbox 1193 2711 1979 2763; baseline -0.005 -9"><span class='ocrx_word' id='word_1_362' title='bbox 1193 2712 1679 2763; x_wconf 87' lang='lat' dir='ltr'><strong>omnis-nequitiae</strong></span> <span class='ocrx_word' id='word_1_363' title='bbox 1711 2711 1979 2763; x_wconf 54' lang='lat' dir='ltr'><strong>cauponi„</strong></span> 
     </span>
    </p>

    <p class='ocr_par' dir='ltr' id='par_1_17' title="bbox 1188 2765 1991 3513">
     <span class='ocr_line' id='line_1_76' title="bbox 1249 2765 1991 2822; baseline -0.005 -11"><span class='ocrx_word' id='word_1_364' title='bbox 1249 2768 1420 2821; x_wconf 77' lang='grc' dir='ltr'><strong><em>ὥςπερ</em></strong></span> <span class='ocrx_word' id='word_1_365' title='bbox 1455 2765 1479 2809; x_wconf 84' lang='grc' dir='ltr'>ὁ</span> <span class='ocrx_word' id='word_1_366' title='bbox 1514 2765 1596 2809; x_wconf 79' lang='grc' dir='ltr'><strong>διὰ</strong></span> <span class='ocrx_word' id='word_1_367' title='bbox 1639 2765 1860 2809; x_wconf 78' lang='grc' dir='ltr'><strong><em>πάντων</em></strong></span> <span class='ocrx_word' id='word_1_368' title='bbox 1888 2769 1991 2822; x_wconf 5' lang='grc' dir='ltr'><strong><em>κριδ-</em></strong></span> 
     </span>
     <span class='ocr_line' id='line_1_77' title="bbox 1193 2824 1990 2883; baseline -0.004 -14"><span class='ocrx_word' id='word_1_369' title='bbox 1193 2826 1285 2883; x_wconf 74' lang='grc' dir='ltr'><strong>τὴε</strong></span> <span class='ocrx_word' id='word_1_370' title='bbox 1306 2824 1410 2882; x_wconf 63' lang='lat' dir='ltr'><strong>dm]</strong></span> <span class='ocrx_word' id='word_1_371' title='bbox 1432 2828 1800 2880; x_wconf 75' lang='lat' dir='ltr'><strong>interpretantur:</strong></span> <span class='ocrx_word' id='word_1_372' title='bbox 1820 2832 1990 2878; x_wconf 78' lang='lat' dir='ltr'><strong>quem-</strong></span> 
     </span>
     <span class='ocr_line' id='line_1_78' title="bbox 1192 2882 1989 2936; baseline -0.006 -8"><span class='ocrx_word' id='word_1_373' title='bbox 1192 2887 1478 2936; x_wconf 84' lang='lat' dir='ltr'><strong>admodum</strong></span> <span class='ocrx_word' id='word_1_374' title='bbox 1518 2884 1710 2934; x_wconf 82' lang='lat' dir='ltr'><strong>iudex,</strong></span> <span class='ocrx_word' id='word_1_375' title='bbox 1753 2882 1840 2935; x_wconf 84' lang='lat' dir='ltr'><strong>q&#39;ui</strong></span> <span class='ocrx_word' id='word_1_376' title='bbox 1881 2885 1989 2924; x_wconf 86' lang='lat' dir='ltr'><strong>uni—</strong></span> 
     </span>
     <span class='ocr_line' id='line_1_79' title="bbox 1195 2939 1987 2986; baseline -0.005 -2"><span class='ocrx_word' id='word_1_377' title='bbox 1195 2947 1409 2986; x_wconf 81' lang='lat' dir='ltr'><strong>versam</strong></span> <span class='ocrx_word' id='word_1_378' title='bbox 1433 2948 1680 2984; x_wconf 86' lang='lat' dir='ltr'><strong>caussam</strong></span> <span class='ocrx_word' id='word_1_379' title='bbox 1710 2939 1987 2982; x_wconf 80' lang='lat' dir='ltr'><strong>diiudicat.</strong></span> 
     </span>
     <span class='ocr_line' id='line_1_80' title="bbox 1196 2997 1987 3052; baseline -0.006 -9"><span class='ocrx_word' id='word_1_380' title='bbox 1196 3002 1450 3045; x_wconf 82' lang='lat' dir='ltr'><strong>Ficinus:</strong></span> <span class='ocrx_word' id='word_1_381' title='bbox 1493 2997 1987 3052; x_wconf 85' lang='lat' dir='ltr'><strong>„quemadmodum</strong></span> 
     </span>
     <span class='ocr_line' id='line_1_81' title="bbox 1192 3055 1989 3109; baseline -0.005 -9"><span class='ocrx_word' id='word_1_382' title='bbox 1192 3060 1358 3107; x_wconf 85' lang='lat' dir='ltr'><strong>iudex</strong></span> <span class='ocrx_word' id='word_1_383' title='bbox 1412 3059 1600 3100; x_wconf 73' lang='lat' dir='ltr'><strong>&#39;omnia</strong></span> <span class='ocrx_word' id='word_1_384' title='bbox 1663 3055 1989 3109; x_wconf 81' lang='lat' dir='ltr'><strong>circumspi-</strong></span> 
     </span>
     <span class='ocr_line' id='line_1_82' title="bbox 1192 3113 1987 3166; baseline -0.005 -8"><span class='ocrx_word' id='word_1_385' title='bbox 1192 3118 1352 3160; x_wconf 87' lang='lat' dir='ltr'><strong>ciens</strong></span> <span class='ocrx_word' id='word_1_386' title='bbox 1424 3116 1488 3160; x_wconf 85' lang='lat' dir='ltr'><strong>de</strong></span> <span class='ocrx_word' id='word_1_387' title='bbox 1549 3113 1784 3166; x_wconf 84' lang='lat' dir='ltr'><strong>singuiis</strong></span> <span class='ocrx_word' id='word_1_388' title='bbox 1845 3114 1987 3154; x_wconf 86' lang='lat' dir='ltr'><strong>iudi-</strong></span> 
     </span>
     <span class='ocr_line' id='line_1_83' title="bbox 1190 3171 1989 3225; baseline -0.006 -9"><span class='ocrx_word' id='word_1_389' title='bbox 1190 3188 1214 3215; x_wconf 85' lang='lat' dir='ltr'><strong>c</strong></span> <span class='ocrx_word' id='word_1_390' title='bbox 1229 3188 1250 3216; x_wconf 85' lang='lat' dir='ltr'><strong>a</strong></span> <span class='ocrx_word' id='word_1_391' title='bbox 1266 3178 1334 3216; x_wconf 81' lang='lat' dir='ltr'><strong>t.“</strong></span> <span class='ocrx_word' id='word_1_392' title='bbox 1350 3173 1508 3216; x_wconf 89' lang='lat' dir='ltr'><strong>Nescio</strong></span> <span class='ocrx_word' id='word_1_393' title='bbox 1525 3183 1653 3225; x_wconf 84' lang='lat' dir='ltr'><strong>quam</strong></span> <span class='ocrx_word' id='word_1_394' title='bbox 1676 3175 1807 3211; x_wconf 84' lang='lat' dir='ltr'><strong>reete.</strong></span> <span class='ocrx_word' id='word_1_395' title='bbox 1831 3171 1869 3212; x_wconf 94' lang='grc' dir='ltr'><strong>Ο</strong></span> <span class='ocrx_word' id='word_1_396' title='bbox 1883 3185 1903 3211; x_wconf 91' lang='lat' dir='ltr'><strong>r</strong></span> <span class='ocrx_word' id='word_1_397' title='bbox 1916 3186 1939 3212; x_wconf 89' lang='lat' dir='ltr'><strong>e</strong></span> <span class='ocrx_word' id='word_1_398' title='bbox 1955 3174 1989 3211; x_wconf 85' lang='lat' dir='ltr'><strong>i-</strong></span> 
     </span>
     <span class='ocr_line' id='line_1_84' title="bbox 1189 3225 1987 3282; baseline -0.008 -8"><span class='ocrx_word' id='word_1_399' title='bbox 1189 3233 1294 3275; x_wconf 80' lang='lat' dir='ltr'><strong>lius</strong></span> <span class='ocrx_word' id='word_1_400' title='bbox 1338 3230 1520 3274; x_wconf 77' lang='lat' dir='ltr'><strong>coniecit</strong></span> <span class='ocrx_word' id='word_1_401' title='bbox 1564 3225 1588 3269; x_wconf 84' lang='grc' dir='ltr'>ὁ</span> <span class='ocrx_word' id='word_1_402' title='bbox 1630 3226 1869 3282; x_wconf 77' lang='grc' dir='ltr'><strong><em>διᾳσάντων</em></strong></span> <span class='ocrx_word' id='word_1_403' title='bbox 1902 3243 1987 3281; x_wconf 83' lang='grc' dir='ltr'><strong><em>κρι-</em></strong></span> 
     </span>
     <span class='ocr_line' id='line_1_85' title="bbox 1189 3285 1988 3343; baseline -0.005 -13"><span class='ocrx_word' id='word_1_404' title='bbox 1189 3285 1282 3343; x_wconf 75' lang='grc' dir='ltr'><strong>τής,</strong></span> <span class='ocrx_word' id='word_1_405' title='bbox 1324 3293 1372 3330; x_wconf 86' lang='lat' dir='ltr'><strong>ut</strong></span> <span class='ocrx_word' id='word_1_406' title='bbox 1409 3285 1570 3343; x_wconf 81' lang='grc' dir='ltr'><strong><em>διᾴδειν</em></strong></span> <span class='ocrx_word' id='word_1_407' title='bbox 1610 3292 1728 3328; x_wconf 86' lang='lat' dir='ltr'><strong>esset</strong></span> <span class='ocrx_word' id='word_1_408' title='bbox 1758 3291 1988 3328; x_wconf 82' lang='lat' dir='ltr'><strong>certare</strong></span> 
     </span>
     <span class='ocr_line' id='line_1_86' title="bbox 1188 3344 1988 3388; baseline -0.005 0"><span class='ocrx_word' id='word_1_409' title='bbox 1188 3345 1447 3388; x_wconf 85' lang='lat' dir='ltr'><strong>canendo.</strong></span> <span class='ocrx_word' id='word_1_410' title='bbox 1519 3344 1608 3386; x_wconf 91' lang='lat' dir='ltr'><strong>Sed</strong></span> <span class='ocrx_word' id='word_1_411' title='bbox 1659 3345 1716 3385; x_wconf 80' lang='lat' dir='ltr'><strong>ita</strong></span> <span class='ocrx_word' id='word_1_412' title='bbox 1764 3346 1846 3385; x_wconf 79' lang='grc' dir='ltr'><strong>τῶν</strong></span> <span class='ocrx_word' id='word_1_413' title='bbox 1887 3349 1988 3385; x_wconf 84' lang='lat' dir='ltr'><strong>ante</strong></span> 
     </span>
     <span class='ocr_line' id='line_1_87' title="bbox 1190 3401 1985 3459; baseline -0.003 -15"><span class='ocrx_word' id='word_1_414' title='bbox 1190 3401 1427 3459; x_wconf 75' lang='grc' dir='ltr'><strong><em>διᾳσάντων</em></strong></span> <span class='ocrx_word' id='word_1_415' title='bbox 1457 3404 1619 3456; x_wconf 82' lang='lat' dir='ltr'><strong>parum&#39;</strong></span> <span class='ocrx_word' id='word_1_416' title='bbox 1646 3401 1878 3443; x_wconf 81' lang='lat' dir='ltr'><strong>commode</strong></span> <span class='ocrx_word' id='word_1_417' title='bbox 1910 3402 1985 3442; x_wconf 84' lang='lat' dir='ltr'><strong>ab·</strong></span> 
     </span>
     <span class='ocr_line' id='line_1_88' title="bbox 1189 3459 1982 3513; baseline -0.003 -12"><span class='ocrx_word' id='word_1_418' title='bbox 1189 3468 1272 3508; x_wconf 68' lang='lat' dir='ltr'><strong>est,</strong></span> <span class='ocrx_word' id='word_1_419' title='bbox 1317 3460 1431 3513; x_wconf 83' lang='lat' dir='ltr'><strong>quod</strong></span> <span class='ocrx_word' id='word_1_420' title='bbox 1463 3461 1660 3502; x_wconf 75' lang='lat' dir='ltr'><strong>infercire</strong></span> <span class='ocrx_word' id='word_1_421' title='bbox 1700 3459 1817 3501; x_wconf 89' lang='lat' dir='ltr'><strong>iusto</strong></span> <span class='ocrx_word' id='word_1_422' title='bbox 1850 3459 1982 3501; x_wconf 83' lang='lat' dir='ltr'><strong>auda·</strong></span> 
     </span>
    </p>
   </div>
   <div class='ocr_carea' id='block_1_15' title="bbox 2121 3241 2124 3351">
    <p class='ocr_par' dir='ltr' id='par_1_18' title="bbox 2121 3231 2124 3351">
     <span class='ocr_line' id='line_1_89' title="bbox 2121 3241 2124 3351; baseline 0 -83"><span class='ocrx_word' id='word_1_423' title='bbox 2121 3241 2124 3351; x_wconf 49' lang='grc' dir='ltr'>ἰ</span> 
     </span>
    </p>
   </div>
   <div class='ocr_carea' id='block_1_16' title="bbox 2120 3354 2123 3402">
    <p class='ocr_par' dir='ltr' id='par_1_19' title="bbox 2120 3354 2123 3402">
     <span class='ocr_line' id='line_1_90' title="bbox 2120 3354 2123 3402; baseline 0 0"><span class='ocrx_word' id='word_1_424' title='bbox 2120 3354 2123 3402; x_wconf 70' lang='grc'><strong>1</strong></span> 
     </span>
    </p>
   </div>
   <div class='ocr_carea' id='block_1_17' title="bbox 2119 3404 2124 3498">
    <p class='ocr_par' dir='ltr' id='par_1_20' title="bbox 2119 3404 2124 3498">
     <span class='ocr_line' id='line_1_91' title="bbox 2119 3404 2124 3498; baseline 0 -75"><span class='ocrx_word' id='word_1_425' title='bbox 2119 3404 2124 3498; x_wconf 40' lang='lat' dir='ltr'><strong>f,</strong></span> 
     </span>
    </p>
   </div>
  </div>
 </body>
</html>
