2098 3658
316 122 417 174 150
924 114 1402 170 PLATONIS

309 264 528 340 εὐφυεῖς
581 265 673 318 καὶ
731 265 939 327 ἱκανοί,
1007 265 1094 316 ἐπὶ
1149 261 1336 317 πάντα
1406 261 1474 316 τὰ
1524 258 1795 332 λεγόμενα
1838 258 2017 332 ὥςπερ

214 347 263 399 Β
307 346 664 417 ἐπιπτόμενοι
729 349 1171 414 συλλογίσασθαι
1235 347 1289 413 ἐξ
1331 345 1550 410 αὐτῶν,
1614 343 1775 409 ποῖός
1820 366 1902 409 τις
1944 343 2018 399 ἂν

309 430 388 487 ὢν
431 435 524 485 καὶ
569 434 643 508 πῇ
690 432 992 503 πορευθεὶς
1047 427 1149 485 τὸν
1201 433 1328 500 βίον
1381 428 1455 494 ὡς
1507 427 1712 499 ἄριστα
1771 432 2018 494 διέλθοις

311 520 457 584 λέγοι
500 513 607 585 γὰρ
654 511 727 568 ἂν
770 522 826 569 ἐκ
873 517 982 569 τῶν
1029 514 1251 569 εἰκότων
1298 511 1438 584 πρὸς
1476 511 1652 568 αὑτὸν
1700 510 1844 566 κατὰ
1881 517 2019 567 Πίν-

311 603 488 671 δαρον
547 605 718 654 ἐκεῖνο
777 595 837 652 τὸ
889 595 1217 670 Πότερον
1265 601 1432 668 δίκᾳ
1487 607 1728 667 τεῖχος
1792 594 2019 670 ὕψιον

311 680 346 750 ἢ
391 686 723 747 σκολιαῖς
765 681 1088 748 ἀπάταις
1130 679 1420 752 ἀναβὰς
1463 685 1554 736 καὶ
1596 677 1838 752 ἐμαυτὸν
1875 677 2018 736 οὕτω

432 935 541 988 Cap.
575 935 693 977 VIII
736 936 786 976 P.
817 935 919 980 365.
959 933 1128 987 ωσπερ
1159 931 1564 994 ἐπιπτόμενοι]
1609 936 1706 975 Par.
1738 934 1796 973 A.
1828 945 1882 973 ex
1912 943 2024 972 cori.

314 992 613 1046 ἰφιπτάμενοι,
650 995 915 1035 Benedictus
947 994 1063 1035 coni.
1092 990 1401 1044 ἐπιπτάμυοι,
1444 1005 1532 1044 quo
1574 1005 1662 1032 non
1702 1003 1830 1043 opus.
1893 990 2024 1029 Pauci

314 1052 417 1150 {effi
450 1048 748 1106 ἐπισπόιιενοι.
808 1051 880 1093 De
909 1052 1063 1092 harum
1106 1049 1343 1092 formarum
1374 1063 1456 1089 usu
1490 1063 1532 1093 v.
1563 1052 1746 1090 Porson.
1779 1049 1837 1089 ad
1867 1047 2022 1100 Eurip.

368 1110 436 1152 ed.
468 1110 528 1149 in.

434 1166 484 1207 Β.
529 1166 616 1206 καὶ
657 1169 721 1218 πῇ
760 1163 1086 1220 πορευθεὶς]
1129 1167 1209 1203 ποῖ
1249 1163 1343 1204 Vat.
1386 1161 1440 1204 Θ.
1487 1163 1622 1206 vind.
1669 1164 1723 1202 Φ.
1770 1162 1872 1203 Par.
1916 1161 2023 1204 ΒΚ.

315 1223 790 1266 Mon.Ambr.F10r.
836 1226 948 1277 «μβ.
994 1223 1212 1275 probante
1244 1222 1375 1261 Astio
1407 1226 1540 1272 atque
1570 1220 1802 1261 Boeckhio
1834 1221 1891 1260 ad
1919 1219 2026 1260 Pin-

318 1282 411 1322 dari
441 1282 706 1333 Fragmenta
738 1295 781 1334 p.
813 1282 913 1326 671.
976 1281 1068 1320 Sed
1108 1292 1210 1319 vere
1240 1278 1408 1329 Reisig.
1451 1278 1622 1320 Comm.
1669 1279 1764 1318 crit.
1795 1278 1853 1318 ad
1867 1275 2024 1330 Soph.

318 1337 429 1379 Oed.
471 1340 568 1379 Col.
609 1353 651 1392 p.
693 1339 792 1383 176.
836 1344 892 1392 πῇ
933 1339 1267 1390 interpretatur:
1318 1349 1406 1389 qua
1446 1337 1532 1375 via.
1583 1336 1783 1376 Pertinet
1821 1337 1939 1376 enim
1969 1335 2026 1375 ad

315 1397 569 1449 πορευθείς.

433 1451 685 1508 Πότερον
713 1452 835 1504 δίκᾳ
876 1470 915 1493 τ.
956 1449 1154 1506 ὕψιον]
1219 1450 1361 1503 Vulgo
1402 1450 1634 1502 legebatur
1683 1450 1805 1498 δικας
1842 1455 1886 1490 et
1925 1465 2024 1491 σκο-

317 1511 426 1556 ὶιᾶς.
487 1511 578 1551 Sed
609 1512 727 1564 apud
758 1512 865 1563 Tyr.
897 1511 1018 1551 Max.
1048 1509 1221 1549 XVIII
1264 1508 1306 1551 1.
1348 1514 1392 1548 et
1421 1508 1585 1551 Euseb.
1625 1510 1778 1562 Praep.
1810 1507 1894 1551 Εν.
1925 1507 2026 1548 XV.

315 1568 358 1612 5.
392 1570 440 1610 in
470 1568 599 1609 codd.
635 1569 856 1611 nonnullis
887 1569 1094 1610 scribitur
1123 1568 1233 1619 δίκᾳ,
1265 1567 1385 1620 quod
1413 1566 1514 1606 libri
1541 1567 1737 1606 Platonis
1759 1566 1860 1606 Par.
1881 1564 2026 1608 ΑΒΚ.

321 1627 427 1669 Ven.
455 1626 516 1669 ΙΙ.
552 1627 697 1668 Ambr.
726 1627 853 1670 Mon.
899 1626 993 1666 Vat.
1034 1639 1090 1666 m.
1129 1624 1247 1664 Flor.
1278 1638 1319 1664 a.
1352 1637 1388 1666 e.
1421 1626 1464 1674 β.
1497 1639 1538 1677 y.
1584 1626 1733 1677 utique
1766 1624 2026 1664 confirmant

317 1685 526 1736 seriptum
578 1685 836 1725 exhibentes
888 1685 1016 1726 δίκαι.
1101 1681 1321 1722 Nimirum
1369 1687 1467 1722 orta
1514 1687 1582 1722 est
1629 1683 1736 1722 haec
1781 1681 1924 1722 forma
1972 1694 2026 1722 ex

314 1743 568 1796 antiquiore
597 1743 814 1784 scribendi
859 1742 1048 1791 ratione,
1090 1753 1177 1792 qua
1204 1741 1294 1781 iota
1325 1740 1644 1792 subscriptum,
1675 1739 1794 1792 quod
1825 1744 2024 1790 vocatur,

315 1813 407 1841 non
455 1802 841 1852 subscribebatur,
888 1801 966 1841 sed
1011 1799 1183 1839 minore
1239 1797 1378 1838 forma
1422 1797 1616 1838 effictum
1662 1798 1787 1836 iuxta
1833 1796 2027 1850 poneba-

317 1863 418 1909 tur,
463 1872 576 1911 quae
615 1858 836 1899 scribendi
867 1859 983 1899 ratio
1018 1857 1182 1908 passim
1218 1857 1349 1896 etiam
1386 1856 1432 1895 in
1479 1856 1631 1895 codice
1665 1855 1866 1895 Platonis
1903 1853 2026 1895 Clar-

315 1916 450 1957 kiano
484 1918 717 1969 reperitur,
749 1917 878 1957 sicuti
907 1914 1173 1968 perspicitur
1203 1926 1258 1954 ex
1288 1913 1619 1957 accuratissima
1648 1912 1778 1955 huius
1811 1913 1910 1953 libri
1938 1913 2027 1954 col-

318 1974 484 2015 latione
515 1976 570 2015 ab
604 1973 845 2016 Gaisfordo
877 1975 1093 2014 instituta.
1157 1971 1248 2012 Sed
1279 1983 1402 2012 error
1431 1971 1562 2015 etiam
1599 1971 1729 2011 latius
1761 1971 1907 2024 coepit
1937 1983 2028 2011 ser-

319 2045 443 2086 pere,
489 2033 849 2086 quandoquidem
888 2032 936 2072 in
965 2030 1064 2072 aliis
1094 2029 1219 2070 libris
1250 2030 1462 2082 seriptum
1491 2029 1654 2082 legitur
1683 2028 1847 2080 δίκαις,
1892 2032 1942 2068 ut
1980 2029 2028 2069 in

320 2204 343 2258 ἡ
379 2203 494 2261 ψυιχ]
529 2202 638 2258 δήλη
669 2204 810 2255 ἐστίν,
855 2223 876 2243 υ
912 2200 962 2243 οὗ
996 2200 1127 2242 ‹ldm-

320 2279 395 2307 ται
431 2264 574 2306 εἰπεῖν.
637 2262 818 2315 Eurip.
866 2261 1044 2314 Hippol.
1086 2274 1126 2304 v.

321 2320 421 2367 174
452 2323 500 2361 τί
528 2318 631 2363 ποτ’
670 2315 829 2359 {ouva
851 2322 1010 2369 μαθεῖν
1030 2320 1127 2372 ἔρα-

323 2395 398 2419 ται
429 2375 562 2429 ψυχή
597 2377 875 2430 Aristopli.
907 2375 1051 2419 Nubb
1089 2389 1128 2416 v.

321 2436 431 2483 319.
462 2433 669 2477 ἆκούσασ’
713 2452 735 2486 η
773 2447 908 2487 ψυχη.
945 2434 1129 2476 Horat.

322 2495 418 2537 Sat.
449 2494 486 2537 Ι.
518 2494 569 2546 2,
615 2493 690 2537 69;
731 2491 953 2533 diceret
994 2490 1129 2533 haec

322 2552 497 2595 animu
513 2565 549 2592 s.
576 2550 690 2592 Ibid.
725 2549 817 2591 Sat.
839 2548 875 2592 1.
889 2549 932 2600 4,
952 2548 1008 2593 17
1032 2562 1127 2602 sqq.

381 2607 469 2650 ἐπὶ
506 2608 685 2649 πάντα
725 2631 779 2640 -
829 2604 1127 2661 ἐπιπτόμε-

322 2667 438 2720 νοι]
481 2666 520 2709 h.
562 2669 589 2709 l.
633 2681 669 2708 e.
725 2665 867 2707 omnia
907 2677 1020 2717 quae
1061 2663 1128 2705 di-

324 2730 479 2766 cuutur
540 2724 694 2778 cupide
758 2723 1032 2780 arripientes.
1077 2744 1133 2752 -—

322 2781 551 2851 εὐφυεῖς
596 2783 761 2824 eximie
807 2780 1007 2822 dicuntur
1067 2781 1134 2820 in-

324 2841 579 2892 geniosi3
611 2855 651 2882 v
676 2840 929 2885 Valcken.
961 2838 1015 2879 ad
1042 2839 1132 2882 Xe-

323 2897 451 2950 noph.
487 2899 618 2940 Mem.
652 2897 814 2950 lll‚3‚
854 2895 925 2940 13
958 2910 998 2950 p.
1030 2895 1130 2941 323.

325 2954 395 2995 ed.
427 2955 556 2997 Schn.
587 2957 715 3000 Conf.
747 2956 843 3000 infr.
878 2955 969 3001 libr
1001 2955 1056 2997 V.
1089 2967 1132 3006 p·

322 3010 421 3055 455.
467 3014 543 3061 B..
594 3015 664 3056 ubi
707 3015 781 3067 qui
829 3013 917 3054 sint
964 3010 1137 3065 evovae

322 3071 485 3122 optime
519 3070 780 3115 deelaratur.

384 3127 437 3166 B.
483 3127 731 3184 Πότερον
773 3128 895 3180 δίκᾳ
927 3149 982 3159 --
1022 3125 1132 3166 δια-

326 3184 468 3237 βιῶς]
500 3186 694 3227 Utrum
728 3185 954 3231 iustitia
986 3197 1132 3225 moe-

329 3243 412 3283 nia
451 3245 652 3285 altiora
695 3244 1010 3293 esoendam,
1068 3253 1133 3285 an

327 3300 574 3353 obliquis
616 3301 790 3350 dolis,
843 3306 1010 3352 atque
1053 3311 1128 3340 me

328 3359 505 3416 ipsum
549 3359 649 3400 hoc
689 3359 844 3400 modo
890 3358 985 3411 (sc.
1027 3372 1125 3400 oxo—

1213 2205 1326 2250 λιαῖς
1350 2199 1536 2251 «incitam,-
1560 2198 1744 2257 ἆνιιβᾶς)
1768 2201 2028 2247 muniens

1214 2257 2028 2312 vitamtrauusigam3.Pr015'.paou

1215 2319 1346 2360 codd.
1376 2319 1563 2360 nonnulli
1601 2315 1790 2370 ὑψηλόν,
1828 2316 1943 2370 quod
1977 2316 2025 2359 iis

1215 2377 1426 2428 debetur,
1463 2378 1533 2430 qui
1576 2375 1680 2416 illud
1716 2388 1815 2418 esse
1844 2387 2028 2427 compa-

1215 2435 1397 2488 ratiyum
1442 2449 1464 2476 a
1499 2434 1670 2475 nomine
1710 2430 1826 2487 ὕψος
1865 2431 2028 2473 forma-

1215 2501 1304 2534 tum
1367 2505 1452 2533 non
1519 2490 1929 2532 animadverterunt.
1989 2502 2027 2532 v,

1218 2551 1416 2593 Buttm.
1449 2550 1528 2590 Gr.
1565 2549 1706 2601 Ampl.
1737 2547 1839 2592 Τ..Ι.
1860 2561 1894 2600 ρ
1926 2546 2024 2596 277.

1218 2609 1405 2651 Verbum
1440 2605 1685 2659 α’ναβιίνειν
1716 2617 1813 2647 cum
1845 2617 2027 2646 accusa-

1212 2668 1300 2710 tivo
1342 2667 1548 2707 iunctum.
1596 2662 1820 2708 Phaedon.
1848 2676 1891 2732 p.
1926 2662 2030 2712 113.»

1222 2726 1282 2768 D:
1314 2721 1554 2776 ἀναβάντες
1585 2718 1613 2760 δι’
1646 2720 1695 2772 δὴ
1732 2715 1886 2765 αὕτοῖς
1919 2717 2027 2771 (3χῆ-

1217 2780 1339 2837 ματᾶ
1370 2783 1496 2822 ἐστιν.
1519 2802 1578 2810 —-
1602 2775 1736 2819 'Ana'
1752 2793 1842 2818 ται
1876 2778 2029 2822 dicun-
2094 2803 2096 2807 ·

1219 2847 1289 2881 tur
1339 2838 1528 2885 σκολιαί,
1588 2837 1614 2878 i.
1667 2849 1704 2876 e.
1764 2835 2027 2879 dolosae.

1220 2897 1346 2939 Conf.
1387 2898 1524 2947 Gorg.
1559 2909 1599 2947 p.
1631 2893 1731 2937 524-
1775 2893 1840 2933 E:
1885 2889 2027 2932 πάντα

1220 2953 1415 2996 σκολιὰ
1477 2951 1578 2993 bna
1648 2947 1888 3003 ψεύδοις
1957 2948 2029 2988 καὶ

1216 3011 1481 3061 ἀλαζονεΙας.
1555 3008 1630 3049 Sic
1687 3007 1721 3047 ἶ
1726 3007 1829 3047 atini
1892 3007 2028 3049 obli-

1217 3082 1375 3122 quum
1424 3080 1500 3121 pro
1540 3065 1741 3106 doloso
1776 3065 1944 3116 dicunt,
1983 3070 2030 3104 ut

1219 3127 1367 3168 docuit
1415 3126 1572 3176 Casp.
1607 3121 1881 3164 Barthius
1939 3122 2030 3163 Ad-
2089 3117 2092 3198 Ξ

1219 3197 1331 3226 vers,
1363 3182 1388 3223 I
1434 3195 1470 3224 c.
1503 3182 1572 3225 19.

1276 3238 1339 3283 τὰ
1373 3243 1476 3292 μὲν
1514 3239 1612 3292 γὰρ
1648 3233 2027 3290 λεγο’μεια-]
2088 3277 2089 3296 Ξ

1219 3298 1518 3340 Anacoluthon
1572 3296 1637 3338 hic
1685 3292 2026 3347 agnoscendum.

1218 3355 1327 3402 Nam
1367 3354 1418 3397 τὰ
1457 3358 1532 3409 μὲν
1577 3352 1658 3408 γὰρ
1703 3349 1913 3406 λεγόμενα
1947 3364 2025 3405 uo-

2087 3352 2098 3452 ἑ

2089 3528 2095 3549 l
