2098 3658
191 1002 292 1051 410

331 172 433 222 31⁴5
947 171 1418 227 PLAToNIS

463 993 662 1097 C.·.Iq›
699 970 910 1057 Καὶ
966 997 995 1053 ὁ
1032 997 1385 1068 Ἀδείμαντος
1429 996 1757 1074 ὑπολαβῳν,
1809 1002 1875 1054 Τι’
1921 985 2022 1054 οὖν

331 1087 451 1156 ἔφη,
496 1073 536 1135 ὦ
563 1081 880 1153 Σώκρατες,
904 1081 1273 1151 άπολογήσει,
1290 1083 1391 1138 &obv
1435 1106 1514 1148 τις
1544 1104 1600 1138 σε
1628 1087 1704 1161 φῆ
1747 1082 1842 1154 μὴ
1870 1084 2021 1138 πάνυ

331 1187 384 1220 τι
427 1165 762 1238 εὐδαίμονας
806 1178 987 1222 ποιεῖν
1032 1167 1264 1232 τούτους
1292 1166 1424 1231 τοὺς
1450 1166 1677 1238 ἄνδρας,
1704 1172 1796 1221 καὶ
1839 1171 2020 1223 ταῦτα

329 1249 389 1305 δι’
440 1251 690 1317 ἑαυτούς,
731 1244 810 1306 ὧν
855 1256 968 1307 ἔστι
1013 1257 1114 1320 μὲν
1161 1251 1194 1318 ἡ
1243 1252 1402 1315 πόλις
1445 1255 1509 1328 τῇ
1553 1252 1820 1323 ἀληθείᾳ,
1865 1256 1919 1306 οἱ
1954 1255 2023 1306 δὲ

327 1338 500 1405 μηδὲν
544 1333 951 1391 ἀπολαύουσιν,
977 1335 1215 1402 ἀγαθὸν
1240 1339 1337 1402 τῆς
1368 1334 1591 1410 πόλεως,
1619 1334 1742 1392 οἷον
1767 1341 1818 1390 οἱ
1838 1332 2020 1399 ἄλλοι,

445 1498 553 1552 Cap.
586 1498 621 1543 Ι,

684 1500 735 1542 Ρ.
766 1499 870 1544 419.
924 1497 998 1553 μὴ
1043 1480 1265 1543 πάνυμτι
1306 1491 1536 1554 sudala]
1576 1502 1674 1546 Vat.
1714 1500 1761 1543 Θ.
1799 1516 1856 1550 ιιι,
1890 1483 2020 1543 vind,

333 1556 384 1597 Φ.
432 1558 529 1598 Par.
573 1557 681 1599 DK.
727 1559 1093 1613 Mon.F101-.ss.
1133 1568 1175 1601 et
1224 1574 1251 1601 a
1288 1574 1344 1603 m.
1397 1573 1482 1600 sec.
1518 1560 1634 1606 -Ven,
1683 1557 1900 1600 Π.’·πάνυ
1941 1574 2018 1600 τοι

327 1614 496 1656 Eadem
529 1617 737 1658 confusio
769 1623 839 1657 est
855 1618 978 1658 Libr.
996 1619 1052 1661 X.
1085 1633 1125 1671 p.
1153 1619 1255 1663 595.
1274 1619 1325 1659 O.
1355 1617 1508 1669 Lysid.
1531 1631 1572 1670 p.
1589 1618 1707 1663 204.
1740 1619 1796 1660 D.
1828 1619 2022 1659 Tlleaet.

327 1687 369 1726 ρ.
403 1674 503 1717 150.
536 1674 586 1715 C.
620 1677 678 1717 al.
710 1690 750 1716 v
784 1674 1007 1718 Schaefer.
1042 1679 1100 1726 ad
1131 1677 1268 1730 Greg.
1292 1677 1500 1746 Corinth.
1530 1690 1572 1731 p.
1603 1677 1714 1722 937.-
1741 1677 2024 1718 Bornemann

327 1733 384 1773 ad
416 1733 633 1786 Xenoph.
665 1735 827 1805 Cyrop.
864 1736 901 1779 Ι.
933 1734 974 1785 1,
1005 1736 1047 1779 ‘2-

446 1792 532 1831 καὶ
563 1792 724 1833 ταῦτα
755 1786 826 1834 δι’
870 1791 1130 1847 ἑαυτούς]
1170 1795 1327 1847 Steph.
1368 1794 1486 1834 coni.
1528 1793 1594 1832 καὶ
1627 1792 1758 1833 ταῦτα
1789 1788 1849 1845 δὴ
1873 1786 2024 1832 αυτοῖς

330 1840 392 1888 ὦν
422 1849 510 1889 ἐστι
538 1849 614 1900 μὲν
646 1865 682 1892 κ.
704 1866 738 1891 τ.
763 1851 794 1890 2..
826 1852 1213 1903 Morgensternius
1246 1847 1565 1893 Commentatt.
1597 1851 1651 1890 de
1682 1845 1801 1892 Plat.
1834 1849 2020 1902 Republ.

329 1918 370 1959 p·
409 1906 512 1952 215.
556 1915 712 1950 annot.
754 1909 852 1954 107.
895 1910 1131 1963 legendum
1170 1910 1425 1963 proposuit.
1465 1909 1533 1948 καὶ
1582 1904 1711 1948 ταῦξα
1750 1905 1803 1961 δὴ
1845 1903 2021 1951 αυτούς,

330 1966 650 2037 comprobante
680 1967 968 2009 Buttmanno.
1026 1969 1129 2009 Nou
1162 1981 1275 2020 opus
1305 1966 1566 2008 mutatione.
1598 1979 1640 2007 V.
1671 1972 1825 2007 annot.

447 2019 566 2065 οἷον
597 2025 654 2066 οἱ
680 2022 860 2079 ἄλλοι]
900 2027 1152 2068 Articulum
1191 2025 1251 2066 οἱ
1265 2027 1352 2073 soli
1385 2026 1492 2067 Ven.
1528 2025 1576 2068 Ξ.
1607 2030 1652 2066 et
1679 2023 1804 2067 Flor.
1839 2024 1884 2076 β.
1919 2039 2018 2068 cum

389 2164 498 2217 Cap.
522 2166 558 2210 1.
629 2165 692 2208 Τι’
717 2162 820 2208 οὖν
852 2191 905 2198 ——-
941 2163 1131 2208 ἀπολο·

332 2220 514 2277 γήσει]
591 2227 725 2278 quid
791 2226 1131 2267 defendendi

331 2294 496 2322 causa
525 2282 768 2325 afferes?
811 2298 853 2324 v.
886 2283 1057 2324 Criton.
1087 2297 1130 2336 p.

329 2337 400 2382 54.
441 2340 494 2379 Β.
536 2342 667 2395 Apol.
701 2356 744 2395 p.
775 2341 845 2385 34.
877 2341 930 2385 B.
961 2341 1130 2383 Phaed.

330 2409 372 2449 p.
410 2398 480 2442 69.
523 2398 578 2439 D.
621 2398 823 2453 Sympos.
864 2412 911 2453 p.
949 2399 1046 2443 174.
1080 2399 1130 2439 D.

331 2463 374 2497 et
401 2469 506 2496 mox
534 2469 578 2509 p
593 2457 695 2501 420.
730 2457 781 2499 Β.
813 2479 868 2489 -
900 2454 964 2511 μὴ
996 2455 1131 2498 πάνυ

333 2530 377 2555 τι
415 2515 636 2567 significat
682 2530 784 2561 non
816 2518 1132 2571 admodum,

332 2574 489 2615 nicht
519 2574 652 2615 eben
683 2575 826 2620 sehr.
859 2575 998 2615 Aliud
1027 2574 1133 2627 quid

331 2637 398 2673 est
418 2626 483 2684 μὴ
516 2644 660 2673 πανυ
692 2646 792 2680 τοι,
811 2633 930 2686 quod
960 2631 1134 2673 fortiter

330 2695 578 2743 asseverat,
609 2689 907 2742 wahrlich,
948 2692 1003 2731 in
1037 2692 1134 2732 der

332 2749 475 2789 'lhat
503 2750 664 2790 nicht
693 2749 831 2790 sehr.

387 2807 442 2848 P.
475 2805 575 2851 419.
610 2808 697 2847 καὶ
730 2807 891 2847 ταῦτα
922 2799 981 2845 δι’
1019 2804 1132 2846 siav-

335 2862 486 2914 τούς,
547 2856 616 2905 ὧν
677 2865 794 2905 ἔστι
839 2862 933 2914 μὲν
983 2858 1007 2918 ἡ
1059 2862 1132 2916 π.]

331 2921 466 2964 Recte
496 2925 695 2964 Astius
733 2920 879 2964 locum
919 2923 1132 2974 interpre-

332 2987 449 3021 tatur
487 2981 573 3022 sic:
622 2981 756 3022 Haud
805 2980 956 3021 felices
996 2979 1132 3020 efficis

335 3040 467 3090 viros,
485 3041 617 3093 idque
641 3053 721 3080 suu
746 3041 943 3092 ipsorum
976 3039 1131 3078 volun-

333 3101 434 3142 tate,
455 3102 502 3136 ut
532 3099 623 3149 qui,
645 3112 776 3151 quum
796 3109 953 3138 revera
972 3097 1132 3136 civitas

332 3155 377 3193 in
412 3156 607 3205 ipsorum
624 3161 842 3208 potestate
859 3156 928 3202 sit,
949 3154 1033 3194 hac
1053 3167 1133 3194 sua

332 3214 614 3264 possessione
647 3226 736 3254 non
755 3214 973 3253 fruantur.
1005 3211 1129 3252 Libr.

334 3269 390 3311 V.
412 3282 454 3322 p.
473 3269 572 3312 466.
607 3273 663 3315 A.
695 3271 901 3312 Socrates
935 3269 993 3310 ad
1021 3269 1132 3310 haec

333 3329 594 3397 respiciens.
632 3328 854 3381 Μέμνησαι
886 3322 980 3376 οὖν,
1012 3343 1065 3381 ην
1095 3320 1129 3366 δ

336 3382 440 3454 ἐγώ,
486 3383 549 3424 ὅτι
587 3384 632 3425 ἐι
677 3392 764 3426 τοῖς
809 3384 1007 3438 πρόσθεν
1053 3380 1132 3425 οὐκ

340 3437 434 3498 οιδα
468 3439 572 3484 o'mv
606 3440 734 3498 λόμις
767 3439 862 3495 ἠμΐι
891 3442 1132 3495 ἐπέπληξε-ι.

1221 2163 1286 2208 ὅιι
1325 2165 1429 2208 τοὺς
1469 2165 1667 2238 φύλακαῖ
1705 2161 1788 2208 ὀυκ
1817 2162 2018 2217 ευδαίμο-

1219 2237 1298 2266 νας
1335 2229 1550 2276 ποιοῖμεν,
1583 2220 1649 2266 οἷς
1687 2219 1815 2277 ἐξὸν
1846 2222 2020 2266 πάντα

1220 2284 1359 2336 ἔχειν
1401 2280 1459 2324 τὰ
1491 2298 1595 2324 των
1623 2283 1859 2323 πολιτῶν
1892 2279 2021 2324 ουδὲν

1219 2343 1370 2394 ἔχοιεν.
1430 2339 1565 2390 Hanc·
1597 2340 2017 2395 interpretationem,

1218 2397 1884 2441 etiamSehleiermachero
1915 2395 2020 2452 pro-

1219 2460 1388 2507 batam,
1418 2464 1575 2511 argute
1613 2458 1756 2509 carpit
1795 2458 2017 2498 Schnei-

1218 2518 1410 2567 derus,
1437 2518 1540 2570 quia
1562 2516 1743 2579 scilieet,
1761 2518 1796 2557 si
1814 2517 2018 2557 custodes

1217 2589 1320 2616 sua
1351 2575 1524 2629 culpa
1562 2576 1591 2615 i.
1633 2587 1670 2614 e.
1702 2587 1802 2615 sua
1831 2575 2020 2614 volun-

1218 2639 1357 2684 tate,
1393 2634 1538 2674 minus
1568 2631 1730 2681 felices
1771 2637 1940 2683 essent,
1971 2632 2018 2671 id

1217 2692 1390 2732 Socrati
1431 2692 1540 2731 vitio
1578 2691 1698 2730 verti
1735 2702 1824 2731 non
1854 2695 2016 2742 posset

1217 2749 1354 2798 Quasi
1395 2749 1501 2790 vero
1533 2747 1754 2790 Socrates
1778 2761 1867 2789 nou
1905 2748 2016 2788 tales

1217 2807 1396 2851 finxerit
1434 2807 1662 2855 custodes,
1694 2819 1880 2862 quorum
1912 2819 2014 2853 con-

1220 2863 1330 2906 ditio
1379 2871 1423 2905 et
1471 2864 1650 2905 fortuna
1693 2865 1740 2903 in
1786 2860 2017 2920 ⁴republica

1218 2924 1281 2964 ita
1320 2923 1469 2973 ferat,
1489 2927 1537 2962 ut
1574 2912 1684 2973 ipsis
1725 2911 1789 2968 δι’,
1817 2915 2015 2961 ἑαυτούς

1195 2987 1450 3033 ‘propter
1480 2984 1653 3019 semet
1678 2979 1838 3031 ipsos
1871 2985 1914 3018 et
1935 2992 2014 3019 suo

1215 3042 1411 3091 ipsorum
1445 3038 1629 3078 arbitrio
1662 3037 1790 3077 bonis
1822 3038 1911 3077 illis
1943 3050 2010 3077 ca-

1217 3097 1400 3136 rendum
1417 3098 1489 3145 sit,
1503 3095 1660 3147 quibus
1679 3095 1836 3148 reliqui
1853 3093 2011 3135 civium

1215 3155 1393 3195 ordines
1405 3149 1410 3152 ’
1426 3153 1646 3194 fruantur!

1276 3210 1331 3251 οἱ
1381 3208 1436 3251 δὲ
1487 3207 1652 3262 μηδὲν
1706 3205 2011 3250 ἀπολαύου-

1222 3269 1334 3323 σιν]
1373 3269 1498 3310 Facit
1528 3281 1642 3308 nunc
1672 3281 1786 3318 eum,
1823 3269 1897 3320 qui
1927 3269 2012 3307 ista

1222 3329 1390 3379 obiicit,
1420 3332 1614 3377 utentem
1644 3327 1845 3367 oratione
1876 3331 2008 3365 recta.

1220 3386 1509 3439 Repentinum
1542 3385 1654 3425 hanc
1685 3385 1892 3436 obliquae
1912 3397 2009 3423 ora*
2088 3423 2089 3427 ,

1219 3445 1351 3486 tinnis
1384 3458 1477 3485 cnm
1510 3448 1628 3484 recta
1651 3444 2009 3495 permut-ationem
2086 3450 2088 3477 J
