2098 3658
263 172 330 218 46
876 165 1358 220 PLATONIS

119 333 221 384 334
262 323 421 388 ἦσαις
451 312 669 384 ’Ἔμοιγε
714 316 876 370 δοκεῖ.
917 313 1079 367 Ἀλλά
1125 312 1236 384 μὴν
1280 316 1656 386 στρατοπέδου
1699 336 1756 384 γε
1804 316 1832 370 ὁ
1858 314 1957 369 αύ-

258 400 353 465 τὸς
394 397 579 475 φύλαξ
621 395 867 466 ἀγαθός,
910 394 1075 469 ὅςπερ
1123 402 1211 453 καὶ
1259 397 1324 453 τὰ
1362 402 1474 452 τῶν
1522 401 1798 468 πολεμίων
1843 405 1955 460 κλέ-

255 503 368 562 ψαι
413 486 504 538 καὶ
547 483 904 551 βουλεύματα
963 487 1054 536 καὶ
1100 482 1200 546 τὰς
1243 483 1417 546 ἄλλοις
1465 482 1701 552 πράξεις.

1788 485 1957 538 Πάνυ

255 592 331 640 γε.
363 569 527 624 Ὅτου
574 587 657 629 τις
698 563 810 634 ἄρα
856 564 1034 630 δεινὸς
1077 567 1274 639 φύλαξ,
1325 565 1523 622 τούτου
1567 572 1657 621 καὶ
1703 566 1828 641 φώρ
1853 571 1956 623 δει·

257 653 320 709 ‘vo'
330 676 371 717 ς.
405 650 637 707 ’Έοικεν.

722 654 786 704 lii
830 649 943 721 ἄρα
989 649 1016 704 ὁ
1067 655 1276 714 δίκαιος
1319 652 1586 722 ἀργύριον
1631 652 1807 716 δεινὸς
1853 675 1958 727 φυ-

257 736 495 801 λάττειν,
540 739 630 790 καὶ
675 739 922 790 κλέπτειν
966 735 1160 800 δεινός.
1199 735 1297 800 τΩς
1335 740 1472 806 γοῦν
1517 734 1545 790 ὁ
1593 734 1790 805 λόγος,
1838 742 1957 812 ἔφη,

260 826 529 893 σημαίνει.
583 821 834 886 Κλέπτης
877 816 989 892 ἄρα
1034 841 1116 884 τις
1159 818 1188 875 ὁ
1219 823 1442 885 δίκαιος,
1487 819 1558 884 ὡς
1602 821 1959 886 ἕοικεν,ἁνα-

260 913 566 982 πέφανται*
631 907 724 958 καὶ
782 905 1111 968 κινδυνεύεις
1151 905 1280 976 παρ’
1324 904 1573 975 Ὁμήρου
1635 912 1958 976 μεμαθηκέ-

375 1073 459 1112 καὶ
493 1069 853 1112 κινδυνεύεις
892 1069 957 1123 m]
1021 1068 1262 1112 κινδυνεύει
1301 1070 1429 1111 Vind.
1474 1069 1524 1114 Φ.
1563 1071 1666 1113 Par.
1701 1072 1810 1114 DK.
1841 1071 1959 1114 Mon.

261 1132 378 1173 Flor.
411 1133 454 1182 β.

379 1189 426 1229 Β.
471 1182 643 1228 αὐτὸν
682 1185 885 1227 πάντας
915 1182 1266 1240 ἀνθρώπους
1306 1184 1606 1240 κεκάσθαι]
1670 1186 1743 1226 Sic
1774 1186 1874 1227 Par.
1910 1190 1958 1229 A.

265 1303 576 1346 Boeckhius
614 1298 749 1345 Indic.
790 1301 933 1345 Lectt.
965 1301 1070 1343 Uni-

264 1376 376 1403 vers.
414 1362 599 1401 Berolin.
642 1372 721 1413 per
753 1365 967 1400 semestre
1008 1359 1068 1400 hi-

262 1422 380 1461 horn.
411 1418 681 1466 1829-30.,
720 1419 790 1469 qui
821 1414 959 1457 νόσον
989 1431 1070 1469 φυ-

260 1476 482 1530 λάξασθαι
530 1476 599 1516 καὶ
650 1475 800 1516 λαθεῖν
861 1475 1070 1529 explicat:

261 1548 471 1577 cavere
509 1534 610 1574 sibi
651 1548 674 1574 a
707 1533 894 1574 morbo
938 1545 1070 1573 mor-

262 1596 498 1644 bumque
536 1591 760 1649 fallere,
792 1589 1070 1641 devitare,

262 1654 443 1693 latere
488 1650 635 1691 nete
667 1649 866 1702 capiat.
931 1651 1070 1700 Atque

261 1710 370 1751 hanc
421 1708 823 1760 interpretationem
882 1706 1069 1758 amplexi

260 1774 359 1808 sunt
389 1767 519 1806 etiam
555 1765 814 1818 Wiegand
847 1764 894 1804 in
930 1765 1068 1805 Zim-

260 1838 300 1866 m
317 1837 422 1866 erm
437 1836 462 1863 a
477 1835 500 1862 n
514 1823 563 1863 ni
597 1823 766 1864 Diario:
815 1821 1069 1863 zeitschrift

260 1883 330 1923 fiir
383 1879 799 1922 Altertlmmskunde
849 1894 887 1920 a.
936 1878 1066 1923 1834.

258 1940 356 1981 Fol.
397 1939 496 1983 107.
538 1938 635 1982 861.
674 1952 737 1990 sq.
772 1937 886 1980 Car.
922 1937 1068 1978 Frid.

260 1999 538 2040 Hermann
569 1998 612 2037 in
644 1997 935 2037 Commentat.
971 1995 1067 2036 Kri-

261 2054 401 2097 tische
454 2055 781 2106 Benierkungen
845 2066 902 2093 zu
962 2056 1068 2094 Plat.

261 2113 495 2167 Republik‚
526 2124 636 2165 quae
657 2112 816 2152 inserta
844 2116 911 2151 est
938 2111 1068 2152 libro:

261 2171 567 2213 Gesammelte
599 2167 941 2222 Abliandlnngen
984 2167 1069 2209 und

262 2227 472 2281 Beitr'age
521 2240 602 2270 zur
647 2225 909 2268 classisclven
954 2227 1070 2267 Lite-

259 2292 392 2329 ratur.
424 2286 622 2338 Gotting.
642 2284 770 2328 1849.
793 2299 833 2338 p.
854 2285 953 2336 160.
974 2297 1067 2338 sqq.

259 2350 388 2398 atque
419 2344 490 2385 alii
519 2343 712 2397 quidam.
759 2343 846 2385 Sed
881 2344 1072 2384 fatemur

259 2403 383 2444 nobis
415 2414 468 2443 ne
500 2414 612 2442 nunc
649 2401 822 2453 quidem
859 2414 961 2443 eam
993 2413 1067 2441 ra—

260 2460 422 2502 tionem
456 2461 542 2500 ullo
578 2458 708 2500 modo
740 2459 923 2512 probari.
957 2458 1067 2500 Nam

261 2519 442 2572 primum
488 2517 659 2569 quidem
706 2517 896 2558 incolens
942 2518 1066 2570 plane

260 2576 389 2617 dictio
412 2580 478 2616 est
498 2572 634 2615 νόσον
661 2573 907 2624 λανθιὲνειν,
940 2587 1065 2627 prae·

259 2634 410 2675 sertim
432 2634 514 2674 isto
532 2645 663 2674 sensu
683 2639 874 2686 accepta.
898 2633 1069 2674 Deinde

258 2692 415 2733 falsam
449 2704 547 2732 esse
578 2690 688 2732 lianc
707 2692 916 2732 rationem
939 2692 1066 2733 etiam

259 2751 352 2802 ipsa
395 2750 711 2800 argumentatio
741 2749 886 2793 docet.
957 2749 1068 2789 Pm-

263 2808 366 2848 bare
398 2807 507 2847 enim
547 2806 753 2848 Socrates
786 2813 968 2848 conatur
1002 2807 1069 2847 iu-

262 2864 424 2906 stitiam
454 2865 584 2906 etiam
604 2865 701 2906 fore
723 2863 945 2919 κλεπτικήν
962 2877 1069 2915 τινα,

262 2922 332 2963 ubi
365 2934 415 2963 ea
453 2923 538 2963 isto
561 2923 692 2963 modo
718 2923 957 2975 definiatur,
983 2935 1069 2976 qua

263 2978 397 3020 modo
443 2978 669 3021 Simonide
715 2985 893 3022 aucto-re
939 2987 1069 3033 atque

262 3036 375 3077 duce
405 3035 563 3078 factum
596 3038 666 3079 sit.
728 3038 857 3081 Quod
877 3039 1066 3092 quidem,

261 3094 300 3134 si
328 3094 442 3134 illam
476 3095 871 3148 interpretationem
909 3097 1068 3152 ample-

265 3151 434 3203 ctimur,
467 3150 545 3191 hac
565 3153 732 3193 ratione
748 3166 960 3207 peragere
979 3154 1067 3195 exi-

266 3208 505 3250 stimandus
540 3210 634 3253 erit.
693 3210 846 3251 Iustus
878 3217 968 3263 est,
1002 3213 1068 3253 in·

265 3267 371 3320 quit,
404 3266 643 3308 secundum
679 3280 746 3315 ea,
775 3280 886 3320 quae
918 3269 1069 3311 hacte-

265 3337 346 3366 nus
380 3324 599 3378 disputata
632 3329 748 3375 sunt,
787 3327 856 3377 qui
889 3326 1069 3368 idoneus

267 3388 334 3423 est
373 3381 425 3423 ad
473 3381 631 3434 aliquid
682 3382 941 3425 servandum
995 3385 1066 3426 vel

267 3439 613 3482 custodiendum.
695 3439 782 3481 lam
840 3454 942 3482 vero
995 3441 1066 3493 qui

1155 1300 1348 1342 feriendo
1415 1308 1459 1343 et
1514 1299 1727 1354 pulsando
1774 1300 1959 1343 maxime

1155 1361 1273 1400 valet
1304 1360 1343 1399 in
1375 1372 1514 1412 pugna
1549 1361 1613 1399 iel
1645 1360 1759 1399 lucta
1787 1360 1854 1399 vel
1876 1358 1959 1399 alio

1155 1418 1398 1458 certaminis
1431 1429 1613 1470 genere,
1646 1416 1683 1456 is
1716 1417 1844 1457 etiam
1877 1429 1959 1457 ca-

1155 1476 1333 1515 vendo
1376 1473 1698 1527 (φυλᾰξασθαι)
1734 1473 1961 1515 maxime

1155 1532 1382 1576 valebit.
1448 1533 1586 1574 Porro
1638 1533 1708 1584 qui
1760 1532 1958 1573 morbum

1156 1595 1305 1643 potest
1325 1591 1515 1632 maxime
1534 1605 1558 1632 c
1575 1604 1598 1631 a
1625 1603 1649 1629 v
1671 1604 1694 1631 e
1713 1603 1734 1630 r
1754 1603 1778 1631 e
1809 1603 1832 1630 e
1852 1603 1879 1630 n
1896 1603 1959 1631 m-

1155 1661 1275 1701 que
1325 1649 1516 1690 callid
1545 1663 1568 1690 e
1616 1650 1861 1698 latere,
1925 1649 1960 1688 is

1155 1707 1281 1748 etiam
1333 1708 1518 1750 maxime
1568 1707 1649 1747 erit
1693 1706 1862 1746 validus
1916 1712 1961 1747 et

1160 1764 1345 1806 idoneus
1381 1761 1578 1821 adienm
1600 1762 1706 1804 inse
1722 1764 1956 1805 rendum-

1155 1822 1325 1863 Pariter
1356 1822 1481 1864 etiam
1513 1823 1571 1874 is,
1613 1822 1682 1873 qni
1714 1824 1957 1874 optimus

1154 1886 1240 1920 est
1279 1883 1563 1921 exercitus
1595 1879 1719 1929 dux,
1765 1880 1821 1919 ad
1855 1893 1960 1921 con-

1154 1939 1246 1978 silia
1288 1943 1334 1990 et
1374 1939 1566 1978 actiones
1622 1937 1804 1978 hostium
1846 1950 1960 1990 per-

1153 1995 1542 2037 sentiscendas
1606 2001 1658 2036 et
1704 2001 1959 2047 tanquam

1152 2053 1412 2094 furandas
1459 2054 1668 2106 imprimis
1713 2066 1959 2096 accommo-

1154 2111 1280 2151 datus
1321 2125 1419 2152 esse
1463 2114 1591 2152 solet.
1657 2111 1845 2153 Omnino
1882 2112 1960 2165 igi·

1150 2175 1222 2211 tur
1250 2171 1306 2218 is,
1353 2171 1423 2222 qui
1458 2171 1646 2223 optimus
1679 2176 1748 2212 est
1781 2171 1961 2211 alicuius

1156 2227 1215 2269 rei
1248 2233 1366 2269 tutor
1395 2232 1524 2281 atque
1546 2234 1711 2278 enema,
1741 2229 1870 2269 etiam
1906 2229 1960 2270 ad

1155 2285 1335 2327 eandem
1379 2286 1862 2327 accommodatissimus
1894 2286 1960 2327 fur

1157 2343 1392 2385 existimari
1423 2344 1566 2385 debet.
1628 2345 1756 2387 Quae
1785 2345 1961 2386 sirecte

1156 2402 1343 2444 iudicata
1399 2407 1520 2448 sunit,
1574 2414 1846 2455 consequens
1894 2408 1962 2444 est

1156 2462 1340 2513 peritum
1391 2458 1629 2501 servandae
1677 2461 1854 2501 alicuius
1899 2462 1961 2502 rei

1157 2520 1287 2560 etiam
1337 2518 1390 2558 ad
1439 2520 1552 2560 illam
1606 2517 1827 2559 furandum
1866 2518 1961 2560 fore

1154 2577 1446 2630 aptissimum3
1485 2575 1599 2617 unde
1641 2575 1856 2622 efficitur.
1896 2576 1960 2617 iu·

1155 2639 1269 2675 stum
1303 2647 1400 2674 esse
1433 2635 1614 2686 peritum
1646 2634 1800 2675 furem.
1838 2633 1959 2674 Haeo

1156 2705 1260 2733 vero
1290 2704 1426 2744 quum
1443 2691 1759 2741 argumentatio
1791 2692 1864 2739 sit,
1893 2691 1960 2732 fa·

1155 2753 1236 2792 cile
1270 2756 1453 2803 apparet
1492 2750 1532 2788 in
1565 2751 1772 2801 exemplo
1810 2762 1833 2789 a
1865 2763 1958 2791 me·

1155 2808 1250 2849 dico
1284 2808 1473 2860 repetito
1503 2819 1588 2847 non
1618 2808 1814 2860 potuisse
1847 2806 1958 2847 dici:

1153 2867 1229 2918 qui
1285 2865 1388 2906 sibi
1456 2870 1621 2905 cavet
1682 2877 1706 2904 a
1769 2865 1958 2905 morbo

1155 2936 1391 2976 eumque
1446 2922 1650 2963 callide
1703 2922 1870 2969 latet,
1922 2922 1958 2960 is

1152 2982 1281 3022 etiam
1312 2987 1444 3033 aptus
1471 2984 1539 3021 est
1569 2978 1623 3019 ad
1647 2991 1744 3019 eum
1769 2978 1959 3020 iniicien-

1154 3039 1272 3079 dum.
1303 3038 1435 3080 Notio
1468 3036 1760 3079 clandestinae
1792 3037 1958 3078 callidi-

1153 3098 1255 3138 tatis
1287 3096 1396 3136 enim
1428 3094 1559 3136 debet
1592 3094 1737 3147 potius
1757 3095 1795 3134 in
1819 3097 1958 3135 altero

1154 3154 1352 3195 membro
1371 3155 1528 3202 inesse,
1551 3164 1679 3204 quum
1702 3154 1760 3192 ita
1779 3153 1957 3194 demum

1154 3213 1264 3252 iusta
1320 3209 1651 3263 argumentandi
1706 3211 1956 3264 progressio

1154 3274 1341 3323 aptaque
1373 3269 1639 3321 singulorum
1666 3269 1956 3310 membrorum

1153 3326 1371 3367 conclusio
1411 3325 1634 3367 efficiatur.
1696 3326 1843 3378 ltaque
1887 3338 1955 3366 re-

1153 3385 1363 3436 quirimus
1393 3383 1536 3436 potius
1556 3382 1656 3425 hom
1695 3384 1786 3426 Qui
1805 3384 1851 3423 in
1880 3395 1956 3437 pn-

1152 3453 1233 3494 gna
1267 3441 1459 3485 feriendo
1490 3441 1674 3483 maxime
1705 3443 1889 3494 excellit,
1919 3445 1957 3484 is
