2106 3594
267 158 409 211 XIV

273 300 588 369 Ganzen‚
628 296 752 352 mit
789 294 907 347 der
945 311 1014 358 es
1051 293 1311 357 darauf
1341 297 1816 369 hinauslauft,
1858 300 1969 355 die

274 366 832 438 Gerechtigkeit
868 366 1045 418 ware
1083 365 1195 421 die
1218 367 1769 440 Hauptsachelfl‘
1808 369 1969 426 Cous.

273 443 437 495 etiam
473 460 526 510 p.
569 440 650 491 16.
724 436 864 506 „So
904 435 1060 490 sehr
1102 439 1460 494 erscheint
1498 440 1607 494 die
1644 441 1970 496 Darstel-

271 514 444 583 lung
485 510 601 562 des
642 508 933 563 Staates
967 526 1048 560 an
1084 509 1223 565 und
1269 510 1385 564 fur
1443 512 1592 565 sich
1641 512 1798 566 hier
1849 533 1968 567 un—

273 583 716 652 tergeordnet
764 578 903 632 und
962 579 1141 634 alles
1192 601 1319 635 nur
1370 582 1636 636 darauf
1682 584 1970 639 berech-

272 661 388 708 net
457 651 602 706 und
662 649 977 704 dadurch
1028 651 1432 721 -bestimmt,
1507 653 1667 708 dass
1723 673 1795 708 er
1849 655 1970 709 das

271 727 772 796 vergrosserte
823 721 988 777 Bild
1035 721 1153 776 der
1202 723 1408 780 Seele
1464 727 1613 780 sein
1652 725 1822 795 soll,
1872 747 1970 779 um

272 817 353 850 an
414 797 792 849 demselben
859 797 967 847 die
1025 797 1546 863 Gereclztiglceit
1607 799 1837 850 besser
1897 819 1969 850 zu

271 871 672 920 erkennen.“
756 863 899 919 Ibid.
960 885 1014 936 p.
1074 868 1165 921 22.
1259 864 1468 935 „Wie
1539 887 1766 939 genau
1834 888 1970 922 nun

272 938 445 993 auch
506 938 573 991 in
632 936 889 990 diesem
960 936 1350 991 Abschnitt
1420 938 1597 993 alles
1643 940 1796 992 'auf
1844 939 1970 993 den

271 1009 474 1066 Staat
510 1010 819 1081 bezogen
859 1009 988 1078 sei,
1027 1026 1099 1061 so
1141 1009 1308 1063 wird
1337 1009 1512 1063 doch
1536 1010 1970 1064 unverkenn-

268 1082 393 1135 bar
463 1081 702 1134 immer
743 1079 958 1133 auch·
995 1079 1211 1133 sehon
1282 1082 1408 1136 auf
1464 1080 1572 1135 die
1647 1082 1970 1136 einzelne

270 1151 473 1207 Seele
531 1152 617 1206 im
691 1171 950 1205 voraus
1028 1151 1425 1205 Rucksicht
1494 1156 1969 1223 genommen.“

269 1225 354 1278 Ib.
401 1225 538 1296 Pag.
593 1226 674 1276 17.
713 1241 795 1292 sq.
871 1222 1034 1275 Facit
1081 1223 1252 1295 igitur
1287 1223 1372 1276 vir
1407 1243 1649 1278 summus
1684 1225 1971 1278 Platonem

269 1295 504 1365 denique
543 1314 724 1348 secum
762 1295 884 1366 ipso
923 1294 1364 1362 dissentientem,
1398 1296 1500 1364 -qui
1539 1314 1707 1364 quum
1743 1296 1799 1349 in
1837 1296 1972 1367 ipsis

269 1367 612 1421 sermonibus
660 1365 718 1418 id
767 1365 1113 1437 potissimum
1162 1366 1359 1437 egerit,
1411 1374 1475 1419 ut
1509 1367 1730 1420 virtutis
1767 1367 1879 1420 vim
1916 1376 1974 1421 et

267 1439 657 1509 praestantiam
712 1437 1041 1508 explicaret,
1102 1444 1285 1493 tamen
1347 1438 1404 1490 in
1461 1438 1718 1509 operibus
1779 1446 1974 1510 postea

267 1509 428 1562 editis
480 1508 857 1578 quaestionem
906 1507 974 1561 de
1014 1508 1222 1577 optima
1260 1509 1483 1561 civitate
1520 1509 1678 1562 unice
1715 1529 1972 1580 respexe-

267 1582 340 1634 rit
388 1579 639 1650 adeoque
689 1579 810 1650 ipsa
857 1579 1215 1649 inscriptione
1274 1579 1571 1633 notandam
1629 1579 1970 1637 iudicaverit.

267 1651 447 1719 Quem
497 1650 718 1721 quidem
768 1650 1072 1704 dissensum
1132 1650 1445 1704 elevaturus
1503 1651 1811 1705 meminisse
1871 1671 1972 1706 nos

265 1723 419 1776 iubet
466 1723 726 1776 Politiam
776 1721 834 1774 id
871 1722 974 1776 sibi
1011 1721 1211 1775 habere
1248 1721 1557 1792 proprium,
1597 1730 1658 1775 ut
1695 1729 1750 1776 et
1785 1741 1971 1776 eorum

265 1813 596 1862 sermonum,
634 1793 728 1862 qui
765 1801 928 1846 antea
965 1792 1032 1846 de
1069 1792 1235 1847 variis
1274 1793 1604 1862 cognitionis
1652 1811 1715 1847 ac
1752 1793 1972 1848 virtutis

265 1866 534 1921 humanae
572 1864 874 1917 rationibus
921 1883 953 1919 a
989 1863 1223 1918 Platone
1257 1864 1447 1934 scripti
1483 1864 1624 1932 sint,
1664 1864 1835 1918 veluti
1876 1884 1971 1938 ag-

266 1956 390 1990 men
437 1935 686 2004 claudat,
742 1943 797 1988 et
847 1936 1068 1989 seriem·
1096 1935 1236 1988 alius
1275 1935 1493 2006 generis
1533 1934 1969 2006 disputationum

266 2007 596 2063 exordiatur.
672 2007 759 2060 De
808 2026 917 2076 qua
966 2025 1023 2059 re
1063 2007 1243 2061 Praef.
1284 2005 1354 2059 ad
1392 2006 1584 2078 Remp.
1624 2028 1676 2079 p.
1719 2009 1795 2060 66-
1827 2026 1969 2080 sqq.,

264 2086 558 2152 postquam
604 2077 672 2133 de
721 2078 989 2150 gravitate
1027 2097 1215 2131 eorum
1253 2086 1696 2150 argumentorum
1734 2078 1972 2150 explica-

268 2160 381 2206 tum
401 2183 403 2186 ·
427 2158 543 2219 est,
596 2149 795 2220 quibus
848 2150 1200 2221 praecipuam
1248 2150 1625 2219 quaestionem
1661 2149 1731 2203 de
1765 2150 1973 2220 optima

266 2223 487 2276 civitate
527 2240 648 2275 esse
685 2221 1046 2275 demonstrari
1091 2240 1256 2291 posse
1291 2220 1571 2289 videatur,
1610 2221 1747 2276 11666
1796 2221 1971 2276 disse·

265 2295 399 2347 ruit:
473 2291 668 2362 „Quid
691 2293 877 2364 igitur,
918 2292 1113 2362 inquit,
1139 2292 1480 2361 relinquitur,
1519 2293 1626 2347 nisi
1652 2293 1759 2347 hoc
1781 2312 1968 2359 unum,

265 2373 328 2419 ut
373 2364 671 2417 fateamur·
693 2365 977 2419 Socratem
1025 2363 1372 2417 Platonicum
1419 2382 1542 2417 esse
1581 2364 1739 2433 quasi
1775 2364 1968 2418 Ianum

264 2436 500 2506 aliquem
538 2434 856 2507 bicipitem?
929 2435 1075 2489 Nam
1110 2435 1167 2488 in
1204 2435 1326 2504 ipso
1360 2434 1580 2505 quidem
1617 2454 1792 2505 opere·
1823 2435 1970 2490 Poli-

263 2507 374 2560 tiae
423 2507 644 2560 nomine
692 2506 956 2577 inscripto
996 2506 1081 2560 ita
1116 2506 1381 2577 disputat,
1430 2514 1494 2560 ut
1540 2515 1835 2563 retrorsum
1887 2525 1969 2564 re·

266 2579 478 2649 spicere
515 2577 791 2632 videatur:
837 2578 895 2631 in
933 2577 1160 2631 Timaeo
1211 2585 1390 2631 autem
1429 2578 1715 2632 cernimus*
1737 2577 1969 2631 eundem

264 2649 690 2720 prospicientem
739 2657 796 2703 et
841 2649 913 2702 ad
957 2668 1069 2717 ea,
1104 2668 1244 2720 quae
1292 2649 1494 2716 'futura
1542 2654 1703 2715 sunt,
1759 2648 1968 2704 vultum

265 2727 692 2774 convertentem.
779 2722 968 2789 Atque
1017 2740 1141 2774 cum
1188 2721 1294 2773 hac
1337 2739 1396 2774 re
1444 2719 1582 2773 illud
1617 2738 1838 2789 quoque
1878 2738 1969 2772 co-

264 2792 482 2860 haeret,
534 2792 683 2860 quod
732 2793 790 2845 in
838 2792 925 2846 his
956 2793 1314 2851 ¹sermonibus
1361 2790 1509 2845 haud
1555 2809 1763 2861 paucae
1802 2788 1969 2860 quae-

266 2863 490 2930 stiones,
529 2863 584 2915 in
622 2864 996 2935 superioribus
1032 2864 1186 2917 libris
1222 2861 1311 2916 vel
1341 2881 1440 2934 per
1476 2862 1820 2915 occasionem
1857 2880 1972 2914 me«

265 2940 525 3001 moratae,
564 2935 652 2986 vel
686 2943 967 3004 utcunque
1004 2935 1324 3006 explicatae,
1356 2937 1507 2986 'nunc
1544 2932 1722 2985 denuo
1759 2933 1816 2985 in
1855 2931 1967 2984 dis-

265 3004 634 3075 ceptationem
684 3020 979 3074 vocantur,
1038 3025 1122 3058 eo.
1159 3003 1380 3074 quidem
1426 3003 1588 3057 modo
1606 3044 1622 3072 ,
1673 3011 1737 3056 ut
1783 3003 1968 3056 multis

265 3074 496 3129 subinde
542 3076 877 3146 intertextiS,
927 3077 1125 3146 quibus
1191 3075 1560 3129 dubitationes
1622 3075 1677 3128 in
1736 3073 1968 3144 dialogis

264 3146 415 3218 prius
454 3146 672 3216 scriptis
710 3148 978 3201 excitatae
1014 3155 1428 3217 componantur,
1467 3146 1663 3200 eximia
1699 3144 1967 3215 quaedam

266 3217 458 3271 animis
495 3217 795 3288 legentium
834 3219 1085 3289 voluptas
1120 3217 1462 3277 astundatur:
1513 3218 1570 3270 in
1608 3216 1834 3269 Timaeo
1871 3234 1966 3268 au-

264 3296 376 3342 tem
416 3288 623 3341 Politia
671 3297 897 3348 eatenus
948 3297 1246 3361 spectatur,
1302 3297 1573 3359 quatenus
1613 3287 1682 3339 ab
1723 3305 1787 3340 ea
1823 3305 1968 3339 nova

266 3358 699 3429 disputationum
739 3362 903 3415 series
942 3361 1198 3414 inchoata
1235 3370 1347 3429 est,
1386 3361 1442 3412 in
1481 3359 1680 3429 quibus
1721 3354 1966 3412 Socratis
