2124 3744
310 199 409 248 128
951 192 1430 248 PLATONIS

303 340 402 395 τὸν
441 340 822 410 ἐπιχειροῦντα
861 338 1012 393 λύειν
1035 361 1091 395 τε
1135 344 1223 394 καὶ
1270 339 1517 407 ἀνάγειν,
1562 344 1609 394 εἴ
1652 361 1764 403 πως
1810 345 1867 393 ὲν
1895 350 2013 403 ταῖς

294 426 446 496 χερσὶ
485 422 750 477 δύναιντο
798 425 988 491 λαβεῖν
1046 428 1139 478 καὶ
1180 423 1553 487 ἀποκτείνειν,
1602 421 2012 478 ἀποκτιννύναι

301 508 410 577 ἄνς
501 505 752 579 Σφόδρα
800 507 850 576 y'
866 550 880 578 ,
929 515 1050 582 ἔφη.
1111 505 1281 607 Ca.p
1329 504 1433 562 ΙΙΙ.
1529 506 1756 573 Ταύτην
1803 511 2010 571 τοίνυν,

305 586 373 659 ἦν
420 590 471 646 δ’
528 590 646 659 ἐγώ,
695 587 796 657 τὴν
841 590 1050 662 εικόνα,
1097 584 1136 646 ὦ
1183 596 1306 667 φίλε
1339 591 1624 655 Γλαύκων,
1667 598 2015 662 προςαπτέον

210 690 258 741 B
306 677 537 732 ἅπασαν
566 686 682 738 τοῖς
708 678 1033 747 ἔμπροσθεν
1059 680 1392 747 λεγομένοις,
1438 674 1542 744 τὴν
1587 679 1689 747 μὲν
1734 674 1794 730 δι’
1831 673 2016 749 ὅψεως

303 764 649 837 φαινομένην
711 763 879 832 ἕδραν
943 763 1006 837 τῇ
1053 764 1151 816 τοῦ
1201 764 1574 831 δεσμωτηρίου
1618 758 1825 826 οἰκήσει
1868 758 2016 834 oizpa-

300 848 604 918 μοιοῦντα,
673 840 734 898 τὸ
798 848 854 898 δὲ
912 847 1012 900 τοῦ
1073 842 1249 916 πυρὸς
1302 853 1362 899 ὲν
1410 846 1560 922 αὐτῇ
1617 848 1736 919 φῶς
1789 846 1854 920 τῇ
1916 845 2014 899 τοῦ

304 930 464 996 ἡλίου
513 926 769 997 δυνάμει·
829 927 932 995 τὴν
977 932 1033 983 δὲ
1078 927 1194 983 ἄνω
1240 928 1522 999 ἀνάβασιν
1575 933 1666 984 καὶ
1713 934 1864 984 θέαν.
1901 931 2014 982 τῶν

303 1014 420 1069 ἀνω
468 1010 584 1080 ·τὴν
639 1019 714 1076 εὶς
774 1011 872 1068 τὸν
932 1011 1140 1080 νοητὸν
1198 1013 1375 1068 τόπον
1422 1018 1522 1081 τῆς
1566 1015 1755 1088 ψυχῆς
1799 1010 2015 1069 ἄνοδον

305 1101 488 1162 τιθεὶς
544 1096 646 1168 οὐχ
702 1095 1014 1168 ἁμαρτήσει
1073 1101 1170 1164 τῆς
1228 1098 1281 1167 y'
1335 1102 1468 1168 ἐμῆς
1523 1103 1771 1160 ἐλπίδος,
1831 1094 2011 1162 ἐπειδὴ

304 1183 513 1248 ταύτης
569 1185 867 1252 ἐπιθυμεῖς
922 1181 1168 1238 ἀκούειν.
1241 1181 1380 1247 θεὸς
1438 1186 1494 1237 δέ
1553 1205 1662 1237 που
1718 1180 1891 1243 οἶδεν,
1969 1187 2014 1235 εἰ

299 1268 532 1334 ἀληθης
586 1287 728 1321 ουσα
787 1267 1062 1337 τυρχάνει.
1117 1265 1187 1320 τὰ
1245 1267 1293 1321 δ’
1360 1260 1463 1323 οὖν
1518 1272 1639 1338 ἐμοὶ
1698 1265 2013 1364 φαινόμενα

301 1351 447 1406 οὕτω
495 1356 774 1424 φαίνεται,
821 1358 878 1406 ἐν
923 1354 999 1421 τῷ
1047 1354 1269 1421 γνωστῷ
1314 1356 1599 1407 τελευταία
1648 1349 1679 1418 ἡ
1732 1353 1830 1406 τοῦ
1873 1350 2013 1419 ἀγα·

421 1513 609 1565 λαβεῖι
638 1515 726 1554 καὶ
757 1530 1021 1556 ατοκτειι
1032 1530 1134 1564 ειν
1166 1530 1431 1556 αποκτινι
1443 1529 1573 1556 υιαι
1606 1512 1694 1555 α”ν-
1681 1515 1721 1567 ,]
1756 1515 1831 1556 Sic
1863 1516 2015 1568 vulgo,

306 1571 391 1612 nisi
433 1573 555 1625 quod
592 1567 861 1614 ἀποκτειίειι
900 1573 1003 1614 Par.
1049 1574 1206 1618 ADK
1255 1575 1348 1616 V.at
1394 1571 1440 1616 Θ.
1490 1573 1592 1614 Ven.
1638 1573 1690 1615 ll.
1733 1572 1855 1612 Mon.
1907 1579 2014 1643 mg.

306 1630 395 1670 Vat
439 1643 476 1670 r.
518 1629 639 1671 Flor.
671 1631 716 1683 β.
756 1633 1055 1684 praebuerunt
1092 1645 1171 1685 pro
1195 1634 1333 1701 vulg.
1377 1627 1699 1672 ἀποκτινῗννιιαι.
1775 1631 1861 1671 Alii
1902 1626 2012 1671 α’πο·

305 1692 486 1736 κτενεῖν,
526 1693 570 1728 et
608 1690 768 1730 deinde
814 1685 1123 1732 ἀποκτιννύναι
1153 1683 1224 1734 αὖ.
1287 1692 1436 1732 Astius
1473 1690 1709 1742 legendum
1740 1691 2012 1742 suspicatur:

305 1742 510 1786 δύναιντο
551 1747 719 1799 λαβεῖν,
763 1762 842 1789 καν
880 1750 932 1801 (i.
967 1762 1006 1790 e.
1042 1749 1110 1788 καὶ
1140 1744 1211 1797 αν)
1248 1743 1567 1796 α’ποκτειί·ειαν;
1613 1743 1802 1800 Σφόδρα
1835 1761 1894 1801 γε.
1952 1748 2014 1788 Et

302 1810 421 1845 certe
460 1805 585 1845 locus
625 1806 803 1847 videtur
849 1812 1082 1860 corruptus
1124 1819 1235 1848 esse.
1300 1807 1414 1847 Astii
1454 1807 1735 1847 coniecturae
1774 1806 1911 1856 igitur
1949 1807 2014 1846 ita

301 1864 450 1932 lpcum
488 1864 818 1906 concedendum
857 1871 1084 1918 putamus,
1124 1871 1174 1905 ut
1212 1867 1450 1906 scribatur:
1482 1861 1686 1904 δύναιντο
1731 1863 1903 1915 λαβεῖν,
1944 1878 2011 1904 και

303 1916 605 1961 ἀποκτείνοιεν
635 1918 714 1972 (Im
774 1921 874 1972 Quo
905 1925 1109 1964 restituto
1140 1929 1263 1976 patet
1293 1917 1371 1977 ἆρ’
1418 1917 1473 1963 ού
1513 1935 1568 1963 ex
1608 1923 1882 1975 praegressis
1915 1935 2010 1963 esse
2078 1934 2088 1940 “

298 1980 625 2021 assumendum.
2118 1968 2124 2018 l

421 2037 528 2090 Cap.
560 2037 649 2078 111.
709 2037 761 2078 B.
833 2031 933 2089 οὐχ
979 2031 1119 2091 ἆμαρ
1137 2035 1316 2093 τήσει]
1363 2037 1411 2077 V.
1452 2030 1531 2088 οὐχ
1569 2031 1839 2090 ἆμαρτήσεις.
1883 2037 2010 2077 vind.

363 2177 522 2221 P.517.
555 2178 610 2218 εἴ
632 2189 745 2219 πως
775 2177 831 2218 ἐν
857 2183 973 2220 ταῖς
1003 2190 1113 2231 χερ-

306 2237 358 2277 σὶ
411 2233 674 2276 δύναιντο
722 2237 944 2291 λαβεῖν]
1006 2235 1111 2276 Non

303 2295 522 2336 redundat
562 2292 631 2345 ε’ν,
676 2296 754 2335 sed
802 2295 1111 2348 explicandum

302 2359 369 2394 est
428 2365 506 2406 per
555 2353 918 2406 anticipationem
974 2353 1110 2403 illam,

301 2424 433 2465 quam
464 2423 606 2463 nuper
635 2412 719 2451 viri
753 2413 871 2452 docti
903 2411 1109 2452 certatim

300 2473 515 2510 notarunt
549 2474 759 2522 tanquam
787 2468 969 2511 Graecis
1001 2469 1107 2510 scri-

300 2529 501 2580 ptoribus
546 2527 784 2567 admodum
829 2529 1106 2569 familiarem.

301 2587 480 2627 Etenim
520 2582 566 2625 ἐν
601 2587 726 2638 χερσί
751 2600 843 2626 τινα
874 2582 1108 2638 λαμβάνειν

300 2650 368 2684 est
423 2645 671 2696 aliquem
728 2644 808 2685 ita
857 2657 1107 2697 compre·

298 2703 567 2753 hendere,
599 2707 662 2741 ut
695 2713 816 2742 eum
851 2703 905 2742 in
939 2703 1108 2744 mani·

297 2763 396 2802 bus
449 2771 510 2801 ac
559 2765 846 2811 potestate
894 2765 987 2801 tua
1032 2765 1107 2800 te-

298 2831 444 2861 neas,
540 2818 760 2870 Exempla
834 2819 1110 2871 collegerunt

301 2876 683 2918 Hemsterhus.
731 2876 790 2916 ad
824 2876 1012 2918 Lucian.
1051 2875 1107 2916 Τ.

302 2935 355 2977 ll.
401 2947 446 2987 p.
494 2932 593 2976 523.
641 2940 684 2974 et
729 2935 871 2987 intpp.
917 2935 976 2975 ad
1017 2934 1108 2975 So-

301 2993 486 3045 phocl.
518 2991 629 3032 Oed.
660 2992 714 3034 R.
746 2992 950 3035 v.1112.

360 3077 586 3147 Oap.111.
646 3078 693 3118 B.
755 3075 969 3130 Ταύτην
1000 3077 1105 3116 τοί-

304 3149 416 3184 νυν,
442 3130 506 3189 ἦν
544 3130 589 3175 δ’
621 3133 735 3189 ἐγώ,
769 3134 865 3190 τὴν
896 3131 1108 3176 εἰκόνα.

302 3193 426 3234 Haec
486 3206 665 3245 quoque
714 3200 930 3235 memorat
983 3193 1108 3233 Por-

301 3263 328 3302 p
344 3251 458 3302 hyr.
491 3252 545 3291 de
577 3255 711 3293 Antro
729 3251 922 3306 Nymph.
942 3265 983 3304 p.
1004 3250 1104 3294 255.

301 3309 418 3349 conf.
449 3321 550 3348 ann.
584 3310 642 3349 ad
673 3323 714 3362 p.
743 3309 847 3354 514.
884 3314 933 3350 Α.
1071 3323 1077 3328 ·

359 3390 478 3447 τὴν
521 3392 632 3444 μὲν
674 3391 754 3435 δι’
796 3393 1008 3445 ὄψεως
1048 3417 1103 3424 -

301 3450 463 3505 ἕδραν
494 3475 541 3482 -
580 3448 988 3505 ἀφομοιοῦντα]
1027 3449 1103 3503 τὴν

1200 2171 1260 2216 δι’
1301 2171 1447 2226 ὅψεως
1479 2175 1749 2230 φαινομένην
1781 2175 1912 2231 ἕδραν
1942 2179 2008 2219 in-

1197 2234 1361 2286 telligit
1413 2235 1603 2274 mundi
1641 2236 2007 2287 adspectabi-

1195 2293 1269 2333 lis
1302 2293 1618 2345 regionem,
1649 2294 1719 2333 vel
1749 2295 2008 2335 mundum

1196 2351 1672 2403 adspectabilem,
1715 2364 1845 2404 quem
1889 2353 2007 2404 quod

1195 2406 1324 2460 ἔδρας
1371 2409 1551 2449 nomine
1588 2409 1852 2461 insignivit,
1901 2410 2008 2450 fecit

1193 2468 1280 2507 hoc
1300 2472 1482 2520 propter
1512 2469 1890 2519 comparationem
1909 2481 2007 2509 cum

1195 2531 1348 2576 antro,
1392 2527 1439 2565 in
1481 2537 1567 2577 quo
1608 2525 1812 2566 homines
1857 2539 2006 2567 rerum

1194 2583 1397 2624 veritatis
1444 2587 1646 2635 expertes
1710 2585 1873 2624 inclusi
1935 2597 2002 2625 se-

1195 2643 1314 2682 dent.
1377 2641 1668 2694 Participium
1700 2636 2005 2693 ἀφομοιοῦντα
2039 2671 2044 2676 -

1193 2700 1411 2753 positum,
1445 2700 1549 2751 quia
1584 2698 1856 2752 προςαπτέον
1885 2700 2004 2740 idem

1196 2763 1279 2808 est,
1312 2757 1431 2810 quod
1462 2754 1722 2810 προπίπτειν
1757 2755 1831 2797 δεῖ.
1884 2756 2002 2798 Con-

1194 2816 1455 2857 structionis
1497 2828 1639 2868 genus
1677 2815 1906 2868 frequens,
1947 2815 2002 2854 de

1193 2886 1279 2927 quo
1323 2873 1516 2914 diximus
1565 2874 1624 2914 ad
1666 2873 1788 2912 Libr.
1826 2872 1913 2912 ΙΙΙ.
1955 2885 1999 2924 p.

1191 2931 1292 2975 400.
1322 2930 1380 2972 D.
1414 2930 1585 2972 Criton.
1616 2943 1658 2984 p.
1691 2929 1761 2972 49.
1796 2929 1854 2969 D.
1898 2930 2002 2970 Vult

1191 2991 1330 3042 igitur
1360 2995 1535 3030 antrum
1573 2994 1619 3028 et
1647 2989 1792 3039 ignem
1824 2988 1885 3028 ibi
1923 2987 2000 3028 fla-

1191 3052 1392 3100 grantem
1412 3058 1510 3087 cum
1530 3045 1820 3097 adspectabili
1852 3058 1999 3086 rerum

1188 3111 1349 3146 natura
1386 3110 1518 3157 atque
1567 3104 1661 3144 sole
1717 3115 1815 3143 eam
1858 3104 1997 3144 collu-

1191 3168 1359 3204 strante
1408 3162 1680 3213 comparari3
1736 3161 1998 3202 adscensum

1191 3222 1440 3260 vinctorum
1477 3224 1624 3259 autem
1664 3223 1797 3270 atque
1829 3225 1997 3271 specta-

1191 3280 1358 3318 tionem
1388 3289 1534 3316 rerum
1565 3288 1876 3328 supernarum,
1910 3289 1997 3330 qua

1189 3337 1450 3388 potiuntur,
1506 3340 1732 3387 comparat
1776 3347 1875 3375 cum
1916 3335 1994 3375 ad-

1189 3404 1347 3434 scensu
1382 3393 1541 3432 mentis
1568 3399 1611 3432 et
1634 3393 1820 3432 rationis
1850 3393 1897 3431 in
1926 3402 1994 3431 re-

1187 3452 1341 3502 giones
1379 3450 1530 3490 mundi
1560 3450 1863 3504 intelligibilis
1900 3450 1995 3489 sive
