2098 3658
234 150 336 201 204
866 144 1338 199 PLATONIS

357 302 617 346 παντοῖοι
665 293 988 354 τελέθοντες
1033 295 1416 365 ἐπιστρωφῶσι
1463 289 1708 358 πόληας·

230 380 365 448 μηδὲ
425 379 696 446 Πρωτέως
763 377 853 428 καὶ
927 377 1150 440 Θέτιδος
1214 380 1664 452 καταψευδέσθω
1733 376 1936 444 μηδείς,

235 459 365 531 μηδ’
418 466 476 514 ἐν
517 461 851 527 τραγῳδίαις
902 457 1033 529 μηδ’
1095 466 1154 515 ὲν
1212 472 1328 524 τοῖς
1387 458 1578 523 ἄλλοις
1636 456 1936 527 ποιήμασιν

237 552 487 609 sig-‹xysta›
519 541 712 612 “Hpav
760 542 1133 614 ἠλλοιωμένην
1176 543 1249 608 ὡς
1293 549 1494 613 ἱέρειαν
1535 542 1873 612 ἀγείρουσαν

356 627 574 698 Ἰνάχου
614 625 862 697 Ἀργείου
911 630 1171 698 ποταμοῦ
1215 639 1407 683 παισὶν
1450 626 1774 698 βιοδώροις·

145 706 194 759 Ε
233 716 323 767 καὶ
355 704 513 766 ἄλλα
546 712 799 765 τοιαῦτα
844 712 1022 766 πολλὰ
1068 713 1144 782 μὴ
1181 710 1311 784 ἡμῖν
1342 715 1766 786 ψευδέσθωσαν.
1811 710 1929 780 μηδ’

233 789 305 852 αὗ
352 794 461 851 ὑπὸ
511 794 725 850 τούτων
767 794 1223 865 ἀναπειθόμεναι
1270 802 1329 851 αἱ
1371 804 1597 867 μητέρες
1639 794 1709 849 τὰ
1742 797 1936 850 παιδία

232 878 720 950 ἐκδειματούντων,
766 883 1021 948 λέγουσαι
1066 880 1197 943 τοὺς
1224 881 1452 950 μύθους
1479 881 1676 948 κακῶς,
1724 878 1796 942 ὡς
1823 878 1935 949 ἄρα

232 970 365 1021 θεοί
423 985 565 1027 τινες
618 970 997 1035 περιέρχονται
1051 967 1264 1036 νύκτωρ
1326 970 1552 1029 πολλοῖς
1611 965 1784 1030 ξένοις
1845 968 1936 1019 καὶ

230 1052 615 1112 παντοδαποῖς
661 1048 1083 1119 ἰνδαλλόμενοι,
1144 1056 1234 1104 ἴνα
1280 1047 1355 1119 μὴ
1401 1046 1524 1119 ἅμα
1567 1052 1667 1119 μὲν
1714 1055 1789 1112 εὶς
1832 1053 1934 1103 θε-

230 1132 330 1199 οὺς
368 1135 766 1207 βλαφημῶσιν,
824 1131 945 1204 ἅμα
991 1137 1047 1188 δὲ
1092 1134 1220 1199 τοὺς
1262 1139 1468 1198 παῖδας
1509 1131 1936 1203 ἀπεργάζωνται

231 1223 592 1287 δειλοτέρους.
684 1215 786 1283 Μὴ
832 1218 958 1287 γάρ,
1003 1223 1125 1292 ἔφη.
1207 1217 1358 1272 Ἀλλ’
1410 1211 1545 1289 ἆρα,
1591 1210 1662 1284 ἦν
1711 1216 1765 1273 δ’
1818 1218 1937 1286 ἐγώ,

228 1303 394 1358 αὐτοὶ
451 1306 554 1371 μὲν
611 1307 664 1358 οἱ
721 1304 855 1357 θεοί
896 1309 1030 1357 εἰσιν
1076 1301 1185 1358 οἷοι
1228 1301 1305 1371 μὴ
1349 1301 1747 1373 μεταβάλλειν,
1802 1299 1935 1372 ἡμῖν

228 1391 285 1443 δὲ
331 1389 560 1442 ποιοῦσι
603 1389 785 1442 δοκεῖν
827 1390 979 1460 σφᾶς
1013 1385 1418 1450 παντοδαποὺς
1441 1389 1771 1459 φαίνεσθαι,
1815 1388 1935 1454 ἐξα-

230 1474 514 1536 πατῶντες
556 1475 647 1526 καὶ
693 1469 1084 1539 γοητεύοντεςς
1158 1472 1344 1534 Ἴσως,
1388 1475 1512 1546 ἔφη.
1609 1471 1682 1527 Τι’
1727 1475 1811 1538 δέ;
1867 1462 1935 1538 ἦν

345 1639 452 1694 Cap..
473 1639 571 1682 XX.
636 1637 685 1681 D.
748 1634 937 1676 παισὶν
970 1631 1277 1689 βιοδώροις]
1312 1636 1490 1679 Comar.
1524 1637 1634 1678 conl.
1667 1640 1770 1688 βίου
1801 1637 1939 1692 δῶρα,

230 1697 402 1742 Monac.
434 1699 528 1751 βίον
565 1692 734 1750 δώροις.

232 1839 265 1879 si
297 1837 494 1879 Thetidis
513 1837 927 1880 transformationes
948 1846 1038 1877 me·

232 1902 426 1937 moratae
472 1897 672 1949 fuerunt,
742 1908 825 1937 non
874 1894 1040 1943 dubito,

230 1957 334 2007 quin
377 1954 659 2007 philosophus
704 1955 939 2007 praecipue
986 1953 1040 1995 ‹le

234 2018 425 2054 Ascraeo
459 2013 738 2065 cogitaverit.

291 2097 550 2151 Πρωτέως
590 2121 643 2128 -
699 2095 1039 2148 καταψευδέ-

232 2154 380 2209 σθω]
427 2154 489 2196 de
533 2159 730 2197 Proteo
777 2156 917 2195 salsa
953 2166 1038 2194 co-

229 2213 578 2264 miniscatnr3
628 2229 670 2258 v.
719 2213 773 2255 ad
818 2211 1034 2254 Phaedon.

226 2283 269 2324 p.
301 2269 372 2315 85.
407 2276 456 2312 A.

286 2356 729 2412 εἷςαγέτωἽῚραν
762 2355 1033 2408 ἤλλοιωμ.]

228 2412 486 2455 Timaeus
519 2416 668 2459 Gloss.
693 2429 732 2469 p.
755 2417 804 2459 9:
835 2413 1034 2466 ἀγείρου-

228 2481 332 2512 σαν·
384 2470 442 2518 ὡς
490 2472 648 2524 ἱέρειαν
688 2475 1035 2527 περιερχομένην.

227 2529 369 2571 Recte
401 2530 467 2571 hic
497 2531 654 2582 ἱέρειαν
693 2531 748 2572 ad
780 2530 1039 2586 ἀγείρουσαν

227 2587 378 2637 refert,
400 2600 484 2628 non
505 2588 559 2628 ad
582 2586 887 2641 ἠλλοιωμένην,
920 2587 1036 2639 qnod

227 2645 502 2698 faciuntzqui
543 2657 638 2687 cum
690 2646 873 2699 vulgatis
914 2644 1037 2699 editt.

228 2707 330 2756 post
369 2704 531 2757 ἱέρειαν
570 2703 853 2757 distinguunt.
929 2702 1036 2744 Nam

227 2761 334 2803 luno
405 2761 585 2813 dicitur,
655 2767 822 2802 mutata
899 2761 1035 2813 figura

229 2817 560 2871 (ἧλλοιωμένη),
593 2823 796 2871 tanquam
830 2818 1038 2859 sacerdos

230 2876 387 2928 stipem
420 2877 670 2917 mendicans
701 2878 741 2917 in
765 2886 938 2917 scenam
973 2878 1038 2916 in-

231 2933 363 2973 ducta
405 2947 518 2989 ess-e.
598 2934 656 2975 Et
703 2935 801 2988 quis
849 2946 1032 2986 uuquam

231 2990 341 3030 dixit
395 2989 692 3032 ἀλλοιοῦσθαι
737 2990 795 3038 ὥς
846 2990 1039 3046 ἱέρειανῖ

231 3047 390 3089 Totum
422 3049 561 3090 locum
605 3050 779 3103 egregie
810 3049 1040 3091 illustravit

229 3104 502 3148 Ruhnken
547 3106 599 3147 ad
642 3106 756 3149 Tim.
797 3108 821 3148 Ι.
858 3118 924 3158 c.‚
964 3106 1035 3158 qui

229 3168 275 3204 et
305 3162 359 3203 de
391 3163 693 3205 sacerdotibus
725 3163 880 3217 stipem
913 3175 1034 3204 men-

228 3219 470 3273 dicantibus
515 3222 739 3274 exposuit,
781 3227 825 3263 et
853 3221 1033 3263 verbnm

227 3276 414 3332 ἀγείρειν
459 3290 538 3330 pro
584 3277 1033 3320 mendicando

229 3335 515 3387 colligere
546 3341 798 3389 usurpatum
821 3336 1032 3390 exemplis

230 3391 512 3444 confirmavit,
547 3397 592 3435 et
621 3394 718 3446 quis
755 3394 812 3434 sit
843 3394 914 3435 ille
946 3400 1032 3434 tra-

1127 1833 1274 1890 gicus,
1327 1846 1452 1886 quem
1498 1836 1621 1876 Plato
1666 1837 1933 1888 perstrinxe-

1127 1895 1208 1942 rit,
1263 1891 1567 1933 demonstrare
1614 1898 1796 1933 conatus
1850 1898 1931 1935 est.

1128 1952 1390 2000 Quanquam
1438 1949 1477 1990 in
1527 1957 1745 2003 postrema
1808 1957 1932 2003 parte

1048 2048 1049 2051 ,
1125 2022 1198 2050 res
1247 2008 1288 2049 ei
1341 2007 1476 2048 cessit
1540 2009 1681 2049 minus
1730 2008 1930 2050 feliciter.

1127 2063 1364 2107 Contendit
1432 2065 1542 2106 enim
1609 2067 1673 2107 vir
1733 2068 1934 2118 egregius

1128 2121 1461 2175 Sophoclem
1496 2123 1699 2176 intelligi,
1737 2125 1804 2164 cui
1840 2125 1931 2165 Pla-

1126 2188 1272 2223 tonem
1313 2180 1444 2221 fuisse
1485 2181 1749 2234 iniquiorem.
1773 2182 1931 2235 proha-

1124 2239 1267 2282 biliter
1295 2237 1580 2291 disputaverit
1614 2239 1930 2281 Valckenar.

1122 2297 1176 2337 ad
1221 2295 1437 2339 phoeniss,
1485 2310 1524 2337 v.
1565 2296 1716 2347 1628„
1761 2310 1929 2339 versum

1122 2361 1271 2395 autem
1314 2354 1440 2394 istum
1482 2358 1709 2410 sumptum
1748 2367 1848 2395 esse
1878 2369 1931 2395 ex

1124 2411 1346 2460 lnacho,
1407 2410 1548 2452 fabula
1592 2418 1752 2466 poetae
1812 2418 1931 2465 saty-

1117 2470 1230 2513 rica.
1293 2473 1355 2510 At
1385 2470 1495 2510 enim
1516 2482 1623 2512 vero
1642 2483 1780 2524 neque
1813 2476 1932 2511 recte

1129 2528 1527 2569 Valckenarius
1568 2527 1623 2569 de
1656 2529 1846 2570 Platonis
1890 2529 1929 2568 in

1123 2586 1390 2638 Sophoclem
1442 2586 1584 2627 animo
1627 2587 1830 2627 statuisse
1867 2587 1929 2627 vi·

1125 2644 1279 2694 detur,
1319 2648 1365 2683 ut
1409 2642 1559 2684 docuit
1599 2643 1832 2687 Boeckh.
1875 2644 1928 2684 ad

1126 2701 1264 2754 Legg.
1284 2714 1324 2754 p.
1348 2700 1463 2750 182..
1498 2706 1542 2742 et
1574 2702 1648 2742 De
1681 2702 1929 2742 Graecae

1123 2757 1376 2811 tragoed.
1433 2760 1664 2812 princip.
1722 2773 1761 2813 p.
1812 2758 1928 2810 182„

1122 2829 1268 2869 neque
1299 2828 1450 2857 verum
1485 2822 1552 2857 est
1584 2829 1754 2858 versum
1790 2819 1927 2857 aPla-

1122 2880 1228 2916 tone
1287 2874 1507 2915 laudatum
1565 2874 1770 2927 Sophocli
1831 2887 1929 2914 esse

1121 2931 1424 2981 tribuendum,
1461 2943 1589 2982 quem
1625 2931 1815 2984 Euripidi
1847 2944 1927 2984 po-

1121 2990 1209 3030 tius
1259 2994 1337 3029 aut
1381 2987 1592 3040 Aeschylo
1647 2989 1928 3030 vindicaverit

1121 3047 1389 3089 Valckeu.
1434 3045 1613 3086 Diatrib.
1653 3046 1708 3088 de
1753 3045 1927 3100 Fragm.

1119 3104 1265 3157 Eurip.
1308 3118 1348 3157 p.
1395 3103 1461 3146 11-
1494 3126 1551 3133 --
1610 3102 1925 3156 βιοδώροις,

1117 3162 1296 3209 almis,
1329 3160 1547 3213 epitheton
1577 3160 1740 3213 Inachi,
1774 3166 1927 3214 utpote

1119 3218 1248 3267 fluvii,
1279 3218 1374 3259 filiis
1406 3218 1877 3261 convenientissimum.

1175 3276 1226 3317 E.
1264 3276 1922 3331 περιέρχονται-ἰνδαλ-

1117 3331 1379 3388 λόμενοι]
1448 3334 1584 3374 deos
1658 3333 1920 3388 quosdam

1116 3395 1278 3433 noctu
1328 3392 1742 3444 circumvagari
1799 3394 1923 3434 mul-
