2098 3658
212 182 314 233 ⁶206
822 172 1314 229 PLATONIS

216 329 279 402 τῇ
329 325 475 399 ψυχῇ
522 318 723 392 ἄγνοια
793 319 825 387 ἡ
883 323 985 377 τοῦ
1031 327 1396 394 ἐψευσμένου·
1454 321 1567 373 ἐπεὶ
1623 316 1688 373 τό
1746 340 1804 388 γε
1860 326 1919 376 ὲν

215 419 331 472 τοῖς
374 406 556 474 λόγοις
597 403 815 478 μίμημά
864 426 917 458 τι
948 400 1164 459 -τοῦὲν
1211 407 1277 480 τῇ
1324 406 1475 480 ’ψυχῇ
1508 410 1618 457 ἐστι
1643 402 1922 474 παθήμα-

215 516 310 555 τος
354 494 445 545 καὶ
487 488 721 559 ὕστερον
765 487 992 557 γεγονὸς
1035 489 1288 550 εἴδωλον,
1343 487 1410 542 οὐ
1466 486 1616 542 πάνυ
1669 484 1920 558 ἄκρατον

219 578 445 651 ψεῦδος.
488 571 522 641 ἢ
569 572 670 646 οὐχ
715 572 929 639 οὗτωςς-
1013 572 1177 627 ῙΙάνυ
1215 575 1318 643 μὲν
1363 564 1482 629 οὖν.
1572 569 1920 648 Cap.·XXl.

161 668 169 686 ¹
229 657 305 714 Τὸ
365 657 589 732 μὲν-δὴ
646 661 722 729 τῷ
780 655 902 712 ὄντι
957 661 1168 734 ψεῦδος
1218 654 1283 711 οὐ
1343 656 1531 726 μόνον’
1573 654 1682 710 ὑπὸ
1745 660 1921 729 θεῶν,

218 743 361 798 ἀλλὰ
423 746 516 797 καὶ
568 741 664 797 ὑπ’
727 739 1055 812 ἀνθρώπων
1097 751 1352 811 μισεῖται.
1440 748 1602 797 Δοκεῖ
1642 763 1756 810 μοι.
1851 742 1924 799 Τί.

220 832 276 883 δὲ
323 827 425 899 δήῇ
474 825 535 882 τὸ
582 833 641 882 ἐν
685 835 800 890 τοῖς
844 825 1033 895 λόγοις
1088 828 1297 902 ψεῦδος
1354 823 1488 881 πότε
1530 828 1621 879 καὶ
1668 829 1745 895 τῷ
1787 827 1924 899 χρή-

221 931 414 981 σιμον,
459 907 593 975 ὥςτε
638 909 714 981 μὴ
758 907 918 977 ἄξιον
961 909 1100 965 εἶναι
1143 914 1370 980 patrous-3
1415 902 1515 981 ἆρ’
1568 908 1633 964 οὐ
1681 909 1821 982 πρός
1866 933 1922 967 τε

223 993 355 1061 τοὺς
383 1000 696 1067 Δ-στολεμιόυς
721 998 829 1050 -καὶ
873 996 985 1049 τῶν
1030 997 1381 1064 καλουμένων
1402 999 1598 1070 φίλων,
1645 991 1785 1049 ὅταν
1829 995 1920 1051 διὰ

340 1161 392 1206 Β.
453 1159 651 1213 ἄγνοια
699 1157 724 1211 ἦ
771 1161 878 1208 stoi?
922 1157 1294 1211 ἐψευσμένου]
1344 1158 1504 1210 AngeI.
1541 1162 1623 1199 τοῦ
1660 1161 1925 1213 ἑψευσμένυυ

219 1218 397 1273 ἄγνοια,
436 1218 598 1259 omisso
631 1215 683 1268 ἡ,
729 1217 839 1257 sicut
870 1216 997 1257 etiam
1030 1215 1147 1258 Flor.
1179 1228 1221 1258 x,
1253 1221 1297 1256 et
1330 1216 1489 1260 Euseb.
1525 1217 1670 1258 Astius
1702 1231 1781 1270 pro
1812 1216 1835 1269 ἦ
1870 1219 1926 1262 de

221 1277 469 1319 coniectura
503 1286 583 1316 sua
614 1275 787 1327 scripsit
818 1276 886 1329 τῇ.
948 1271 1037 1314 Sed
1067 1272 1168 1313 nihil
1201 1273 1484 1323 mutandum3
1513 1287 1554 1315 v.
1586 1275 1761 1329 interpr.

339 1333 448 1384 Cap.
482 1331 607 1374 XXI.
669 1331 719 1375 C.
780 1332 867 1372 καὶ
897 1334 964 1385 τῷ
993 1328 1294 1384 χρήσιμον]
1327 1329 1384 1384 τῷ
1414 1333 1513 1375 Par.
1547 1333 1703 1377 ΑΒΚ.
1741 1334 1836 1375 Vnt.
1871 1332 1926 1378 Θ.

223 1393 336 1433 Ven.
372 1390 430 1430 Π.
461 1390 582 1432 Μοη.
616 1389 732 1431 Flor.
763 1392 805 1442 β.
838 1406 880 1444 y.
942 1389 1089 1441 Vulgo
1127 1390 1173 1428 τί
1205 1388 1435 1444 χρήσιμον.

223 1453 353 1490 τοῦτο
381 1461 453 1502 χρ.

1497 1391 1587 1432 Ani
1628 1391 1723 1432 libri
1764 1391 1815 1432 τὰ
1857 1395 1925 1438 vel

341 1506 427 1545 καὶ
457 1508 556 1545 τῶν
585 1503 931 1556 καλουμένων
964 1500 1158 1557 φίλων]
1193 1501 1312 1544 Μοη.
1345 1517 1432 1547 rec.
1466 1505 1691 1546 etEuseb.
1723 1510 1825 1559 post
1855 1507 1928 1558 φί-

227 1565 308 1602 λων
352 1562 517 1604 addunt
555 1559 687 1608 τινάς,
730 1561 848 1605 Flor.
885 1574 923 1604 a.
957 1573 994 1603 c.
1034 1564 1078 1601 et
1119 1573 1230 1602 corr.
1273 1562 1421 1614 Augei.
1462 1563 1533 1601 καὶ
1572 1561 1679 1608 τοὺς
1717 1565 1927 1619 καλουμέ-

230 1635 325 1666 νους
356 1621 521 1669 φίλους.
584 1619 729 1660 Ceteri
762 1632 914 1661 omnes
946 1618 1000 1659 de
1031 1618 1144 1672 vulg.
1177 1620 1473 1674 consentiunt3
1510 1633 1548 1664 v.
1583 1621 1783 1673 explicat.

344 1677 487 1718 ὅταν
528 1675 617 1718 διὰ
659 1679 868 1731 μανίαν
906 1674 934 1728 ἤ
976 1689 1106 1715 τινα
1136 1675 1219 1729 -—]
1266 1677 1392 1719 Istud
1427 1676 1537 1719 ὅταν
1574 1678 1782 1721 audacter
1811 1679 1930 1722 Her-

228 1819 637 1871 Schneiderus,
699 1821 800 1860 loco
862 1819 1038 1861 minime

233 1879 481 1929 intellecto,
528 1879 858 1930 interpretatur:
911 1878 1038 1917 eius

233 1936 322 1989 qui
366 1935 634 1977 mentitus
689 1939 776 1976 est
819 1948 854 1975 s.
904 1947 1040 1975 men-

234 1994 343 2038 titi.
405 1993 614 2035 Nimirum
659 1991 930 2033 mendacium
963 2004 1042 2046 per

235 2065 283 2092 se
316 2056 382 2092 est
401 2052 548 2101 animi,
580 2051 666 2102 qui,
697 2062 825 2102 quum
858 2048 911 2089 τὰ
933 2046 1042 2096 ὄντα

236 2121 504 2163 cognoscere
536 2107 726 2159 studeat,
757 2105 951 2149 fraudem
992 2120 1042 2148 ea

234 2168 276 2209 in
309 2180 354 2208 re
385 2164 578 2208 admittit
607 2171 739 2218 atque
768 2165 956 2217 suffitur,
996 2170 1044 2206 ut

231 2237 317 2267 non
351 2223 709 2276 assequatur'id,
741 2222 858 2276 quod
889 2235 1040 2266 verum

232 2289 313 2324 est.
356 2280 470 2322 conf.
517 2279 715 2334 Sophistss
765 2294 808 2334 p.
849 2281 949 2325 228.
989 2281 1042 2321 Β.

231 2342 280 2382 In
323 2352 411 2392 quo
455 2343 579 2391 patet
618 2339 808 2390 ψεῦδος,
849 2343 896 2379 ut
941 2339 1039 2380 Lat.

231 2399 399 2447 fraus,
434 2396 516 2437 dici
543 2396 596 2438 de
629 2397 785 2438 mentis
818 2397 1041 2439 inscientia

233 2468 317 2496 non
358 2454 595 2495 voiuntaria
637 2462 680 2495 et
725 2468 747 2495 a
780 2467 884 2496 vero
916 2455 1041 2496 aber-

232 2512 429 2563 ratione,v
449 2518 496 2553 ut
526 2512 574 2552 fit
602 2513 763 2565 passim
798 2512 911 2565 apud
937 2512 1041 2554 Pia-

232 2575 397 2612 tonem.
463 2569 576 2611 Huic
615 2574 763 2611 autem
798 2571 1039 2623 mendacio,

231 2628 347 2681 quod
407 2634 476 2669 est
522 2628 565 2668 in
622 2627 752 2668 animi
798 2628 1042 2680 inscientia,

232 2685 513 2741 philosophus
555 2688 557 2691 “
593 2685 797 2727 continuo
859 2687 1042 2740 opponit

231 2742 501 2786 mendacium
536 2742 725 2783 verbis
757 2748 823 2785 et·
846 2757 1040 2786 sermo-

231 2815 295 2842 ne
327 2805 648 2855 expromptnm,
683 2801 800 2853 quod
834 2802 1037 2854 quoniam

233 2857 348 2900 iliam
368 2858 601 2911 nescientis
623 2858 915 2901 conditionem
944 2860 1040 2902 imi-

234 2921 350 2956 tatur
395 2923 441 2958 et
493 2915 547 2957 ad
590 2916 1040 2969 primitivimendacii

234 2974 554 3017 similitudinem
577 2986 625 3015 se
650 2975 886 3027 componit,
918 2975 1041 3028 quasi

234 3030 447 3082 quandam
482 3032 712 3083 imaginem
739 3032 849 3072 iilius
881 3032 1042 3074 haben-

235 3087 335 3128 dum
383 3102 479 3128 esse
539 3089 789 3133 arbitratur.
867 3089 1040 3132 Etenim

235 3145 376 3187 oratio
421 3145 519 3187 nihii
553 3151 620 3187 est
652 3144 782 3188 aliud¹
805 3147 885 3188 nisi
919 3161 1040 3189 men-

236 3203 292 3243 tis
324 3201 483 3255 imago,
516 3208 562 3243 ut
592 3206 817 3256 praeclare
855 3204 1041 3247 docetur

239 3261 278 3300 in
311 3258 505 3306 Sophist.
544 3273 584 3312 p.
616 3261 720 3306 263.
752 3261 807 3303 E.
1034 3303 1038 3307 ,

285 3316 400 3370 Cap.
436 3315 554 3360 XXI.
606 3317 656 3361 C.
705 3316 838 3360 πότε
872 3318 960 3360 καὶ
990 3320 1045 3360 τί

233 3372 547 3429 χρήσιμον]
597 3375 798 3416 Astius
847 3375 901 3419 de
942 3389 1040 3420 sen-

237 3430 370 3472 tentia
412 3430 603 3474 iaudavit
636 3434 875 3474 Aristot.
903 3434 1042 3477 Ethic.

1121 1816 1290 1859 Nicom.
1318 1817 1401 1861 IV.
1433 1818 1503 1862 15.
1565 1819 1672 1861 Dein
1705 1833 1789 1860 non
1821 1822 1930 1861 mul-

1122 1879 1214 1916 tum
1257 1874 1390 1916 refert
1427 1880 1486 1932 τῷ
1527 1888 1579 1917 an
1631 1878 1678 1916 τί
1713 1876 1931 1932 χρήσιμον

1125 1934 1305 1986 legatur.
1366 1933 1476 1975 Nam
1515 1935 1562 1974 τί
1585 1949 1825 1988 χρησιμων,
1865 1934 1928 1978 ad

1123 1991 1256 2042 quid
1290 1992 1462 2043 utile,
1497 1991 1653 2033 dicitur
1682 1991 1857 2036 Charm.
1888 2007 1930 2047 p.

1125 2047 1224 2092 165.
1258 2048 1308 2091 D.
1345 2049 1493 2102 Lysid.
1529 2062 1571 2102 p.
1599 2050 1699 2093 220.
1733 2050 1782 2091 C.
1816 2053 1930 2093 Ari-

1127 2105 1308 2159 stoph.
1356 2107 1496 2150 Nubb.
1532 2106 1587 2165 fv.
1631 2108 1738 2151 203:
1798 2109 1929 2151 ταῦτ’

1127 2159 1209 2204 οὖν
1238 2163 1285 2203 τί
1300 2165 1388 2205 ἔστι
1401 2163 1644 2220 χρήσιμον;
1687 2167 1776 2208 Sed
1799 2167 1930 2211 codd.

1127 2222 1279 2276 optimi
1311 2228 1394 2277 τῷ,
1428 2223 1466 2265 h.
1501 2237 1539 2265 e.
1571 2224 1678 2275 -tln3
1719 2224 1837 2277 quod
1869 2226 1931 2266 sic

1126 2280 1440 2332 interrogatur,
1475 2283 1576 2334 qnia
1610 2281 1768 2325 deinde
1799 2283 1929 2325 etiam

1126 2338 1361 2379 amicorum
1394 2340 1578 2380 iniicitnr
1618 2342 1796 2382 mentio.
1859 2341 1932 2382 Sic

1126 2398 1185 2450 τῷ
1220 2410 1298 2449 pro
1330 2398 1416 2437 τίνι
1439 2397 1485 2438 in
1530 2402 1648 2438 recta
1687 2399 1931 2452 interroga-

1127 2454 1246 2495 tione
1316 2455 1500 2506 positnm
1559 2469 1626 2508 ap.
1687 2455 1929 2510 Xenopb.

1128 2511 1260 2557 Mem.
1304 2514 1379 2556 lV.
1420 2513 1474 2564 4,
1516 2514 1584 2557 17.
1627 2516 1710 2553 τίνι
1742 2517 1932 2568 --,·’τῷ

1127 2584 1201 2620 --;
1239 2569 1265 2621 ἢ
1297 2573 1393 2611 τίνα
1433 2570 1615 2630 νομίζεις
1645 2572 1758 2616 Ibid.
1789 2570 1860 2614 lv.
1891 2571 1933 2620 5,

1126 2627 1204 2671 10:
1234 2632 1302 2682 ῥτῷ
1331 2626 1414 2682 γὰρ
1447 2627 1504 2668 ἂν
1529 2632 1663 2681 ἧττον
1693 2628 1934 2682 φήσαιμενς

1125 2699 1241 2732 κ.,τ.
1282 2686 1321 2726 λ.
1378 2687 1658 2739 Aristoph.
1700 2688 1844 2732 Piut.
1889 2699 1930 2727 v.

1121 2742 1194 2786 44.
1264 2744 1521 2796 Quanquam
1544 2744 1775 2799 'sdubitare
1827 2745 1934 2788 licet

1126 2814 1228 2842 num
1270 2803 1315 2841 τί
1349 2803 1535 2843 universi
1578 2803 1662 2842 ioci
1692 2802 1933 2843 sententiae

1126 2861 1182 2900 sit
1212 2860 1536 2916 convenientius
1616 2865 1662 2900 ut
1693 2871 1829 2912 prope
1861 2872 1932 2899 sn-

1127 2917 1365 2970 spicemur,
1419 2917 1657 2961 critic'os
1697 2917 1930 2963 dictionem

1126 2975 1334 3016 rariorem
1392 2979 1558 3018 temere
1605 2975 1838 3017 mutavisse
1893 2975 1933 3016 in

1127 3029 1341 3074 usitatius.

1135 3086 1270 3145 [inl
1309 3093 1411 3130 τῶν
1449 3092 1805 3142 καλουμένων
1855 3086 1935 3140 φί-

1127 3143 1254 3200 λων]
1306 3149 1538 3190 Genitivus
1593 3162 1669 3200 per
1729 3147 1934 3190 anacolu-

1127 3200 1230 3246 thon
1264 3204 1481 3258 quoddam
1516 3205 1813 3258 explicandus,
1847 3205 1934 3245 De·-

1128 3263 1259 3303 bebat
1305 3263 1412 3305 enim
1455 3265 1518 3305 sic
1550 3264 1638 3304 fere
1680 3265 1819 3316 pergi:
1865 3259 1935 3300 καὶ

1127 3324 1210 3361 τῶν
1239 3321 1329 3363 καλ.
1362 3321 1494 3375 φίλων
1524 3317 1795 3371 ἓι·εκα,“ὃ’ταν
1827 3336 1862 3360 κ.
1893 3333 1933 3358 τ.

1131 3380 1167 3421 λ.
1229 3375 1348 3420 [stud
1387 3380 1502 3421 ἕνεκα
1533 3392 1638 3420 vero
1670 3380 1752 3419 iam
1773 3377 1933 3418 inani-

1130 3447 1201 3476 mo
1236 3433 1397 3479 habens
1428 3438 1639 3491 scriptor,
1682 3436 1933 3489 praemissa.

2067 923 2082 957 72⁷

2069 983 2082 1013 ’φ
