2098 3658
264 163 331 211 84
866 154 1346 209 PLATOle

267 302 510 369 ποιήσω;
555 301 588 367 ἢ
648 309 723 366 εἰς
786 299 887 368 τὴν
945 300 1132 374 ψυχὴν
1175 308 1356 376 φέρων
1401 304 1554 357 ἐνθῶ
1602 301 1701 356 τὸν
1747 303 1948 374 λόγονς

270 387 375 442 Μὰ
437 385 518 441 Δί’
545 427 560 454 ,
618 378 688 451 ἦν
734 384 782 441 δ’
833 385 964 455 ἐγώ,
1009 385 1086 456 μὴ
1133 386 1200 441 σύ
1245 405 1336 455 γε
1382 383 1528 440 ἀλλὰ
1573 389 1796 457 πρῶτον
1835 394 1950 458 μέν,

269 469 305 524 ἃ
349 467 421 524 ἂν
467 485 633 546 ειπης,
679 473 869 540 ἕμιιενε
915 470 1151 535 τούτοις,
1196 467 1351 537 ἢὲὰν
1378 473 1953 546 μετατιθῆ,φανερῶς

270 558 611 622 μετατίθεσο
665 573 756 612 και
823 553 969 625 ἡμᾶς
1020 552 1096 625 μὴ
1143 554 1408 621 ἐξαπάτα.
1455 558 1556 608 νῦν
1602 558 1658 609 δὲ
1702 554 1864 627 ὁρᾷς,
1909 548 1948 609 ὦ

275 636 622 737 Θρασύμαχε,
652 643 727 694 ἔτι
757 637 866 711 γὰρ
900 637 968 693 τα
1001 643 1324 710 ἔμπροσθεν
1373 637 1823 714 ἐπισκεψώμεθα,
1865 637 1955 694 ὅτι

256 720 372 799 ἱτὸν
426 720 499 786 ὡς
543 723 793 790 άληθῶς
848 721 1044 793 ἰατρὸν
1102 721 1164 779 τὸ
1224 726 1446 793 πρῶτον
1491 722 1809 822 ὁριζόμενος
1852 726 1954 779 τὸν

268 804 343 870 ὡς
385 806 624 873 ἀληθῶς
666 816 900 879 ποιμένα
958 807 1135 863 οὐκέτι
1195 805 1308 877 ῲου
1355 811 1467 863 δεῖν
1518 806 1753 879 ὕστερον
1798 807 1955 878 ἀκρι-

267 893 380 961 βῶς
418 890 680 965 φυλάξαι,
712 891 858 947 ἀλλὰ
897 897 1208 962 ποιμαίνειν
1255 891 1356 948 οἴει
1378 890 1554 947 αὐτὸν
1579 891 1649 946 τοὶ
1675 892 1953 963 πρόβατα,

269 973 402 1030 καθ’
455 973 594 1030 ὅσον
637 977 849 1048 ποιμήν
891 983 1056 1040 ἐστιν,
1092 976 1158 1032 οὐ
1205 975 1342 1046 πρὸς
1387 975 1449 1032 τὸ
1498 979 1608 1031 τῶν
1653 977 1955 1048 προβάτων

263 1062 554 1130 ,βέλτιστον
598 1063 904 1129 βλέποντα,
952 1059 1066 1115 ἀλλ’
1118 1059 1293 1129 ὥςπερ
1339 1060 1648 1130 δαιτυμόνα
1694 1061 1818 1116 τινὰ
1863 1064 1955 1116 καὶ

265 1147 537 1214 μέλλοντα
581 1143 951 1202 ἑστιάσεσθαι
1014 1141 1154 1215 πρὸς
1199 1144 1300 1211 τὴν
1351 1144 1598 1216 εὐωχίαν,
1621 1142 1654 1211 ἢ
1700 1138 1772 1200 αὖ
1817 1144 1957 1214 πρὸς

267 1226 728 1296 τὸγάποὸόσθαι,
771 1229 948 1302 ὥςπερ
984 1228 1388 1301 χρηματιστήν,
1423 1227 1537 1283 ἀλλ’
1591 1229 1659 1284 οὐ
1704 1235 1954 1303 ποιμένα.

383 1453 410 1510 ἢ
439 1455 518 1497 εἰς
548 1454 641 1510 τὴν
671 1454 878 1512 ψυχὴν]
913 1458 1067 1498 Aetius
1100 1470 1210 1499 corr.
1240 1450 1279 1511 ἦ.

379 1524 405 1569 ἃ
438 1524 498 1568 ἂν
528 1529 708 1581 εἴπῃς]
755 1529 830 1569 Sic
875 1529 973 1570 Par.
1017 1530 1072 1569 A.
1106 1529 1218 1572 Ven.
1253 1527 1299 1570 H
1343 1527 1497 1570 Ambr.
1530 1528 1649 1580 Ang.
1682 1523 1801 1565 Flor.
1839 1535 1877 1565 a.
1909 1522 1951 1562 b.

266 1599 302 1626 c.
336 1600 376 1627 α.
407 1600 445 1639 y.
480 1587 622 1628 Prave
654 1593 757 1627 ante
791 1586 982 1631 Bekker.
1014 1587 1290 1628 scribebatur
1320 1586 1471 1630 εἴποις,

381 1657 431 1699 C.
493 1654 623 1700 ἀλλὰ
664 1660 979 1710 ποιμαίνειν
1023 1658 1153 1712 οὶέι]
1193 1658 1295 1700 Par.
1333 1660 1390 1701 A.
1435 1659 1630 1698 πιαίνειν.
1671 1654 1793 1696 Flor.
1833 1665 1877 1693 x.
1917 1665 1956 1692 a.

910 1718 1028 1757 Illud
1076 1717 1258 1757 πιαίνειν
1303 1717 1469 1769 recepit
1510 1717 1750 1757 Hermann.
1790 1716 1956 1752 ceteras

1389 1775 1479 1815 Sed
1520 1774 1597 1826 qui
1637 1772 1783 1811 locum
1821 1770 1959 1809 citant

1499 1832 1618 1872 Dein
1649 1829 1802 1869 Ambr.
1833 1826 1957 1869 Flor.

263 1716 417 1757 Ambr.
456 1716 576 1770 Ang.
631 1716 844 1769 παχύνειν.

264 1775 477 1815 lectiones
522 1782 645 1816 ratus
686 1788 739 1815 ex
780 1777 1044 1827 glossemate
1083 1776 1319 1828 prodiisse.

265 1833 504 1885 scriptores
546 1835 842 1901 posteriores,
887 1835 919 1874 ii
956 1835 1158 1886 legerunt
1189 1834 1440 1883 ποιμαίνειν.

1149 1971 1411 2011 niendum
1460 1972 1684 2022 putasti
1738 1975 1816 2011 ctr.
1886 1969 1956 2009 Ex

1149 2042 1236 2096 qna
1274 2029 1642 2080 interpretatione
1700 2027 1776 2069 De
1824 2026 1957 2068 Gee-

1147 2088 1270 2127 rius
1293 2087 1480 2126 Diatrib.
1501 2087 1554 2126 de
1582 2087 1712 2127 Polit.
1740 2087 1955 2127 platonio.

325 1972 373 2012 Β.
422 1970 504 2012 Μὰ
542 1967 636 2020 Δί’,
675 1997 729 2002 -
761 1969 827 2025 μὴ
862 1968 927 2012 ου’
958 1985 1033 2040 ys·
1043 1972 1062 2025 ]

262 2029 451 2101 Eurip.
492 2030 659 2071 Hecub.
700 2045 741 2071 v,
782 2029 887 2074 408·
921 2044 972 2082 μη
1010 2027 1063 2070 σύ

263 2082 317 2140 y’·
354 2083 407 2127 οὐ
439 2085 522 2159 γὰρ
556 2086 1061 2140 ἅξιον.1)ὴοεηίες.ν.

261 2144 370 2188 542:
419 2148 459 2185 τί
495 2146 571 2200 τῆς
615 2147 837 2215 κακίστης
846 2141 1064 2196 δαιμόνων

263 2201 454 2254 ἐφίεσαι,
496 2205 756 2255 φιλοτιμίας
804 2197 838 2244 ὦ
879 2209 972 2244 παῖ·
1005 2200 1061 2257 μὴ

266 2258 322 2301 ου’
359 2256 418 2315 γ’·
463 2259 613 2302 ἄδικος
653 2258 678 2316 ἦ
716 2259 842 2302 θεός.
904 2263 1063 2303 Anti·

261 2319 414 2372 phon
463 2320 516 2360 de
572 2322 704 2361 caede
766 2321 956 2361 Herod.:
1005 2315 1061 2373 μὴ

262 2373 382 2427 ὑμεῖς
413 2391 473 2430 γε,
499 2371 534 2417 ὦ
555 2376 730 2431 ἄνδρες·
765 2373 865 2418 ἀλλὰ
898 2375 996 2418 δότε
1026 2391 1062 2417 τι

262 2435 330 2474 καὶ
350 2449 404 2475 τω
425 2433 582 2491 χρόνω.
591 2436 796 2505 Synes.
810 2437 952 2489 Epist.
962 2435 1060 2479 134·

261 2490 317 2546 μὴ
363 2490 417 2533 ου’
460 2508 528 2547 γε,
571 2487 605 2534 ὦ
650 2496 818 2547 φίλτατε
866 2493 1060 2546 ἑταίρων.

260 2551 479 2592 Maxim.
519 2552 645 2605 Tyr.
678 2554 795 2593 Diss.
833 2553 1059 2593 XXXVI.

259 2609 296 2660 ξ
327 2608 378 2652 5:
411 2607 466 2662 μὴ
501 2607 557 2650 σύ
586 2624 644 2664 γε,
678 2605 712 2650 ὦ
744 2610 903 2651 δειλαία
933 2607 1061 2663 ψυχή,

258 2667 334 2706 nbi
374 2682 417 2708 v.
458 2668 782 2710 Markland.
830 2692 882 2698 —
917 2668 1059 2719 ε”μμε-

258 2738 315 2763 ιε
346 2722 581 2766 τούτοις.
620 2728 854 2780 Protagor.
885 2739 927 2778 p
958 2726 1058 2770 353.

260 2782 322 2822 13:
354 2782 397 2822 εἰ
425 2777 506 2824 οὖν
541 2797 610 2824 σοι
644 2759 783 2825 δοκεῑῦ
783 2783 972 2835 ἐμμένειν
996 2780 1062 2825 οἷς

259 2836 351 2891 ἄρτι
404 2841 555 2893 ἔδοξεν
605 2837 703 2910 ήμιν
798 2843 967 2884 Criton.
1015 2857 1058 2896 p,

256 2896 326 2939 50.
349 2899 411 2938 A.
450 2901 518 2940 καὶ
548 2898 779 2951 ἐμμένομεν
798 2897 863 2941 οἷς
895 2894 1059 2951 ιῦμολο-

257 2951 447 3007 γήσαμεν
478 2955 661 2998 δικαίοις
692 2953 837 3010 οὖσινς

315 3011 365 3051 C.
402 3010 479 3054 ὅτι
513 3013 603 3056 τὸι
636 3011 704 3056 ὥς
735 3012 1057 3070 ἆληθως-]

254 3069 511 3112 Ficinus:
573 3073 731 3115 Nunc
771 3082 943 3116 autem
987 3075 1059 3114 vi—

257 3128 371 3174 des,
406 3128 847 3184 'lhrasymaehe‚
884 3137 942 3171 ut
974 3145 1054 3173 su-

255 3186 491 3237 periora
555 3189 756 3230 iterum
785 3235 788 3236 ⁷
817 3202 1055 3230 resuma-

257 3256 392 3287 mus.
456 3245 595 3297 quod
656 3261 814 3298 quum
872 3249 1053 3299 primo

257 3313 443 3342 verum
518 3304 787 3344 medicum
850 3306 1051 3346 defini-

255 3360 437 3399 visses
490 3363 916 3413 aegrotantium
969 3376 1049 3403 cu·

255 3423 528 3469 ratorem,
576 3419 783 3459 deinde
822 3433 927 3460 non
968 3423 1051 3462 ita

260 3477 475 3516 sincere
548 3480 831 3528 pastorem
912 3479 1050 3518 defi-

1148 2145 1379 2213 principiis
1411 2157 1453 2211 p.
1475 2143 1572 2187 154.
1590 2144 1825 2197 legendum
1852 2157 1958 2184 con-

1148 2203 1274 2244 iecit:
1308 2195 1560 2270 ὁριζόμενος
1592 2203 1676 2242 τῶν
1708 2198 1958 2272 καμνόντων

1147 2256 1454 2331 θεραπευτήν,
1496 2255 1573 2299 τὸν
1618 2256 1677 2301 ὥς
1708 2253 1884 2313 ἀληθῶς
1914 2273 1956 2300 π.

1151 2313 1293 2359 οὐκέτι
1336 2332 1374 2359 κ.
1416 2332 1453 2358 τ.
1495 2318 1538 2358 λ.
1593 2317 1682 2359 Sed
1721 2318 1800 2358 illo
1833 2319 1957 2358 addi-

1148 2377 1353 2418 damento
1397 2388 1488 2416 non
1537 2389 1648 2429 opus
1690 2381 1780 2425 est,
1825 2388 1956 2429 quum

1147 2436 1366 2475 sententia
1421 2434 1654 2475 verborum
1702 2434 1811 2474 haec
1874 2436 1954 2474 sitt

1149 2506 1305 2545 quum
1346 2493 1580 2560 primum
1625 2489 1702 2532 τὸν
1746 2486 1805 2532 ὥς
1835 2486 1955 2560 ἀκρι-

1153 2552 1247 2606 βῶς
1269 2550 1403 2591 εἰπεῖν
1422 2545 1575 2603 ἰατρόν
1591 2550 1704 2590 defi
1721 2551 1955 2602 niveris‚

1147 2614 1346 2664 postea
1378 2613 1659 2662 pastorem
1691 2609 1956 2662 quiaccu-

1147 2674 1271 2709 rate
1318 2666 1594 2707 dicendus
1635 2671 1794 2707 esset
1845 2679 1955 2706 non

1147 2725 1387 2779 amplius
1435 2723 1671 2776 putabas
1716 2724 1954 2776 diligen-

1146 2791 1239 2824 ter
1279 2782 1694 2823 observandum
1738 2787 1788 2821 et
1829 2794 1953 2822 con-

1147 2842 1373 2883 sideran
1391 2841 1512 2881 dum
1533 2852 1683 2889 esse,
1699 2841 1794 2880 sed
1814 2840 1955 2880 hunc

1145 2912 1387 2953 pascere
1449 2910 1582 2938 oves
1635 2909 1832 2937 censes
1872 2903 1952 2938 ctr.

1143 2957 1342 3010 Respicit
1374 2957 1430 2997 ad
1470 2955 1605 2995 verba
1651 2967 1694 3007 p.
1743 2953 1845 2998 343.
1900 2955 1953 2994 Β.

1148 3012 1212 3054 ὅτι
1258 3014 1336 3054 οἴει
1374 3010 1478 3054 τούς
1518 3011 1725 3062 ποιμένας
1770 3009 1797 3066 ἢ
1849 3009 1954 3052 τοὺς

1144 3069 1396 3140 βουκόλους
1420 3068 1466 3111 τὸ
1491 3070 1574 3109 τῶν
1593 3066 1870 3122 προβάτων
1853 3067 1879 3124 η“
1906 3067 1954 3110 τὸ

1145 3131 1228 3170 τῶν
1259 3129 1382 3181 βοῶν
1413 3124 1588 3182 ἀγαθὸν
1608 3133 1785 3167 σκοπεῖν
1811 3142 1847 3169 κ.
1865 3143 1896 3169 τ.
1915 3130 1949 3168 λ.

1205 3185 1368 3240 ὥςπερ
1400 3184 1717 3236 δαιτυμόνα
1740 3183 1949 3239 τινὰ-]

1140 3241 1427 3296 Δαιτυμωνῑι.
1446 3246 1475 3284 l.
1500 3245 1676 3296 dicitur,
1694 3246 1770 3297 qui
1785 3246 1948 3285 lautius

1138 3305 1355 3357 epulatur,
1376 3304 1468 3343 sive
1496 3303 1686 3343 conviva
1720 3304 1815 3343 sive
1847 3315 1949 3343 con-

1138 3365 1325 3410 vivator,
1350 3366 1396 3401 ut
1427 3361 1685 3401 observavit
1702 3360 1739 3400 B
1753 3374 1777 3400 o
1791 3374 1814 3400 e
1829 3361 1886 3400 ck
1903 3361 1947 3399 h.

1138 3420 1326 3473 Specim.
1377 3419 1588 3459 editionis
1621 3419 1794 3459 Timaei
1831 3418 1944 3458 Plat.

1138 3491 1179 3529 p.
1205 3477 1281 3528 X.‚
1318 3478 1391 3530 qui
1427 3477 1538 3518 hanc
1575 3477 1941 3528 significationem
