2124 3744
285 155 344 205 18
564 146 1146 200 ARGUMENTUM
1185 146 1401 199 LIBRI
1425 142 1685 205 SEXTI

277 292 387 344 lere
424 287 753 342 iudicandae
791 297 934 340 suut.
1011 286 1340 356 Qua-nquam
1378 287 1518 339 inter
1540 287 1824 340 scientiam
1862 287 1982 357 phi--

276 361 559 431 losophiae
606 366 770 428 atque
820 357 952 411 artis
1000 358 1416 411 mathematicae
1476 378 1588 411 non
1633 358 1754 410 leve
1793 357 1983 411 discri-

277 451 402 484 men
449 429 790 484 intercedere
847 428 1268 483 existimandum
1325 436 1425 481 est.
1463 450 1515 481 v,
1567 429 1724 482 Libr.
1763 428 1874 483 Vll.
1926 450 1980 500 p.

279 505 403 557 533.
456 503 527 555 A.
581 520 703 570 sqq.
801 501 946 555 Nam
994 520 1162 570 quum
1225 500 1415 552 ambae
1480 500 1901 570 proficiscantur
1951 519 1984 552 a

280 573 754 644 suppositionibus
790 570 1209 642 (ὑποθέσεσιν),
1252 578 1364 622 tum
1399 571 1745 642 philosophia
1776 570 1984 625 mathe-

279 646 535 697 maticam
562 652 730 696 artem
758 641 1053 711 quaerendi
1083 642 1384 695 subtilitate
1421 650 1586 711 atque
1626 642 1984 713 amplitudine

279 716 600 785 longissime
651 722 889 783 superat.
978 714 1122 766 Nam
1176 712 1562 766 mathematica
1612 714 1833 783 quidem
1873 714 1985 767 dis-

282 787 487 856 ciplina
535 785 769 855 primum
818 785 1258 855 suppositioneS‚
1312 792 1504 854 utpote
1555 803 1588 836 a
1648 791 1825 838 πίστει
1870 785 1986 838 sive

281 857 391 910 fide
432 863 707 926 acceptas,
745 875 844 927 pro
873 856 1038 908 certis
1059 856 1218 926 ponit
1256 862 1311 908 et
1341 855 1660 926 exploratis»,
1685 876 1794 909 non
1821 875 1988 926 quae-

281 947 407 982 rens
446 928 714 981 curiosius
754 945 817 979 ac
851 927 1104 980 subtilius
1145 925 1211 978 de
1250 943 1466 995 eorum,
1508 946 1648 996 quae
1686 936 1987 997 ponuntur,

284 1001 494 1054 caussis
546 1017 610 1052 ac
660 998 968 1070 principiis.
1067 996 1284 1050 Deinde
1349 997 1539 1052 eadem
1598 1017 1700 1052 nec
1759 999 1988 1052 ulterius

281 1070 632 1143 progreditur
705 1088 868 1139 quam
936 1069 1252 1140 propositae
1314 1069 1651 1137 quaestionis
1708 1071 1795 1123 vel
1857 1090 1989 1125 usus

283 1142 372 1196 vel
415 1141 717 1196 necessitas
778 1142 1046 1210 postulet:
1105 1139 1252 1193 unde
1304 1141 1556 1210 procedit
1612 1141 1988 1195 tantummodo

283 1232 459 1282 usque
498 1212 570 1265 ad
615 1212 888 1280 τελευτήν,
940 1211 994 1264 h.
1059 1230 1105 1265 e.
1158 1230 1329 1280 usque
1387 1211 1459 1264 ad
1504 1211 1826 1283 propositae
1893 1213 1988 1266 de-

282 1283 695 1338 monstrationis
731 1283 954 1350 exitum‚
992 1283 1154 1354 plane.
1204 1301 1399 1336 secura
1446 1282 1514 1336 de
1572 1284 1857 1354 principiis
1911 1285 1988 1338 al-

285 1355 516 1408 tioribus
605 1362 661 1407 et
726 1354 1026 1422 absolutis,
1103 1353 1173 1406 ad
1238 1373 1377 1423 quae
1437 1354 1694 1408 instituta
1765 1354 1988 1410 demon·

286 1425 478 1479 stratio
544 1425 699 1479 evehi
760 1425 955 1495 possit.
1063 1425 1260 1497 Longe
1326 1425 1433 1478 alia
1486 1445 1618 1479 vero
1666 1427 1807 1480 ratio
1865 1428 1987 1498 phi-

284 1495 568 1566 losophiae
628 1503 750 1549 est.-
825 1494 983 1563 Quae
1029 1496 1160 1550 licet
1216 1504 1272 1549 et
1331 1496 1454 1567 ipsa
1517 1498 1989 1568 suppositionibus

286 1576 506 1636 utatur,
555 1575 738 1620 tamen
785 1566 906 1622 illas
954 1587 1064 1621 non
1102 1568 1236 1620 facit
1273 1567 1545 1638 principia
1582 1570 1839 1639 (αρχοὲς),
1892 1570 1988 1626 sed
2071 1585 2077 1590 “

287 1639 514 1692 adhibet
561 1658 653 1692 eas
702 1657 894 1691 revera
929 1647 989 1692 ut
1026 1639 1438 1710 suppositiones
1476 1648 1530 1692 et
1569 1640 1727 1710 quasi
1765 1661 1989 1714 aggres-

289 1730 384 1764 sus
423 1718 480 1762 et
515 1717 764 1777 conatus,
803 1718 866 1764 ut
902 1709 970 1763 a'd
994 1711 1305 1764 absolutum
1346 1711 1584 1764 omnium
1620 1732 1800 1765 rerum
1838 1715 1991 1784 prin-

288 1782 492 1853 cipium
527 1781 938 1853 progrediatur3
990 1781 1097 1835 hoc
1134 1788 1316 1834 autem
1355 1801 1521 1852 quum
1559 1783 1833 1855 attigerit,
1872 1805 1990 1839 rur-

289 1871 384 1907 sus
423 1871 759 1923 persequens
796 1861 942 1908 retro
983 1873 1082 1921 ea,
1123 1872 1264 1923 quae
1304 1872 1371 1906 ex
1407 1852 1500 1906 illo
1538 1873 1806 1924 suspensa
1842 1866 1991 1925 sunt,

291 1924 362 1977 ad
398 1924 563 1977 finem
601 1923 916 1993 descendit,
970 1924 1229 1979 sensibile
1269 1924 1486 1978 omnino
1524 1924 1663 1978 nihil
1700 1926 1968 1981 adhibens

289 1995 387 2050 sed
425 2004 587 2049 utens
627 1997 1008 2050 tantummodo
1056 1996 1191 2067 ipsis
1238 1995 1556 2050 notionibus
1602 2016 1701 2068 per
1735 1998 1886 2069 ipsas
1922 1970 1993 2052 ad

290 2067 468 2137 ipsas,
518 2074 682 2135 atque
731 2068 811 2120 ita
857 2068 914 2120 in
963 2067 1280 2122 notionibus
1320 2065 1539 2122 desinit.
1615 2067 1832 2135 Quibus
1871 2071 1991 2140 qui-

292 2137 416 2191 dem
465 2138 648 2190 verbis
697 2158 856 2192 nemo
906 2147 991 2192 est
1039 2139 1171 2209 quin
1229 2146 1427 2208 sponte
1490 2138 1678 2192 videat
1730 2142 1994 2195 rationem

293 2208 593 2278 quaerendi
626 2227 690 2262 ac
731 2209 1034 2263 disserendi
1061 2210 1387 2281 analyticam
1418 2216 1581 2280 atque
1607 2211 1992 2283 syntheticam,

293 2299 457 2348 quam
493 2279 660 2350 vulgo
701 2279 921 2349 dicunt,
957 2282 1034 2334 ita
1071 2280 1391 2353 significari,
1430 2289 1493 2334 ut
1529 2288 1813 2352 utramque
1849 2285 1994 2338 viam

292 2351 349 2404 in
405 2351 632 2404 veritate
678 2351 1062 2424 investiganda
1108 2351 1519 2425 ingrediendam
1572 2373 1691 2408 esse
1734 2355 1995 2410 ostenda-

297 2428 398 2476 tur.
440 2423 582 2476 conf.
620 2421 774 2476 Libr.
811 2424 924 2477 Vll.
964 2445 1017 2495 p.
1059 2426 1179 2478 533.
1218 2426 1288 2477 A.
1319 2455 1389 2463 —-
1415 2424 1480 2476 E.
