2106 3594
275 124 449 177 XLII

414 265 519 319 His
574 283 702 318 vero
753 265 832 316 ita
879 264 1143 333 expositis
1191 268 1435 337 proxime
1488 269 1764 337 sequitur,
1815 277 1876 322 ut
1913 269 1981 322 de

275 337 449 392 tribus
489 335 669 389 adhuc
707 335 869 388 rebus
919 333 1210 390 dicendum
1262 337 1363 407 sit,
1416 357 1646 407 quarum
1685 339 1983 410 explicatio

274 407 346 463 ad
381 405 793 477 intelligendam
833 406 1080 460 Platonis
1120 410 1442 462 sententiam
1479 418 1532 463 et
1567 412 1834 464 rationem
1871 430 1985 463 non

274 480 379 533 erit
405 479 632 531 inutilis.
705 476 927 529 Etenim
965 477 1198 547 primum
1237 480 1457 549 quidem
1485 481 1859 551 quaerendum
1897 481 1983 535 vi-

274 550 460 619 detur,
512 549 606 618 qui
655 547 775 601 fieri
823 549 1083 619 potuerit,
1121 557 1182 602 ut
1217 551 1375 605 Plato
1427 552 1707 606 civitatem
1759 572 1984 624 prorsus

273 621 345 674 ad
382 619 790 674 similitudinem
829 620 1062 674 hominis
1103 621 1438 694 effingeret,'
1463 642 1604 692 quae
1642 624 1783 677 ratio
1822 624 1984 678 nobis

275 692 496 763 quidem
546 692 703 745 aliter
755 689 822 743 de
872 691 1036 746 rebus
1086 693 1337 746 civilibus
1376 695 1578 749 sentire
1618 695 1983 748 consuefactis

273 784 383 818 non
407 771 591 835 potest
627 782 737 816 non
763 763 1196 835 permirasatque
1234 763 1394 836 plane
1430 765 1675 819 insolens
1713 766 1982 820 accidere.

274 835 493 889 Deinde
530 853 756 888 caussas
792 834 1157 908 investigasse
1195 836 1436 905 iuvabit,
1488 856 1587 890 cur
1623 836 1985 909 philosophus

273 927 384 960 non
424 906 667 959 universi
706 905 922 977 generis
958 907 1307 976 societatem,
1349 907 1449 960 sed
1485 908 1670 978 potius
1709 909 1990 962 civitatem

275 978 477 1049 optime
515 977 848 1045 institutam,
887 977 1263 1032 informaverit
1302 997 1365 1032 ac
1404 976 1776 1051 descripserit,
1819 999 1989 1050 quum

273 1057 457 1102 tamen
510 1047 677 1117 illud,
730 1049 906 1120 primo
967 1049 1159 1103 saltem
1213 1049 1505 1121 adspectU‚
1545 1050 1822 1114 scribendi
1858 1070 1989 1105 con-

275 1121 418 1189 silio,
459 1119 608 1190 quod
640 1127 907 1189 sequutus
949 1128 1052 1190 est,
1093 1122 1508 1175 convenientius
1547 1123 1791 1175 futurum
1818 1123 1988 1176 fuisse

275 1188 542 1246 videatur.
619 1191 876 1260 Denique
925 1192 1089 1244 etiam
1126 1193 1363 1246 rationes
1403 1194 1552 1261 eiuS‚
1594 1212 1756 1263 quam
1796 1193 1989 1247 condi-

276 1263 378 1332 dit,
417 1262 751 1335 reipublicae
789 1262 1015 1334 propius
1056 1263 1487 1318 considerandae
1525 1272 1701 1333 erunt,
1742 1264 1990 1334 quando-

278 1333 500 1406 quidem
541 1353 637 1387 eae
676 1334 743 1388 ab
781 1336 904 1404 ipsa
938 1334 1086 1388 vitae
1122 1337 1352 1389 veritate
1389 1335 1668 1391 iudicatae
1691 1344 1821 1391 sunt
1845 1336 1984 1391 adeo

277 1406 598 1474 abhorrere,
662 1412 725 1458 ut
774 1404 1088 1476 respublica
1136 1407 1385 1460 Platonis
1431 1408 1601 1479 vulgo
1656 1408 1842 1479 potius
1889 1427 1990 1479 pro

276 1477 432 1531 inani
485 1476 684 1530 mentis
739 1477 1061 1530 somniantis
1110 1485 1418 1531 commento
1472 1498 1636 1549 quam
1685 1498 1785 1549 pro
1823 1497 1987 1532 verae

277 1548 519 1603 civitatis
560 1547 818 1619 exemplo
842 1548 1033 1601 haberi
1082 1548 1272 1602 soleat.
1344 1547 1562 1616 Quibus
1607 1550 1860 1604 omnibus
1899 1569 1991 1603 ex-

277 1619 472 1693 positis
531 1617 828 1689 aliquando
906 1626 1242 1673 revertemur
1310 1619 1381 1673 ad
1439 1619 1607 1691 illud,
1688 1619 1838 1690 quod
1901 1640 1992 1675 su-

281 1711 380 1763 pra
416 1691 782 1745 iudicavimus
845 1690 1178 1761 philosopho
1215 1692 1344 1744 item
1399 1691 1572 1746 fuisse
1610 1700 1868 1761 tanquam
1905 1711 1992 1746 se-

280 1763 602 1817 cundarium
636 1761 897 1830 quiddam
927 1763 1292 1834 propositum,
1331 1782 1500 1832 quum
1530 1782 1654 1817 eum
1675 1763 1991 1817 dicebamus

280 1834 440 1888 simul
475 1833 533 1886 id
569 1833 933 1904 spectavisse,
976 1841 1038 1887 ut
1070 1833 1483 1906 philosophiam
1522 1854 1589 1888 ex
1624 1835 1773 1889 vitae
1810 1835 1993 1907 priva-

454 2032 747 2086 siegreieh
796 2032 1234 2086 hervorbricht,
1277 2033 1411 2076 fiber
1457 2033 1570 2077 alle
1615 2030 1854 2076 Gebiete
1897 2035 1994 2075 des

453 2091 957 2133 Menschenlebens
1026 2093 1116 2133 ein
1177 2093 1314 2133 eben
1375 2106 1433 2135 so
1493 2093 1679 2134 helles
1739 2094 1824 2134 als
1880 2094 1994 2134 rei·

452 2162 548 2191 nes
619 2150 790 2191 Licht
860 2150 1194 2191 verbreitet
1255 2152 1363 2191 und
1425 2152 1582 2192 scine
1644 2151 1994 2193 dunkelsten

454 2205 693 2249 Rathsel
734 2208 866 2248 16st.
926 2208 1010 2248 Da
1058 2221 1168 2249 nun
1210 2209 1342 2249 aber
1382 2209 1643 2251 dieselbe
1681 2209 1814 2250 Idee
1853 2209 1995 2250 auch

457 2266 594 2307 zwei
635 2265 846 2307 andern
886 2266 1292 2319 platonischen
1332 2266 1616 2320 Dialogen
1657 2280 1725 2308 zu
1768 2265 1994 2308 Grunde

455 2325 625 2376 liegt,
659 2324 775 2364 dem
811 2321 1067 2365 Philebus
1098 2325 1209 2364 und
1247 2322 1611 2378 'sinicius-,ldie
1646 2324 1784 2366 eben
1815 2323 1995 2365 durch

459 2383 548 2424 sie
577 2382 676 2422 mit
706 2380 1108 2422 demBiichern
1139 2395 1261 2423 vom
1292 2382 1499 2423 Staate
1528 2383 1585 2423 in
1625 2383 1724 2423 der
1753 2395 1994 2434 genaue·

458 2446 583 2482 sten
643 2439 1010 2492 Verbindung
1069 2441 1293 2490 stehen,
1354 2453 1412 2480 so
1481 2440 1663 2481 bleibt
1722 2440 1864 2480 noch
1932 2452 1996 2479 zu

458 2498 812 2554 bestimmen,
845 2498 1058 2538 welche
1106 2498 1265 2539 ihrer
1305 2497 1756 2539 verschiedenen
1798 2496 1996 2538 Seiten

459 2556 565 2597 und
613 2554 1082 2607 Offenbarungen
1130 2557 1183 2597 in
1233 2568 1496 2596 unserem
1546 2553 1878 2609 Gesp‘rache
1918 2569 1996 2596 am

455 2615 714 2660 meisten,
746 2613 1105 2654 hervortritt.
1168 2612 1401 2655 Gewiss
1431 2615 1513 2655 ist
1543 2614 1661 2655 dies
1700 2613 1866 2654 keine
1901 2626 1997 2654 an·

459 2673 590 2713 dere
620 2672 702 2712 als
736 2672 824 2712 die
861 2670 981 2713 Idee
1011 2671 1164 2714 einer
1197 2671 1593 2725 allgemeinen‚
1635 2670 1863 2711 Himmcl
1894 2669 1997 2711 und

461 2729 627 2781 Erde,
680 2728 773 2770 das
818 2727 1096 2770 Diesseits
1138 2728 1246 2770 und
1296 2727 1994 2778 Jenseitsverbindenden‚

458 2785 757 2829 sittlichcn
822 2785 1258 2840 Welcordnung,
1307 2786 1388 2827 die
1433 2785 1727 2828 einerseits
1779 2785 1830 2824 ίπ
1881 2785 1997 2826 sich

460 2843 744 2896 schliesst‚
777 2842 908 2885 dass
937 2843 1032 2886 das
1062 2844 1304 2886 sittliche
1339 2843 1512 2886 Leben
1550 2842 1669 2884 sich
1702 2856 1765 2883 zu
1805 2843 1993 2894 einem,

459 2901 556 2942 clas
614 2914 786 2955 ganze
846 2900 1302 2944 Menschenleben
1363 2898 1833 2943 belzerrschenden
1893 2902 1995 2942 Or-

459 2957 745 3012 ganismus
784 2958 1059 3012 ansulae,
1088 2959 1467 3003 andererseits
1495 2957 1588 2999 dic
1635 2952 1996 2998 Wlederher-

461 3015 713 3069 stellung
754 3015 849 3058 der
890 3031 945 3059 so
975 3019 1059 3071 ost
1101 3020 1390 3072 gestfirten
1431 3013 1997 3069 Uebereinstimmung

460 3073 554 3115 des
583 3072 882 3115 sittliehen
924 3075 1057 3118 oder
1099 3074 1473 3116 unsittlichen
1512 3072 1692 3114 Thuris
1734 3072 1823 3112 der
1866 3071 1994 3112 Εἰπ-

425 3130 651 3172 -zelnen
691 3129 784 3170 mit
825 3131 991 3173 ihr-cm
1033 3130 1360 3174 Schicksale
1387 3130 1697 3186 verlangt.“
1760 3129 1883 3170 Haec
1913 3131 1996 3182 igi-

459 3195 530 3229 tur
561 3187 955 3239 Steinhartus3
999 3202 1112 3242 quae
1163 3195 1378 3244 quatenus
1417 3202 1443 3229 a
1474 3190 1638 3229 nostris
1665 3188 1914 3239 discrepent
1939 3211 1993 3215 ——

461 3246 691 3299 dicrepant
713 3251 859 3287 autem
879 3258 967 3287 non
999 3261 1154 3300 parum
1175 3271 1218 3278 -
1254 3247 1458 3288 nolumus
1487 3259 1605 3288 nunc
1628 3245 1840 3299 peculiari
1861 3257 1998 3296 opera

461 3316 698 3358 exponere,
716 3316 847 3357 quum
877 3316 948 3345 res
980 3306 1138 3357 exiis,
1175 3318 1285 3359 quae
1303 3318 1436 3358 supra
1458 3303 1807 3358 disputavimus,
1840 3308 1997 3355 sponte

460 3363 747 3416 intelligatur.
1567 3380 1573 3385 ⁴
