2106 3594
282 154 540 208 LXXVI

280 305 390 350 tate
438 305 594 350 tanto
655 295 911 347 maiorem
970 292 1231 347 exsistere
1290 302 1556 365 tantoque
1620 314 1974 368 prorumpere

281 368 685 434 vehementius,
726 372 932 435 quanto
969 365 1143 435 magis
1181 367 1429 422 turbetur
1465 369 1750 438 utriusque
1790 387 1975 423 secum

280 440 569 494 consensio
608 445 771 506 atque
810 434 1123 490 concordia.
1198 438 1393 508 Itaque
1431 441 1498 494 ab
1538 442 1747 511 optimo
1785 441 1976 494 civita—

280 513 353 565 tis
391 518 538 564 statu
574 509 821 580 proxime
860 508 1054 561 abesse
1088 517 1249 579 putat
1285 510 1788 578 timocratiam,
1841 531 1975 581 qua-

279 584 383 635 lem
421 581 617 634 tribuit
652 578 1103 647 *Cretensibuset
1136 581 1591 638 Lacedaemoniis
1632 586 1708 654 (p.
1748 586 1869 638 545.
1908 585 1977 637 Β.

280 686 346 694 —-
385 655 508 707 548.
546 653 675 722 D.):
729 652 817 704 cui
864 662 1145 720 comparat
1196 653 1470 707 hominem
1527 656 1977 710 ambitiosum

279 726 303 794 (
355 765 368 778 .
419 726 542 778 548.
580 725 762 778 Ι)..--
797 724 921 777 550.
956 720 1081 793 0.).
1154 725 1325 778 ἙΙειηῦ
1373 745 1502 779 vero
1551 728 1814 799 subsequi
1862 729 1980 781 vult

278 746 752 868 oligarchiam
801 795 892 864 (p.
942 795 1070 850 550.
1123 794 1186 850 C.
1240 828 1311 836 -——-
1362 799 1482 850 553.
1535 799 1675 868 A.),
1743 819 1979 869 quacum

278 869 558 938 componit
594 867 870 920 hominem
904 885 1184 921 avarum
1222 869 1299 938 (p.
1340 870 1461 923 553.
1496 881 1559 922 A.
1594 899 1664 910 ·-—-
1705 874 1829 924 555.
1861 872 1978 939 Α.).

278 940 467 993 Tertio
519 941 642 993 loco
690 938 847 1008 pouit
910 937 1418 993 democratiam
1484 942 1572 1012 (p.
1624 945 1744 995 555.
1795 945 1869 996 A.
1910 974 1979 981 -—

277 1014 398 1065 558.
440 1011 552 1080 (3.),
594 1009 952 1064 cuisimilem
989 1027 1109 1065 esse
1134 1012 1428 1065 arbitratur
1462 1012 1805 1067 hominem
1839 1034 1979 1067 0111-

276 1083 389 1137 nis
453 1083 734 1156 generis
810 1082 1319 1154 voluptatibus
1396 1091 1461 1136 et
1540 1085 1980 1139 libidinibus

278 1154 600 1208 deditum
652 1155 749 1224 (p.
787 1155 908 1207 558.
948 1152 1015 1207 C.
1051 1179 1120 1194 2—-
1155 1156 1276 1207 561.
1315 1154 1442 1225 R).
1516 1156 1790 1210 Ultimum
1827 1156 1980 1209 deni-

278 1245 385 1295 que
423 1227 605 1280 locum
638 1225 835 1279 tribuit
866 1226 1243 1299 tyrannidi
1291 1227 1564 1280 uberrima
1601 1229 1847 1282 oratione
1886 1227 1980 1281 de-

278 1299 516 1369 scriptae
555 1298 635 1368 (p.
676 1299 800 1351 562.
838 1297 908 1350 Α.
947 1328 1018 1338 -ψ
1056 1300 1179 1351 569.
1217 1297 1340 1368 C.)⁷
1397 1299 1488 1352 cui
1525 1300 1847 1372 aequiparat
1882 1299 1981 1353 ho-

274 1371 476 1423 minem
513 1370 606 1422 uni
645 1369 804 1422 alicui
843 1368 1004 1440 eique
1042 1369 1235 1428 dirae
1275 1378 1495 1440 atque
1553 1389 1812 1425 saevae
1864 1391 1981 1425 cu·-

277 1442 576 1512 piditati
639 1440 1172 1495 immoderatius
1235 1441 1744 1514 indulgentem
1799 1443 1979 1513 (Libr.

278 1513 384 1566 IX.
424 1534 481 1584 p.
519 1515 640 1566 571.
680 1544 751 1551 —
787 1513 908 1565 577.
946 1513 1015 1565 Β.
1054 1514 1245 1582 extr.):
1312 1532 1422 1582 qua
1480 1513 1701 1582 quidem
1774 1514 1982 1567 descri-

276 1584 468 1655 ptione
524 1584 762 1653 denique
810 1583 1238 1639 luculentissime
1289 1583 1722 1655 demonstratur,
1773 1593 1982 1656 quanto

277 1656 565 1711 intervallo
603 1674 814 1710 summa
849 1655 1118 1709 iniustitia
1155 1675 1188 1708 a
1224 1675 1464 1710 summae
1501 1657 1744 1711 iustitiae
1780 1658 1982 1711 virtute

278 1728 483 1783 distare
537 1725 903 1782 existimanda
959 1728 1034 1780 sit
1083 1728 1175 1798 (p.
1215 1729 1342 1782 548.
1379 1726 1457 1786 C.
1485 1727 1597 1798 D.)
1683 1730 1801 1783 Iam
1850 1748 1982 1782 vero

279 1799 568 1871 descriptis
602 1799 829 1853 variis
864 1799 1285 1853 iniustitiae
1314 1797 1666 1870 gradibus
1703 1800 1984 1854 acceditur

279 1872 444 1925 etiam
493 1870 565 1924 ad
612 1870 1007 1935 felicitatis
1068 1878 1287 1940 atque
1335 1870 1807 1926 infelicitatis
1859 1885 1984 1924 cum

277 1948 519 2012 utraque
550 1961 582 1996 c
661 1942 882 1996 iunctae
918 1941 1361 2013 descriptionem·
1393 1943 1584 2012 (Libr.
1620 1943 1727 1997 IX.
1766 1965 1819 2015 p.
1860 1945 1924 1996 57
1933 1945 1982 1997 7.

281 2014 346 2068 C.
388 2015 560 2086 sqq.).
620 2013 748 2082 Quo
788 2014 1009 2084 quidem
1046 2015 1170 2068 loco
1209 2013 1438 2068 docetur
1474 2023 1675 2069 statum
1713 2034 1983 2086 quemque

281 2094 338 2140 et
398 2084 734 2157 reipublicae
795 2099 851 2139 et
915 2086 1150 2140 hominis
1211 2093 1367 2140 tanto
1439 2103 1559 2140 esse
1624 2087 1980 2154 miseriorem,

281 2166 492 2229 quanto
529 2158 746 2230 longius
785 2158 930 2212 absit
966 2177 998 2210 a
1035 2157 1390 2211 similitudine
1429 2177 1553 2210 cum
1590 2166 1735 2212 statu
1775 2159 1982 2231 optimo

282 2237 445 2283 antea
479 2229 831 2294 adumbrat03
889 2228 946 2281 id
986 2229 1138 2297 quod
1191 2229 1455 2300 imprimis
1493 2231 1811 2300 tyrannicae
1851 2231 1984 2284 civi-

280 2302 412 2355 tatis
464 2310 631 2372 atque
679 2301 915 2354 hominis
967 2301 1017 2353 ei
1066 2300 1256 2355 similis
1311 2302 1561 2371 exemplo
1623 2301 1982 2355 disertissime

281 2372 609 2427 declaratur.
696 2373 1029 2426 Dominatur
1078 2373 1222 2426 enim
1262 2373 1320 2425 in
1355 2380 1589 2442 utroque
1627 2392 1792 2427 saeva
1829 2374 1983 2444 cupi-

283 2444 518 2498 ditatum
566 2445 652 2499 vis
685 2445 860 2499 fracto
899 2444 1060 2515 plane
1105 2443 1335 2497 rationis
1373 2445 1628 2514 imperio,
1679 2444 1984 2498 cuiusmodi

283 2524 434 2584 statu
470 2517 606 2569 nihil
646 2516 783 2588 fingi
835 2516 1179 2587 cogitarique
1229 2516 1480 2569 miserius
1524 2525 1724 2586 potest.
1809 2517 1985 2570 Deest

282 2589 453 2659 igitur
481 2589 560 2642 ibi
595 2608 739 2651 vera>
761 2586 1005 2654 libertas,
1044 2595 1240 2659 regnat
1274 2587 1478 2658 inopia,
1515 2588 1678 2712 plena
1702 2595 1832 2642 sunt
1869 2608 1983 2641 om-

284 2661 375 2714 nia
398 2661 756 2727 miseriarum,
797 2666 859 2711 ut
885 2659 964 2712 vir
986 2661 1324 2731 tyrannicUS,
1365 2659 1480 2712 sive
1537 2668 1685 2712 ateat
1719 2659 1834 2711 sive
1872 2678 1983 2712 non

284 2732 483 2799 lateat,
535 2732 962 2801 haudquaquam
1026 2750 1150 2784 cum
1214 2731 1332 2784 viro
1379 2730 1479 2784 illo<
1511 2749 1639 2783 vere
1687 2731 1860 2801 regali
1913 2730 1984 2783 ad

284 2804 601 2857 felicitatem
652 2801 1052 2874 comparandus
1107 2803 1178 2856 sit
1226 2803 1302 2874 (p.
1343 2805 1464 2855 577.
1504 2800 1569 2855 C.
1615 2833 1674 2840 ——
1714 2803 1830 2855 580.
1871 2801 1981 2871 C.).

287 2874 524 2927 Accedit
572 2874 643 2928 ad
681 2875 845 2942 haec,
897 2874 1046 2944 quod
1095 2869 1619 2946 praestantissimum
1665 2893 1837 2944 genus
1885 2893 1983 2926 vo-

286 2946 577 3016 luptatum⁷
628 2966 695 2999 ex
732 2947 976 2999 veritatis
1028 2946 1342 3018 cognitione
1376 2943 1684 3013 oriundum,
1719 2945 1982 3015 sapientis

291 3025 377 3070 est
425 3018 703 3087 proprium
751 3019 831 3087 (p.
871 3019 992 3073 580.
1029 3019 1101 3070 D.
1146 3018 1373 3070 --·.-583.
1408 3016 1538 3084 A.),
1592 3016 1850 3085 quodque
1888 3035 1982 3068 ne-

288 3108 378 3141 mo
428 3097 643 3158 praeter
691 3089 991 3159 sapientem
1046 3107 1253 3142 veram¹
1281 3094 1445 3157 atque
1497 3105 1689 3155 puram
1730 3087 1982 3157 volupta-

289 3167 402 3213 tem
437 3167 624 3231 potest
669 3160 952 3230 percipere
1001 3162 1089 3230 (p.
1130 3161 1250 3212 583.
1288 3159 1354 3212 B.
1394 3189 1460 3196 —
1498 3159 1623 3211 588.
1659 3159 1780 3222 Α.).
1866 3160 1981 3212 De·
2073 3143 2106 3236 ’ζ

290 3231 457 3300 nique
506 3231 667 3283 etiam
715 3233 998 3301 proposita
1049 3230 1330 3302 praeclara
1365 3229 1711 3282 multiformis
1751 3230 1982 3283 monstri

291 3302 529 3374 imagine
576 3302 840 3373 probatur
893 3323 1002 3355 uno
1049 3302 1264 3355 demum
1314 3300 1538 3353 rationis
1574 3302 1800 3371 imperio
1839 3302 1982 3354 effici

220 3411 226 3419 -
289 3374 622 3428 harmoniam
672 3373 816 3426 illam
866 3374 1260 3441 beatissimam,
1317 3378 1455 3442 quae
1507 3373 1560 3424 in
1602 3373 1806 3444 optimo
1848 3393 1980 3443 quo-
