2124 3744
757 518 1615 572 CORRIGENDA.

439 745 754 797 prolegom.
789 759 830 798 p.
863 743 1006 789 XXV.
1039 757 1153 785 v.ers
1184 744 1225 787 9.
1258 744 1311 785 ab
1353 745 1428 786 inf.
1463 745 1604 785 scribe
1646 744 1913 798 quoddam
1940 757 2025 796 pro

319 803 602 857 qouddam.
637 825 692 832 -—
726 802 778 844 P.
811 802 907 843 XL.
942 815 1053 843 vers.
1084 801 1125 844 4.
1161 807 1261 854 post
1291 807 1345 842 ut
1377 803 1474 844 dele
1507 816 1691 845 comma.
1722 826 1771 834 -
1808 803 1857 844 P.
1892 801 2024 871 LXV

321 863 447 903 deme
481 862 679 903 lineolam
713 865 1005 902 transversam
1041 860 1166 901 nobis
1199 859 1339 901 invitis
1372 860 1600 902 adiectam.

438 920 497 960 In
529 921 657 972 ipso
702 918 897 971 Opere
932 917 1186 960 emendabis
1214 916 1340 958 haec.
1374 942 1431 948 —
1490 917 2024 970 Libr.1.1'ag.13.Ar-

323 990 439 1030 gum.
471 977 590 1018 Libr.
622 975 658 1017 Ι.
682 989 792 1017 vers.
815 973 855 1018 8.
886 975 939 1016 nb
971 975 1045 1017 inf.
1078 988 1156 1028 pro
1189 987 1318 1016 veso
1353 976 1508 1018 litteris
1540 977 1721 1017 inversis
1753 975 2023 1016 scribendum

324 1047 471 1076 oves.
503 1058 559 1065 —
621 1033 676 1074 P.
719 1033 790 1076 23.
834 1045 871 1076 ν.
905 1034 945 1076 2.
988 1037 1096 1075 text.
1136 1045 1219 1074 scr.
1250 1036 1467 1084 μενετέον,
1507 1039 1707 1075 correcto
1743 1037 1939 1075 accentu.
1973 1055 2025 1062 —

331 1097 374 1137 P.
400 1093 484 1136 2.9
528 1097 637 1134 text.
679 1103 717 1134 v.
762 1092 800 1135 1.
845 1104 929 1133 scr.
977 1086 1030 1143 ἧν
1072 1103 1257 1144 prom.
1299 1115 1355 1122 —
1433 1065 1483 1139 P
1524 1091 1595 1134 42.
1637 1097 1743 1133 text.
1787 1104 1824 1131 v.
1863 1091 1904 1133 4.
1946 1103 2026 1144 pro

320 1149 441 1195 &tvl
485 1149 552 1192 ἅν.
596 1174 651 1179 -
723 1149 774 1191 Ρ.
820 1149 889 1192 91.
921 1154 1027 1191 text.
1068 1162 1106 1189 v.
1137 1147 1179 1191 9.
1188 1161 1293 1209 pro
1325 1142 1407 1190 οὖν
1439 1136 1624 1203 refingas
1661 1164 1709 1190 ου
1720 1165 1763 1196 ν,
1803 1154 1846 1190 et
1878 1162 1918 1201 p.
1953 1148 2023 1191 95.

318 1221 431 1250 vers.
467 1208 505 1251 2.
539 1208 593 1248 ab
625 1207 699 1250 inf.
735 1192 814 1261 pfo
855 1199 909 1258 ἧν
949 1219 1139 1259 reponas
1179 1200 1232 1257 ἧν
1243 1207 1663 1259 ,quemadmodum
1707 1220 1749 1260 p.
1788 1206 1859 1251 96.
1898 1220 1938 1248 ν.
1981 1206 2023 1248 2.

317 1271 424 1310 text.
466 1278 545 1319 pro
585 1263 694 1320 ἡγου
672 1268 754 1305 ὖιο
793 1265 1065 1306 scribendum
1111 1263 1279 1317 ἡγοῖτο
1321 1287 1377 1294 -—
1446 1265 1496 1306 Ρ.
1530 1264 1628 1307 106.
1672 1269 1778 1307 text.
1821 1279 1862 1305 ν.
1893 1263 1934 1307 5.
1968 1265 2024 1304 ab

315 1323 388 1365 inf.
424 1326 507 1377 leg.
547 1339 592 1363 τι
630 1323 726 1363 sine
771 1328 952 1365 accentu
994 1335 1072 1375 pro
1111 1323 1166 1365 τί.
1198 1345 1255 1351 —-
1312 1320 1428 1367 libr
1460 1320 1516 1368 Il.
1554 1322 1602 1365 P.
1635 1321 1733 1366 145.
1766 1327 1872 1364 text.
1910 1333 1947 1360 v.
1981 1321 2023 1364 8.

316 1394 399 1424 scr.
432 1395 514 1421 πον
526 1394 658 1433 ηρου
645 1377 796 1425 ).ςπλ
826 1403 884 1410 -—
931 1379 983 1423 P.
1016 1379 1186 1424 170.ν.
1220 1383 1260 1422 6.
1294 1391 1378 1422 scr.
1411 1377 1482 1420 κὶα
1482 1379 1706 1438 prom(
1739 1403 1796 1411 —-
1841 1380 1888 1423 P.
1922 1379 2021 1422 203,

316 1443 425 1481 text.
458 1451 498 1481 ν.
534 1437 576 1482 3.
609 1438 664 1478 ab
702 1441 812 1477 extr.
844 1443 947 1490 post
977 1431 1030 1489 ἤν
1063 1437 1106 1477 δ’
1151 1435 1230 1490 ἐγώ
1270 1437 1434 1479 excidit
1466 1430 1513 1478 ὦ.
1546 1460 1602 1466 —-
1666 1437 1716 1481 P.
1747 1437 1847 1481 208.
1887 1436 2022 1478 Com-

314 1501 446 1539 ment.
479 1498 562 1538 col.
598 1496 648 1537 11.
690 1507 727 1534 ν.
762 1494 831 1537 13.
876 1508 958 1535 scr.
1007 1495 1256 1537 Primum
1295 1495 1438 1537 littera
1463 1494 1718 1545 maiuscula
1762 1495 1925 1538 initiali.
1966 1519 2021 1526 -

314 1553 432 1600 Libr.
467 1552 547 1600 111.
583 1557 690 1594 text
721 1565 761 1605 p
792 1551 892 1596 234.
925 1565 963 1596 v,
997 1554 1037 1596 1.
1072 1566 1155 1596 scr.
1189 1567 1279 1604 ηρω
1313 1565 1391 1606 pro
1422 1569 1524 1607 ηρω.
1557 1577 1613 1583 —-
1674 1553 1809 1595 lbid
1844 1567 1886 1607 p.
1921 1553 2020 1597 239.

312 1626 352 1654 ν.
395 1612 436 1654 1.
478 1611 631 1653 addito
671 1617 851 1652 accentu
893 1623 977 1651 ner.
1019 1608 1266 1666 θυγατρός.
1299 1633 1352 1642 --
1431 1611 1483 1653 Ρ.
1524 1610 1623 1656 259.
1666 1615 1774 1655 text.
1817 1624 1854 1652 ν.
1897 1611 1939 1654 6.
1977 1611 2021 1652 ἰιι

310 1668 566 1724 ἀναγκάζειν
597 1674 711 1721 etp·
742 1668 842 1713 260.
875 1672 981 1712 text.
1016 1682 1058 1713 v.
1089 1669 1127 1712 l
1163 1673 1208 1709 et
1238 1668 1280 1710 3.
1313 1668 1366 1708 ab
1399 1667 1472 1710 inf.
1506 1669 1546 1709 in
1576 1668 1721 1730 βραχύ
1753 1675 1817 1712 et·
1824 1685 1904 1710 ωνο
1884 1667 2021 1723 ἅμαζε

313 1732 521 1769 accentus
553 1726 693 1769 deest.
726 1749 782 1756 —-
847 1726 894 1767 P.
937 1727 1034 1771 277
1078 1732 1184 1769 text.
1231 1739 1271 1766 v.
1301 1725 1343 1770 4.
1376 1727 1430 1768 ab
1462 1725 1534 1770 inf.
1567 1740 1646 1780 pro
1690 1721 1718 1779 ἧ
1749 1726 1900 1768 addito
1933 1727 2022 1768 iota

313 1787 479 1827 subscr.
526 1787 621 1839 lege
656 1802 697 1836 ῃ.
729 1807 786 1814 -
845 1782 962 1830 libr.
1002 1783 1074 1832 IV.
1118 1788 1161 1826 P.
1202 1783 1303 1828 318.
1343 1789 1448 1829 text.
1495 1797 1534 1825 ν.
1572 1784 1632 1828 5.
1659 1785 1714 1826 ab
1756 1784 1832 1826 inf.
1875 1785 1959 1838 leg.
1993 1782 2017 1836 ἤ

313 1836 1709 1912 pron—P326v1corr,prorJ--P346
1750 1843 2017 1886 ῐεκΐνηὸ

313 1904 398 1956 leg.
433 1898 648 1955 ἐπιστήμη
688 1912 766 1951 pro
803 1898 1038 1957 ἐπιστήμῃ.
1071 1926 1126 1932 -—
1189 1900 1239 1942 P.
1270 1899 1370 1943 348
1404 1904 1512 1944 text.
1547 1913 1585 1943 v.
1616 1901 1659 1944 4.
1690 1902 1718 1943 l.
1760 1899 1906 1941 αὐτου
1937 1913 2018 1953 pro

310 1958 469 2000 αὐτοῦ’.
503 1982 555 1988 -
618 1959 663 1998 Ρ.
693 1957 793 2002 361.
827 1962 936 2002 text.
968 1972 1008 1999 v.
1042 1958 1080 2002 6.
1123 1960 1229 2000 tolle
1271 1970 1439 1998 comma
1481 1962 1583 2010 post
1614 1959 1704 2010 εἴδη
1737 1963 1904 2000 temere
1937 1972 2018 2012 po-

310 2017 452 2061 situm.
485 2038 538 2047 —
604 2017 651 2058 Ρ.
693 2014 779 2060 379
836 2015 960 2058 Com.
1012 2017 1111 2057 coll.
1144 2016 1203 2058 H.
1241 2028 1279 2058 ν.
1311 2015 1352 2058 3.
1384 2015 1438 2056 ab
1474 2015 1546 2056 inf.
1577 2011 1664 2070 leg.
1696 2021 1808 2070 ye'm
1842 2028 1920 2068 pro
1953 2017 2017 2057 λε’-

310 2089 389 2128 γει.
425 2098 482 2105 —-
552 2074 604 2115 P.
635 2073 737 2119 388.
771 2079 883 2116 text.
917 2086 954 2114 ν.
988 2075 1065 2115 ult.
1101 2087 1179 2127 pro
1211 2071 1353 2114 Τουτο
1385 2074 1472 2126 leg.
1504 2075 1596 2114 Τοῦ
1571 2089 1666 2114 υ.το
1699 2098 1754 2104 ——
1818 2072 1939 2120 Libr.
1968 2073 2016 2121 V.

311 2147 351 2186 p.
384 2132 490 2183 433..
516 2136 624 2172 text.
660 2145 698 2172 ν.
731 2131 771 2174 8.
806 2131 948 2173 scribe
986 2130 1153 2183 ᾔσθετο
1185 2130 1334 2173 addito
1368 2132 1479 2172 iota
1512 2131 1678 2174 subscr.
1712 2156 1768 2163 —-
1831 2132 1880 2173 P.
1912 2130 2015 2176 441.
2043 2170 2057 2181 ,

312 2204 350 2231 v.
390 2191 432 2235 4.
472 2190 646 2242 corrige
686 2186 798 2241 δῆλοί
839 2203 885 2229 τε
927 2201 1008 2242 pro
1048 2189 1160 2240 δῆλα
1199 2202 1256 2230 τε.
1304 2212 1359 2218 —
1427 2188 1478 2229 P.
1509 2187 1607 2233 448.
1651 2203 1687 2230 ν.
1722 2190 1764 2232 1.
1809 2189 1906 2242 nege
1938 2188 2016 2230 τὸν

313 2261 390 2302 pro
423 2262 512 2288 τον.
545 2270 598 2278 —-
659 2247 711 2289 P.
742 2247 839 2291 450.
875 2251 982 2288 text.
1013 2260 1053 2288 v.
1073 2247 1115 2290 9.
1146 2246 1200 2288 ab
1232 2247 1304 2287 inf.
1342 2247 1441 2300 lege
1471 2247 1514 2289 δὲ
1545 2260 1625 2300 pro
1658 2249 1716 2289 δέ.
1739 2272 1791 2278 —
1839 2246 2015 2292 P.453.

310 2312 417 2348 text.
452 2319 489 2350 ν.
521 2305 564 2349 8.
596 2305 738 2347 scribe
774 2309 828 2357 τῇ
859 2318 938 2359 pro
971 2309 1040 2356 τῆ.

426 2419 666 2462 Praeterea
702 2425 911 2460 accentus
966 2418 1031 2461 hic
1072 2423 1117 2460 et
1160 2419 1247 2460 ime
1291 2417 1438 2460 nescio
1480 2429 1566 2471 quo
1614 2419 1870 2462 infortunio'
1901 2421 2013 2462 male

310 2477 498 2519 diffracti
533 2479 598 2519 vel
630 2478 841 2520 incurvati
875 2490 928 2518 ac
960 2476 1118 2519 detorti
1162 2481 1275 2519 sunt.
1340 2477 1435 2518 Alia
1476 2477 1621 2519 omnia
1663 2483 1833 2528 autem,
1877 2482 2012 2531 quan·

308 2542 403 2576 tum
445 2535 615 2588 quidem
657 2534 802 2579 adhuc
838 2534 1185 2578 animadvertere
1227 2534 1367 2588 licuit,
1407 2539 1530 2577 recte
1569 2549 1620 2577 nc
1651 2536 1880 2590 diligenter
1911 2540 2013 2578 sunt
2103 2567 2106 2571 .

308 2593 540 2654 descripta.

886 3305 1426 3363 aaronnltm

448 3397 682 3441 Fomms
712 3395 1216 3442 oescmPsERUN'r
1249 3391 1560 3437 HENNINGS
1591 3392 1633 3434 3.
1666 3372 1844 3434 Hopp.
