2098 3658
293 171 392 220 14ss
912 161 1385 217 PLATONIS

291 333 514 382 γονται,
561 308 634 375 ὡς
679 309 793 382 ἄρα
841 313 931 364 καὶ
978 313 1111 365 θεοὶ
1155 313 1385 374 πολλοῖς
1426 313 1528 382 μὲν
1571 308 1829 379 ἀγαθοῖς
1873 309 1998 371 &vg-

292 400 483 467 τυχίας
534 406 605 448 τε
650 398 742 448 καὶ
786 397 914 464 βίον
959 392 1132 448 κακὸν
1179 399 1423 464 ἔνειμαν,
1469 402 1585 458 τοῖς
1629 391 1670 448 δ’
1722 395 1998 454 ἐναντίοις

292 482 555 535 ἐναντίαν
598 489 820 549 μοῖραν.
884 474 1126 547 ἀγύρται
1191 480 1246 532 δὲ
1292 481 1382 532 καὶ
1423 476 1652 548 μάντεις
1696 478 1782 533 ἐπὶ
1828 479 1998 529 πλου-

293 566 426 628 σίων
485 559 678 633 θύρας
730 559 906 625 ἰόντες
960 567 1295 625 πείθουσιν,
1354 559 1426 624 ὡς
1485 564 1594 616 ἔστι
1643 557 1796 631 παρὰ
1843 564 1996 632 σφίσι

293 645 528 717 δύναμις
572 652 627 700 ἐκ
675 648 831 702 θεῶν
859 648 1191 717 ποριζομένη
1229 649 1458 709 θυσίαις
1504 666 1561 700 τε
1608 648 1697 699 καὶ
1744 646 1999 712 ἐπῳδαῖς,

296 731 400 786 εἴτε
468 751 521 784 τι
587 728 830 800 ἀδίκημα
905 751 1007 785 του
1076 734 1296 800 γέγονεν
1358 727 1536 784 αὐτοῦ
1595 726 1626 794 ἢ
1691 725 1999 801 προγόνων,

290 813 560 869 ἀκεῖσθαι
615 812 743 884 μεθ’
807 812 1022 881 ἡδονῶν
1085 835 1141 868 τε
1210 817 1301 869 καὶ
1345 815 1578 884 ἑορτῶν,
1623 811 1724 866 ἐάν
1769 818 1824 867 τέ
1873 831 1997 864 τινα

290 896 505 969 ἐχθρὸν
549 900 799 966 πημῆναι
843 900 1028 974 ἐθέλῃ,
1055 895 1192 968 μετὰ
1242 900 1484 967 σμικρῶν
1528 898 1797 951 δαπανῶν
1842 891 1998 965 ὁμοί-

291 1005 362 1046 ως
407 985 621 1037 δίκαιον
665 981 842 1050 ἀδίκῳ
884 982 1130 1055 βλάψειν
1180 988 1492 1050 ἐπαγωγαῖς
1537 1001 1645 1034 τισι
1688 984 1781 1034 καὶ
1826 999 1997 1033 κατα-

291 1070 506 1138 δέσμοις
556 1064 683 1131 τοὺς
728 1062 915 1130 θεούς,
962 1063 1037 1129 ὥς
1081 1084 1236 1141 ιῙασι,
1285 1069 1582 1129 πείθοντές
1625 1083 1816 1139 σφισιν
1855 1061 1997 1129 ὑπη-

407 1234 457 1277 C.
526 1230 615 1271 ἰόν
646 1232 704 1271 τέ
735 1245 859 1270 τινα
900 1229 1135 1286 ἓχθρόν]
1191 1230 1239 1272 V.
1290 1228 1360 1269 καὶ
1397 1226 1471 1268 ἐάν
1509 1226 1587 1267 τιν’
1632 1226 1830 1282 ἱχθρόν,
1881 1225 1994 1277 qnod

292 1297 537 1333 correctum
570 1301 626 1329 ex
660 1287 760 1330 Par.
797 1290 845 1328 A.
867 1288 962 1328 vat.
1000 1287 1052 1328 Θ.
1090 1289 1193 1329 Ven.
1228 1289 1324 1331 ΞΙΙ.
1346 1287 1503 1327 Ambr.
1531 1291 1640 1337 Aug.
1670 1288 1762 1327 Vat.
1792 1298 1846 1328 m.
1874 1284 1994 1324 Flor.

291 1363 331 1389 a.
364 1362 400 1391 c
431 1361 472 1389 x.
505 1364 548 1386 α.
580 1349 623 1399 β.
655 1361 721 1398 7.,
765 1346 838 1397 qui
879 1346 973 1386 fere
1013 1345 1094 1385 τιν’
1137 1344 1309 1399 ἰχθρόν
1347 1344 1535 1395 habent,
1580 1343 1656 1385 sed
1700 1360 1798 1385 τινα
1831 1339 1998 1394 ἐχθρόν

291 1406 393 1448 Par.
428 1409 476 1448 Α.
509 1410 626 1445 teste
657 1404 902 1444 Duebnero.

404 1461 574 1514 ἀδίκῳ
620 1459 880 1513 βλάψειν]
928 1459 1067 1512 Vulgo
1105 1457 1602 1511 ssiduea.1nfinitivum
1646 1456 1833 1512 βλάψειν
1874 1452 1994 1494 exhi-

286 1521 391 1561 bent
435 1520 553 1561 Mon.
601 1518 799 1559 Ambros
850 1518 1066 1570 probante
1096 1518 1314 1561 Bekkero.
1377 1519 1421 1559 ln
1452 1519 1611 1569 Anoel.
1643 1516 1800 1568 legitur
1830 1509 1995 1579 βλάψῃ.

285 1578 490 1620 Muretus
537 1575 724 1618 coniecit
760 1574 947 1629 βλάψαι.
1019 1574 1110 1616 Sed
1149 1575 1310 1629 pendet
1358 1576 1590 1616 infinitivus
1643 1587 1697 1615 ex
1742 1573 1833 1613 ἔστι
1878 1566 1993 1622 παρὰ

1194 1690 1449 1743 ἐπῳδαῖς,
1491 1689 1519 1730 i.
1550 1702 1588 1731 e.
1628 1687 1907 1736 carminibus,
1953 1685 1996 1726 in

286 1692 458 1734 saclle
479 1703 546 1732 ac
567 1690 844 1741 libenter,
872 1695 919 1731 ut
936 1689 1100 1732 Pliaed.

1193 1750 1350 1801 quibus
1395 1747 1547 1788 miram
1596 1747 1809 1799 quamam
1851 1744 1995 1785 inesse

287 1764 332 1804 p.
381 1749 482 1793 117.
533 1748 582 1788 C.
634 1747 743 1789 infra
800 1747 848 1789 V.
903 1761 945 1800 p.
998 1747 1101 1793 475.

290 1806 452 1861 soph.
488 1804 672 1847 Philoct.
702 1818 740 1851 v,
776 1805 878 1849 519.
911 1805 1098 1847 Germa-

289 1866 385 1907 nice
406 1863 586 1905 dixeris:
621 1864 703 1904 sie
735 1863 855 1904 sind
889 1864 1096 1905 hereit-

290 1922 461 1975 willig
493 1921 577 1961 bei
610 1921 705 1962 der
737 1920 887 1962 Hand
921 1927 1000 1964 etr.

345 1980 402 2021 B.
471 1980 590 2032 βίον
638 1975 804 2018 κακόν
847 1978 1093 2032 ἔνειμαν]

289 2038 545 2079 tribuere
577 2036 781 2078 solent.

344 2093 581 2162 ἀγύρται
629 2092 682 2132 δὲ
728 2092 820 2131 και
862 2091 1096 2146 μα’ντεις

287 2151 370 2206 ’—]
396 2149 612 2206 Ἀγύριαι
654 2150 829 2191 suerunt
861 2150 1094 2191 circumfo-

287 2210 408 2252 ranei
442 2207 695 2257 sacrificuli,
733 2207 803 2260 qui
834 2201 1094 2260 olysipona,

287 2266 327 2309 h.
362 2280 399 2308 e.
429 2267 588 2318 stipem
629 2237 715 2306 de'o
754 2265 920 2306 deaeve
951 2265 1095 2316 alicui,

288 2325 409 2366 cuius
443 2323 628 2376 effigiem
665 2334 770 2376 prae
804 2335 852 2362 se
884 2321 1096 2374 ferebant,

289 2382 542 2432 colligentes
581 2393 658 2434 per
693 2379 852 2433 oppida
894 2384 939 2420 et
977 2381 1095 2423 vicos

290 2439 560 2492 vagabantur
599 2442 645 2479 et
674 2439 838 2478 artibus
869 2438 959 2477 suis
993 2440 1096 2480 sim-

291 2497 418 2550 plicis
452 2496 704 2548 plebeculae
725 2495 933 2548 pecunias
956 2495 997 2536 in
1019 2509 1095 2537 sua

288 2554 507 2606 marsupia
570 2553 837 2596 derivabant.
924 2553 1094 2595 Etenim

287 2612 495 2653 miracula
527 2625 576 2652 se
607 2616 779 2665 patrare
810 2623 943 2664 posse
974 2611 1096 2652 dice-

288 2666 394 2710 bant
415 2682 465 2710 ac
495 2669 628 2710 modo
648 2667 842 2710 medicos
860 2682 926 2718 se,
960 2668 1093 2710 modo

287 2726 455 2768 divinos
503 2732 547 2767 et
593 2724 782 2771 hariolos
829 2725 1091 2779 profiteban-

288 2790 377 2835 tur,
417 2790 463 2824 ut
505 2797 558 2825 ex
592 2783 674 2824 lioc
703 2783 798 2835 ipso
831 2786 927 2825 loco
959 2784 1088 2826 intel-

286 2842 446 2894 ligitur.
488 2855 529 2882 ν.
561 2841 838 2883 Ruhnken.
883 2840 938 2882 ad
974 2841 1088 2882 Tim.

288 2895 435 2939 Gloss.
467 2913 507 2951 p.
534 2898 593 2942 10
611 2912 677 2951 sq.
713 2898 1090 2941 Hemsterhus.

287 2954 339 2996 ad
375 2956 555 3000 Lucian.
582 2955 694 2997 Dial.
732 2955 1090 3000 Mort.xXV¹ll.

287 3012 628 3054 Mendicantium
685 3026 808 3056 more
859 3026 936 3069 eos
991 3027 1090 3056 esse

286 3069 633 3123 circumvagatos
688 3070 847 3112 indicat
909 3070 1091 3113 formula

285 3125 355 3168 ἐπὶ
389 3127 604 3167 πλουσίων
635 3125 778 3181 θύρας
805 3129 941 3179 ἴέναι,
979 3141 1091 3181 quae

279 3183 346 3233 'de'
390 3181 610 3230 ‚mendicis
657 3185 984 3238 frequentatur,
1043 3191 1090 3227 ut

285 3241 390 3284 libr..
422 3241 495 3284 VI.
537 3254 581 3294 p.
610 3239 712 3285 489.
746 3243 800 3283 B:
848 3241 948 3283 οὐδὲ
983 3241 1091 3295 τοὺς

285 3295 452 3353 σοφοὺς
489 3297 569 3353 ἐπὶ,
598 3299 811 3339 πλουσίων
847 3298 993 3354 θύρας
1033 3299 1088 3342 ἰέ-

282 3370 367 3397 ναι.
401 3354 587 3397 Pllaedr.
620 3369 660 3410 p.
693 3355 791 3399 ‘233-
826 3356 886 3398 E:
918 3357 988 3397 καὶ
1020 3355 1090 3398 ἐπὶ

284 3410 434 3471 θύρας
467 3411 624 3466 ἥξουσι.
655 3413 766 3458 Ibid.
788 3427 830 3467 p.
850 3413 948 3458 245.
971 3417 1021 3456 A.
1036 3438 1085 3444 --

1186 1808 1270 1848 vim
1321 1804 1586 1857 credebant,
1631 1802 1996 1847 incantationibus

1185 1864 1378 1916 magicis.

1240 1922 1349 1962 εἴτε
1393 1935 1444 1959 τι
1483 1915 1727 1990 ἀδίκημά
1771 1930 1870 1957 του
1911 1916 1996 1969 γέ-

1179 1993 1340 2030 γονεν
1387 1976 1563 2018 αυτοῦ
1601 1976 1626 2028 ἥ
1681 1973 1995 2029 προγόνων]

1181 2036 1300 2077 sive
1360 2037 1483 2088 quis
1543 2037 1664 2088 ipse
1722 2032 1995 2076 iniustum

1179 2093 1308 2147 quid
1353 2093 1653 2141 commisit,
1715 2091 1830 2132 sive
1873 2092 1996 2133 eius

1182 2152 1439 2195 maiores.
1500 2151 1599 2192 Hos
1636 2150 1764 2191 simul
1798 2161 1994 2192 comme-

1183 2213 1347 2260 morat,
1398 2209 1495 2261 quia
1542 2212 1715 2249 veteres
1757 2206 1993 2248 credebant

1182 2267 1241 2308 lui
1277 2279 1441 2320 poenas
1472 2265 1684 2307 interdum
1716 2265 1769 2305 ab
1802 2263 1984 2306 homini·

1182 2325 1262 2365 bus
1313 2337 1398 2365 non
1441 2328 1608 2364 tantum
1656 2335 1830 2373 eorum,
1881 2335 1990 2375 quae

1182 2382 1261 2435 ipsi
1306 2385 1652 2435 perpetrassent,
1711 2379 1789 2422 sed
1838 2381 1988 2431 etiam,

1183 2452 1293 2491 quae
1326 2441 1514 2480 maiores
1544 2439 1750 2492 ipsorum.
1790 2451 1828 2479 v.
1859 2439 1897 2482 1.
1928 2438 1988 2480 Η.

1182 2493 1423 2538 Vossius
1463 2496 1518 2537 ad
1562 2496 1709 2549 virgil.
1748 2496 1915 2550 Georg.
1950 2496 1986 2541 I.

1172 2550 1221 2595 vv.
1251 2555 1335 2599 501
1368 2567 1464 2607 sqq.
1523 2551 1709 2598 Deflet
1729 2553 1830 2605 -ἤ
1863 2552 1986 2597 dixe.-

1179 2619 1278 2654 ruut
1319 2611 1603 2654 Scliaefer.
1647 2611 1817 2652 Melett.
1869 2613 1982 2653 critt.

1180 2684 1221 2724 p.
1253 2670 1295 2714 5.
1335 2670 1570 2712 Lobeck.
1601 2668 1655 2710 ad
1689 2669 1825 2721 δορὴ.
1857 2671 1983 2713 Aiac.

1178 2727 1351 2782 2245.
1386 2732 1430 2770 et
1460 2741 1501 2782 p.
1531 2726 1632 2771 442.
1674 2727 1894 2768 Iacobs.
1929 2726 1984 2768 ad

1179 2787 1330 2840 Aeliill.
1361 2785 1461 2827 Tat.
1493 2783 1658 2838 p.>946.
1695 2784 1982 2829 Heindorf.

1176 2841 1230 2885 ad
1262 2843 1376 2886 Plat.
1410 2842 1597 2889 Phaedr,
1629 2855 1669 2896 p.
1699 2841 1797 2886 277.
1833 2843 1883 2885 D.

1235 2901 1285 2945 C.
1316 2899 1592 2941 ἀκεῖσθαι
1620 2898 1748 2953 μεθ’
1783 2897 1983 2950 ἡδονῶν

1175 2971 1232 2997 τε
1271 2957 1357 2998 καὶ
1394 2955 1626 3013 ἑορτῶν]
1680 2956 1884 3000 habere
1921 2970 1983 2999 se

1176 3015 1516 3056 facultatem
1555 3037 1605 3045 —
1651 3014 1852 3055 delicti
1896 3028 1980 3057 ex-

1177 3073 1366 3123 piandi
1429 3072 1869 3114 oblectamentis
1919 3086 1980 3114 ac

1174 3130 1342 3171 festis
1378 3128 1608 3182 diebus,
1659 3143 1720 3171 ac
1764 3131 1811 3172 si
1850 3131 1981 3183 quis

1175 3187 1401 3229 inimico
1441 3199 1644 3228 nocere
1689 3187 1851 3239 velit,
1900 3186 1978 3229 fa-

1175 3249 1266 3286 cto
1329 3243 1532 3297 exiguo
1593 3250 1837 3298 sumptu,
1901 3245 1975 3285 iu-

1175 3306 1314 3344 stum
1357 3303 1570 3355 pariter
1619 3308 1783 3354 atque
1836 3301 1977 3342 iniu-

1173 3364 1313 3402 stum
1337 3359 1612 3401 laedendi.
1645 3360 1839 3402 Ver-bum
1860 3357 1975 3399 αἰκεῖ-

1172 3421 1286 3459 σθαι
1318 3417 1494 3460 omnino
1518 3423 1586 3461 cst
1620 3417 1862 3461 damnum
1898 3429 1975 3458 re-
