2098 3658
317 189 418 241 274
935 184 1422 244 PLA'TONIS

308 336 444 404 ὲγωῖ,’
472 335 703 390 (δεῖσθαι
747 335 777 391 ὅ
828 357 880 390 τι
922 335 1000 408 μὴ
1047 337 1377 409 τραυμάτων
1402 344 1560 393 ἕνεκα
1605 336 1639 406 ἢ
1685 360 1849 395 τινων
1892 345 2014 396 ἑπε-

207 417 261 469 Ι)
312 423 468 475 τείων
529 419 861 491 νοσημάτων
915 422 1312 488 ἐπιπεσόντων,
1367 421 1513 476 ἀλλὰ
1570 422 1641 478 δι’
1707 423 1914 495 ἀργίαν
1956 446 2014 481 τε

304 507 397 559 καὶ
443 507 680 561 δίαιταν.
727 505 1239 578 οἴανδιήλθομεν,
1283 505 1574 581 ῥευμάτων
1619 529 1676 562 τε
1720 510 1814 562 καὶ
1851 530 2015 564 πνευ-

296 586 499 655 μάτων
558 585 736 660 ὥςπερ
791 592 988 659 λίμνας
1042 596 1489 664 ἐμπιπλαμένους
1542 592 1726 666 φύσας
1796 614 1855 649 τε
1920 597 2013 650 καὶ

305 670 625 748 κατάῤῥονς
669 672 982 744 νοσήμασιν
1034 675 1289 747 ὀνόματα
1347 682 1627 731 τίθεσθαι
1678 674 2012 747 ἀναγκάζειν

302 755 435 821 τοὺς
477 755 738 834 κομψοὺς
781 757 1205 827 Ἀσκληπιάδας,
1248 760 1349 816 οὐκ
1395 760 1626 832 αἰσχρὸν
1671 764 1850 830 δοκεῖ,-
1894 765 2012 819 Καὶ

302 841 463 914 μάλ’,
511 848 645 917 ἔφη,
714 841 788 906 ὡς
829 843 1064 911 άληθῶς
1108 844 1274 900 καινὰ
1319 850 1497 900 ταῦτα
1543 850 1634 900 καὶ
1680 842 1869 900 ἄτοπα
1913 863 2009 902 νο-

299 927 563 997 σημάτων
606 926 884 998 ὀνόματα.
976 929 1108 995 Οἷα,
1168 922 1235 997 ἦν
1279 929 1328 985 δ’
1368 929 1509 1000 ἐγώ,
1554 928 1628 994 ὡς
1673 930 1878 1002 οἶμαι,-
1907 931 2007 987 οὐκ

299 1004 368 1080 ἦν
414 1011 531 1066 ἐπ’·
568 1010 921 1080 Ἀσκληπιοῦ.
984 1019 1347 1088 τεκμαίρομαι
1407 1018 1488 1081 δέ,
1564 1013 1650 1070 ὅτι
1715 1013 1894 1070 αὐτοῦ
1954 1022 2006 1071 οἱ

415 1202 442 1246 ὅ
473 1221 518 1247 τι
548 1203 613 1260 μὴ
648 1205 998 1280 τραυμάτων]
1037 1209 1082 1248 V.
1116 1205 1194 1251 ὅτι.

412 1262 733 1318 νοσημάτων
781 1263 1191 1315 ἐπιπεσόντων]
1242 1267 1297 1305 V.
1339 1263 1681 1320 περιπεσόιτων,
1723 1269 1843 1320 quod
1882 1268 2004 1308 solus

297 1322 406 1375 Ven.
442 1323 493 1367 Ξ·
536 1338 634 1369 οιιιιι
677 1323 905 1378 Stephano
945 1331 1106 1366 tuetur.
1177 1323 1441 1376 Quanquam
1479 1328 1716 1378 περιπίπτει
1757 1321 1893 1367 κακόν
1924 1341 2002 1366 τινι

294 1381 405 1426 alias
435 1382 614 1433 legitur,
646 1384 767 1423 velut
796 1385 866 1435 ap.
899 1381 1130 1434 Aristoph.
1163 1379 1439 1434 Thesmoph.
1468 1396 1509 1422 v.
1540 1383 1639 1427 271.
1833 1390 1844 1398 “

414 1439 472 1479 D.
544 1437 990 1489 ἐμπιπλαμένους
1030 1437 1213 1491 φύσας
1252 1453 1304 1479 τε
1343 1440 1411 1492 κ.]
1451 1441 1691 1494 Vulgatum
1732 1438 1907 1493 φύσσαε
1946 1452 2002 1483 ex

292 1498 396 1539 Par.
427 1499 484 1542 A.
522 1499 624 1539 Vat.
665 1496 712 1538 Θ.
756 1499 882 1538 vind.
918 1497 1026 1541 ΞΠ.
1068 1499 1205 1542 vind.
1246 1499 1398 1538 Ambr.
1437 1503 1554 1550 Ang.
1588 1500 1688 1542 Vat.
1723 1514 1780 1539 m.
1811 1513 1845 1542 r.
1878 1499 2001 1540 Flor.

291 1570 329 1597 a.
364 1569 397 1595 c.
430 1570 472 1596 x.
504 1570 547 1596 n.
579 1570 618 1595 α.
651 1570 688 1609 γ.
719 1563 955 1606 mutatum3
989 1556 1104 1596 conf.
1137 1555 1294 1595 Foes.
1337 1554 1515 1597 Oecom.
1558 1557 1691 1609 Hipp.
1733 1571 1776 1610 p.
1810 1557 1998 1610 669.sq.

291 1614 513 1655 Nimirum
546 1611 697 1665 φύσσα
726 1616 1016 1667 scripserunt,
1059 1615 1161 1667 quia
1202 1615 1388 1666 primam
1421 1615 1636 1666 syllabam
1662 1616 1710 1655 in
1743 1613 1866 1667 φύσα
1895 1628 1999 1669 pro·

292 1674 537 1713 ducendam
569 1685 667 1713 esse
702 1673 936 1714 vidissent.
1000 1672 1205 1713 Ceterum
1241 1672 1382 1713 Paris.
1417 1674 1478 1714 A.
1508 1670 1704 1723 ἐμπιμπλ.

1185 1844 1263 1885 sed
1296 1835 1490 1884 radicem
1520 1845 1670 1885 tritam
1702 1849 1746 1885 et
1774 1845 1820 1884 in
1843 1844 1996 1896 pulve-

346 1844 403 1885 D.
485 1838 614 1885 ἀλλὰ
668 1841 737 1884 δι’
787 1839 986 1897 ἀργίαν
1049 1857 1101 1884 τε

1182 1914 1275 1942 rem
1321 1902 1511 1943 solutam
1561 1902 1735 1942 vulneri
1793 1902 1994 1954 imponit.

290 1902 378 1942 καὶ
417 1899 482 1955 δ.]
524 1903 619 1943 scd
673 1909 902 1955 propter
946 1904 1099 1955 igna-

288 1961 432 2001 viam
503 1961 848 2014 vivendique
916 1960 1095 2001 ratio-

287 2031 425 2069 nem,
511 2019 732 2070 qualem
821 2019 1095 2066 diximus,

290 2076 546 2117 fluxibus
583 2088 657 2117 ,ac
684 2076 952 2119 ,flatibus
1013 2089 1094 2116 ve-

287 2134 398 2173 luti
457 2134 609 2174 lacus
672 2135 926 2184 repletos
987 2147 1095 2174 rem

285 2204 349 2232 eo
391 2192 691 2242 deducere,
738 2198 793 2230 ut
834 2193 1093 2244 gratiosi

284 2250 755 2302 Asclepiadae
822 2256 1095 2302 cogantur

282 2307 582 2360 physarum
613 2313 667 2349 et
700 2309 1092 2349 catarrhorum

282 2366 512 2418 nomina
547 2365 752 2407 morbis
794 2367 1090 2419 imponere,

282 2420 392 2469 non
450 2429 612 2476 turpe
670 2423 931 2464 videtur?
1004 2424 1090 2465 Re-

283 2479 430 2535 spexit
460 2481 587 2535 Tyr.
624 2482 765 2522 MaX.
804 2482 864 2533 X,
897 2483 937 2524 2.
999 2482 1088 2523 Lo-

282 2540 447 2593 quendi
480 2553 619 2592 genus
669 2540 785 2580 idem
822 2514 994 2581 P’hileb.
1023 2553 1086 2609 p.

282 2598 371 2642 60.
384 2599 448 2638 Α·.
491 2599 558 2638 καὶ
600 2585 682 2638 δύο
730 2592 939 2647 ὀνόματα,
983 2592 1086 2651 ἄγα-

280 2649 374 2696 &bb
405 2655 474 2696 καὶ
502 2652 614 2727 ηδύ,
646 2655 716 2696 ἑνί
741 2670 820 2696 τινι
853 2652 925 2697 καί
956 2653 1087 2708 φύσει

280 2715 356 2769 μιᾷ
396 2714 535 2755 τούτω
579 2709 731 2768 ὀρθῶς
763 2708 934 2755 μεθέντ’
965 2715 1086 2766 ἔχειν.

277 2774 390 2813 Voc.
423 2769 593 2824 κομψός
624 2773 864 2813 illustravit
905 2773 1087 2823 Ruhn-

278 2830 396 2872 ken.
431 2831 487 2871 ad
519 2831 659 2874 Tim.-
654 2844 711 2883 Ρ.
734 2830 833 2873 161.
862 2832 961 2871 Ab
982 2832 1087 2871 Ari-

278 2889 437 2930 stotele
476 2891 636 2930 medici
676 2887 897 2942 χαριέντες
924 2901 1084 2930 vocan-

276 2952 371 2998 tur,
430 2948 549 2988 unde
597 2949 771 2999 'postea
813 2952 916 2987 sunt
953 2959 1089 2999 gra-z

278 3006 420 3044 tiosi
453 3006 704 3058 appellati..-
907 3021 911 3026 ’

339 3059 420 3102 ὅτι
477 3059 652 3104 αυτοῦ
702 3062 756 3103 οἱ
801 3062 948 3104 υἱεῖς
993 3062 1082 3115 ·--]

276 3120 498 3176 Machaon
517 3127 559 3161 et
585 3122 850 3163 Podalirius.
872 3136 913 3164 v.
939 3120 1082 3169 Hom.

276 3176 335 3218 Il.
357 3177 412 3228 Il,
446 3178 561 3222 729.
602 3179 720 3233 Resp
723 3176 854 3219 icitur
880 3178 1007 3235 locus
1028 3176 1084 3218 ΙΙ.

276 3207 484 3289 X1‚623
517 3250 610 3291 sqq.
652 3243 694 3277 et
693 3194 809 3301 Ρ829
839 3240 935 3292 sqq
948 3266 961 3287 ,
975 3231 1078 3289 ¹ubi

274 3264 423 3335 tamen
447 3292 697 3344 Machaoni‚
730 3293 819 3348 non
832 3284 1076 3358 Eurypylo

273 3343 329 3398 ab
377 3350 623 3403 Hecamede
663 3355 795 3408 potus
819 3350 908 3394 ille
948 3360 1075 3409 prae-

269 3409 414 3460 betur,
442 3416 575 3464 atque
597 3395 826 3451 Patroclus
845 3403 1074 3464 ΕὶιιγΡῩῘὸ

271 3469 499 3529 νιιῐιῳιειιο
549 3481 639 3509 non
669 3469 892 3522 potionem
926 3467 1071 3519 offert,

1182 1959 1342 2011 Itaque
1381 1960 1591 2003 Astius
1639 1973 1799 2001 nomen
1849 1960 1993 2012 Eury-

1181 2019 1273 2069 pyli
1296 2019 1488 2069 itemque
1514 2018 1651 2058 verba
1683 2013 1787 2057 οὐδὲ
1819 2014 1991 2071 Πατρό-

1182 2076 1265 2129 κλῳ
1307 2099 1350 2104 -
1387 2072 1642 2128 ἑπετίιιηοαν
1670 2089 1751 2128 pro
1783 2077 1992 2117 insiticiis

1180 2133 1325 2175 habet.
1369 2133 1459 2173 Sed
1491 2135 1725 2186 quominus
1745 2135 1992 2178 orationem

1180 2192 1466 2243 depiavatam
1519 2205 1614 2231 esse
1675 2182 1990 2241 existimemus,

1180 2251 1250 2289 vel
1283 2252 1444 2289 iterata
1474 2262 1516 2301 p.
1546 2249 1646 2294 408.
1682 2252 1736 2290 A.
1775 2251 1988 2303 Eurypyli

1178 2308 1343 2347 mentio
1375 2306 1594 2360 prohibet.
1655 2307 1817 2348 Melius
1849 2310 1991 2360 igitur

1178 2363 1561 2407 Schneiderus
1600 2365 1629 2405 1.
1661 2379 1697 2406 c.
1736 2366 1987 2418 „Memora-

1177 2424 1276 2464 bilis
1307 2423 1381 2463 hic
1410 2424 1548 2476 locus,
1578 2423 1736 2477 inquit,
1769 2425 1823 2465 ad
1843 2425 1986 2464 histo-

1174 2483 1284 2522 riam
1351 2483 1591 2521 carminum
1645 2482 1983 2537 Homericorum

1175 2543 1263 2589 est,
1313 2544 1357 2580 et
1408 2540 1638 2592 princeps,
1689 2541 1735 2580 ni
1775 2541 1984 2589 fallimur,

1173 2598 1220 2638 in
1253 2609 1414 2650 genere
1445 2610 1524 2648 eo,
1568 2598 1622 2638 de
1663 2610 1749 2651 quo
1788 2599 1984 2651 disputa*

1173 2653 1498 2696 vitWolfius
1530 2653 1573 2698 in
1592 2655 1840 2708 Prolegom.
1876 2661 1981 2697 sect.

1172 2709 1291 2754 XI.“
1332 2712 1599 2766 Quanquam
1631 2727 1803 2766 vereor,
1837 2719 1883 2754 ut
1911 2726 1981 2754 re-

1174 2776 1240 2812 cte
1291 2770 1417 2817 haec¹
1450 2768 1694 2823 scripserit,
1762 2771 1980 2824 siquidem

1172 2829 1269 2883 ipse
1305 2829 1432 2870 Plato
1463 2828 1561 2869 Ion.
1593 2842 1635 2881 p.
1671 2828 1771 2872 508.
1807 2828 1856 2869 O.
1886 2841 1980 2870 rem

1174 2888 1237 2928 ita
1269 2891 1433 2936 narrat,
1466 2892 1516 2926 ut
1540 2891 1727 2938 prorsus
1758 2898 1855 2926 cum
1884 2887 1979 2927 Ho-

1173 2943 1317 2985 mero
1343 2945 1601 2984 consentiat.
1675 2945 1821 2997 ltaque
1870 2946 1981 2985 scri-¹

1170 3005 1342 3055 ptorem
1374 3002 1627 3054 ,putaverim
1668 3002 1880 3042 memoria
1913 3003 1977 3043 la-

1169 3067 1297 3112 psum
1327 3056 1420 3099 rem
1450 3072 1567 3099 nunc
1603 3060 1747 3100 minus
1789 3061 1975 3112 diligen-

1169 3117 1519 3158 ter’narruvisse‘
1556 3129 1608 3158 ac
1643 3118 1758 3158 'duos
1789 3118 1974 3159 Homeri

1170 3171 1292 3216 locos
1333 3175 1672 3216 commiscuisse.
1753 3176 1813 3216 Et
1857 3182 1975 3217 certe

1166 3230 1313 3280 verba,
1351 3226 1454 3272 οὐδὲ
1492 3229 1727 3288 Πατρόκλῳ
1761 3234 1821 3287 ’τῷ
1849 3231 1972 3284 ἰωμέ-

1161 3305 1227 3346 νῳ,
1254 3289 1529 3343 ἐπετίμησαν,
1562 3292 1671 3332 nihil
1706 3292 1872 3332 h‘abent
1902 3291 1971 3332 of-

1159 3348 1392 3400 fensionis,
1409 3349 1781 3402 'quandoquidem
1815 3349 1876 3403 τῷ
1897 3347 1968 3389 lm-

1157 3405 1270 3461 μένῲ
1309 3406 1488 3447 omnino
1529 3413 1595 3449 est
1624 3407 1963 3457 medicinam

1157 3462 1410 3509 facienti.
1453 3489 1507 3497 --
1578 3465 1647 3506 De
1697 3467 1800 3506 vino
1847 3464 1960 3506 Pra-
