2124 3744
344 190 443 241 126
887 187 1372 241 PLATONIS

337 341 391 388 ἐκ
439 336 495 387 δὲ
541 332 756 387 τούτων
814 331 882 386 τὰ
941 340 1000 388 ὲν
1048 336 1123 403 τῷ
1170 334 1395 406 οὐρανῷ
1444 336 1535 387 καὶ
1580 329 1757 386 αὐτὸν
1802 329 1902 384 τὸν
1947 331 2038 386 οὐ-

337 415 516 488 ρανὸν
578 416 792 489 νύκτωρ
849 415 923 470 ἂν
978 416 1124 491 ῥᾷον
1180 418 1493 481 θεάσαιτο,
1564 418 1919 486 προςβλέπων
1977 412 2041 468 τὸ

202 516 295 567 ’Β
338 504 449 556 τῶν
505 497 726 572 ἄστρων
788 522 844 555 τε
906 505 996 556 καὶ
1045 502 1276 568 σελήνης
1338 502 1484 576 φῶς,
1537 497 1570 567 ἢ
1629 498 1770 570 μεθ’
1834 497 2044 568 ἡμέραν

337 585 438 640 τὸν
471 582 631 651 ἥλιόν
662 607 719 639 τε
761 587 852 638 καὶ
902 582 965 641 τὸ
993 590 1091 641 τοῦ
1138 585 1314 651 ἡλίου.
1385 587 1524 647 Πῶς
1567 583 1617 638 δ’
1675 579 1772 654 οὔ,
1853 585 2043 636 Τελευ-
2111 654 2114 655 ⁷

337 668 647 736 ταῖον“”δή,
699 668 883 739 οἶμαι,
930 668 1031 724 τὸν
1076 668 1267 736 ἥλιον,
1321 667 1422 723 οὐκ
1468 675 1526 722 ὲν
1570 666 1768 724 ὕδασιν
1813 664 1936 721 οὐδ’
1987 672 2044 718 ἐν

334 753 608 824 ἀλλοτρίᾳ
651 756 785 823 ἕδρᾳ
827 754 1210 826 φαντάσματα
1256 752 1455 814 αὐτοῦ,
1498 751 1622 806 ἀλλ’
1678 748 1853 806 αὐτὸν
1894 748 2035 804 καθ’

337 835 514 892 αὑῖὸν
568 845 625 891 ὲν
686 840 750 913 τῇ
807 836 984 892 αὑτοῦ
1038 839 1192 909 χώρᾳ
1252 835 1466 892 δύναιτ’
1525 834 1599 889 ἂν
1654 839 1896 890 κατιδεῖν
1951 837 2042 888 καὶ

337 922 683 976 θεάσασθαι
728 920 847 985 οἶός
889 929 1053 978 ἐστιν.
1135 922 1485 990 Ἀναγκαῖον,
1533 925 1658 995 ἔφη.
1744 921 1858 974 Καὶ
1904 915 2041 988 μετὰ

336 1005 498 1061 ταῦτ’
553 1004 627 1060 ἂν
675 1003 779 1072 ἢδη
825 1010 1202 1075 συλλογίζοιτο
1249 1011 1367 1076 περὶ
1416 1004 1618 1069 αὐτοῦ,
1665 1002 1755 1059 ὅτι
1800 996 1968 1066 οὗτος
2011 999 2040 1056 ὁ

336 1089 440 1154 τοὶς
489 1112 543 1145 τε
588 1087 737 1161 ὥρας
783 1098 1035 1162 παρέχων
1080 1095 1173 1145 καὶ
1218 1087 1509 1153 ἐνιαυτοὺς
1553 1091 1644 1144 καὶ
1692 1089 1879 1142 πάντα
1929 1094 2042 1140 ἐπι·
2115 1115 2124 1158 ⁴3

335 1174 621 1246 τροπεύων
665 1173 734 1227 τὰ
780 1181 838 1229 ὲν
882 1178 959 1244 τῷ
1006 1173 1265 1246 ὁρωμένῳ
1316 1174 1502 1243 τόπῳ,
1562 1176 1651 1227 καὶ
1708 1178 1922 1227 ἐκείνων
1966 1163 2044 1224 ὧν

249 1278 296 1332 C
336 1271 493 1332 σφεῖς
555 1255 739 1328 ἑῶρων
795 1258 1007 1330 τρόπον
1066 1258 1190 1314 τινὰ
1262 1258 1489 1314 πάντων
1544 1258 1740 1320 αἴτιος.
1845 1259 2044 1321 Δῆλον,

335 1348 459 1416 ἔφη,
507 1341 595 1397 ὅτι
641 1346 728 1397 ἐπὶ
774 1346 952 1398 ταῦτα
998 1340 1072 1398 ἂν
1114 1342 1237 1414 μετ’
1291 1351 1468 1399 ἐκεῖνα
1513 1345 1698 1396 ἔλθοι.
1794 1339 1868 1394 Τι’
1910 1331 2042 1399 οὗνῑ,

335 1424 898 1498 ἀναμιμνησκόμενον
954 1424 1132 1482 αὐτὸν
1187 1430 1287 1492 τῆς
1351 1427 1572 1496 πρώτης
1639 1423 1897 1491 οἰκήσεως
1952 1427 2045 1477 καὶ
2121 1425 2124 1456 ³

338 1514 436 1577 τῆς
491 1517 597 1566 ἐκεῖ
657 1515 862 1585 σοφίας
917 1515 1009 1567 καὶ
1066 1514 1178 1566 τῶν
1223 1509 1349 1568 τότε
1393 1511 1783 1577 ξυνδεσμωτῶν
1829 1507 1929 1563 οὐκ
1971 1505 2045 1561 ἂν
2120 1469 2124 1596 1

339 1597 441 1651 οἴει
487 1593 690 1651 ἑαυτὸν
733 1600 833 1666 μὲν
875 1595 1273 1665 εὐδαιμονίζειν
1320 1599 1416 1662 τῆς
1441 1596 1769 1665 μεταβολῆς,
1815 1590 1947 1656 τοὺς
1987 1594 2043 1644 δὲ

337 1684 534 1744 ὲλεεῖνς
621 1680 738 1734 Καὶ
790 1679 964 1751 μα’λα.
1062 1684 1229 1750 Τιμαὶ
1290 1683 1346 1735 δὲ
1404 1682 1496 1734 καὶ
1549 1682 1770 1733 ἔπαινοι
1813 1677 1862 1731 εἴ
1902 1698 2045 1739 τινες

338 1763 534 1827 αὐτοῖς
578 1754 720 1830 ἦσαν
763 1765 888 1819 τότε
933 1764 1068 1838 παρ’
1134 1763 1393 1831 ἀλλήλων
1446 1766 1539 1817 καὶ
1597 1769 1728 1833 γέρα
1789 1764 1866 1831 τῷ
1918 1760 2043 1826 ὀξύ-

339 1870 482 1903 τατα
528 1852 859 1919 καθορῶντι
905 1848 974 1904 τὰ
1021 1848 1317 1920 παριόντα,
1364 1851 1454 1902 καὶ
1480 1846 1894 1918 μνημονεύοντι
1937 1844 2072 1915 μοι’-->

231 1949 285 2001 D
338 1937 499 1988 λιστα
545 1931 650 1987 ὅσα
699 1955 755 1988 τε
802 1933 1047 2008 πρότερα
1093 1934 1282 1988 αὐτῶν
1326 1936 1418 1988 καὶ
1465 1931 1670 2002 ὕστερα
1716 1930 1906 1986 εἰώθει
1951 1933 2040 1984 καὶ

453 2124 628 2168 αυτὸν
660 2125 753 2169 τὸν
786 2122 1051 2180 ουρανόν]
1085 2127 1160 2168 Sic
1194 2128 1294 2168 Par.
1330 2125 1494 2168 ADK.
1528 2124 1636 2166 Ven.
1670 2122 1724 2164 ΙΙ.
1763 2124 1888 2164 vind.
1915 2123 2040 2163 Mon.

340 2190 462 2257 Ang.
495 2186 589 2230 Vat.
622 2200 679 2226 m.
712 2199 747 2226 ι’.
782 2198 858 2226 sex
902 2186 1150 2226 Florentini
1191 2191 1234 2226 et
1273 2185 1556 2226 lamblichus.
1618 2183 1766 2234 Vulgo
1811 2177 1947 2221 αὐτὸν
1987 2177 2041 2220 ἄν

340 2260 374 2286 τ.
407 2259 462 2285 ου

452 2258 505 2371 ἐ.
570 2314 670 2340 των
702 2298 918 2351 ἄστρων
950 2315 1003 2341 τε
1036 2300 1120 2340 καὶ
1158 2297 1423 2352 σελήνης]
1463 2299 1531 2338 καὶ
1565 2298 1641 2350 τῆς
1673 2295 1982 2336 022.Par.1(.

458 2355 559 2399 ὅτι’
581 2350 749 2398 οὗτος
796 2354 820 2398 ὁ
866 2356 955 2399 τάς
993 2373 1045 2398 τε
1085 2355 1254 2411 ωρας]
1302 2357 1443 2409 Vulgo
1486 2354 1601 2396 ἐστὶν
1631 2360 1734 2407 post
1766 2345 1897 2393 οὗτος
1924 2355 2041 2393 inse-

337 2424 464 2470 runt,
513 2417 633 2470 quod
676 2429 760 2459 om.
798 2417 896 2457 Par
930 2416 1092 2457 ΑΒΚ.
1130 2416 1226 2457 V-at
1263 2413 1309 2455 Θ.
1351 2416 1466 2455 Ven.
1502 2414 1550 2456 ΙΙ.
1595 2414 1720 2453 vind.
1758 2412 1883 2452 Mon.
1924 2414 2041 2460 Ang.

338 2477 439 2517 Vat.
473 2489 528 2517 m.
559 2487 594 2515 r.
627 2474 747 2514 Flor.
780 2473 825 2525 β.
861 2488 904 2515 Χ.
966 2475 1020 2515 In
1055 2474 1150 2517 Par.
1186 2476 1243 2514 A.
1293 2473 1424 2514 vind.
1470 2472 1564 2512 Vat.
1598 2485 1652 2512 m
1684 2465 1819 2511 αὐτὸς
1848 2483 1928 2523 pro
1963 2464 2038 2510 οὗ-

339 2617 401 2656 θα
448 2612 770 2665 παιδευμάτων·
824 2616 891 2655 καὶ
932 2613 979 2655 ἐν
1026 2612 1146 2656 ὕδατι

343 2671 419 2714 τὸν
460 2670 582 2744 ἥλιον
621 2668 730 2727 ὁρᾶν
766 2671 1024 2713 ἐθισθέντες
1069 2669 1145 2713 οὕ-

338 2743 422 2773 τως
455 2726 574 2785 αυτῷ
600 2731 935 2784 προςβαλοῦμεν
955 2732 1015 2786 τῷ
1036 2731 1146 2783 φωτὶ

337 2789 412 2831 τὰς
444 2787 581 2841 ὄψεις.

397 2875 836 2929 προνςβλέπων
896 2872 961 2915 τὸ
1028 2874 1147 2915 ταῖν

337 2932 553 2987 ἄστρων
613 2948 665 2974 τε
716 2932 803 2973 καὶ
864 2929 1147 2986 σελήνης

340 3005 372 3043 φ
391 2991 488 3044 ιῦς]
537 2991 641 3032 Non
693 3004 805 3044 opus
853 2997 919 3032 est
957 2992 1146 3032 articulo

337 3057 441 3091 ante
473 3046 682 3102 σελήνης.-
701 3050 871 3090 Politic.
903 3063 944 3102 p.
963 3050 1063 3092 271.
1087 3048 1147 3091 C:

340 3105 416 3176 τὴν
445 3105 521 3156 μὲν
553 3104 634 3160 γὰρ
667 3108 750 3146 τῶν
793 3103 966 3159 ἄστρων
1003 3120 1045 3146 τε
1080 3107 1148 3146 καὶ

341 3160 465 3216 ἦλιόυ
516 3161 758 3218 μεταβολὴν
811 3162 944 3217 δῆλον
998 3161 1058 3204 ὥς
1100 3162 1147 3204 ἐν

329 3221 558 3274 ,ἑκατέραις
589 3226 814 3273 συμπίπτει
848 3227 937 3263 ταῖς
967 3227 1147 3275 τροπαις

338 3279 582 3332 γίγνεσθαι.
628 3281 854 3321 Phaedon.
885 3295 926 3333 p.
961 3282 1062 3324 111.
1098 3282 1145 3320 C.

338 3338 480 3390 Legg.
515 3338 576 3377 X.
612 3350 655 3388 p.
687 3338 790 3381 899.
828 3339 878 3378 Β.

395 3422 447 3462 Β.
508 3421 593 3463 καὶ
621 3419 791 3465 πάντα
822 3421 1141 3476 ἐπιτροπεύ-

1230 2614 1324 2669 ων]
1360 2614 1436 2654 Sic
1467 2610 1765 2665 ἐπιτροπεύειν
1785 2626 1882 2652 cum
1913 2625 2037 2652 accu-

1231 2673 1378 2713 sativo
1415 2673 1611 2712 iunctum
1648 2671 1809 2722 legitur
1853 2683 1894 2722 p.
1934 2669 2038 2713 519.

1228 2730 1289 2774 B:
1335 2727 1460 2770 πόλιν
1498 2728 1816 2783 ἐπιτροπεῦσαι
1863 2723 2035 2770 Phileb.

1231 2802 1272 2842 p·
1312 2787 1384 2831 28.
1427 2788 1490 2832 D:
1534 2785 1721 2841 πότερον
1751 2808 1805 2815 -
1838 2781 1887 2824 τὰ
1931 2781 2034 2834 ξύμ-

1232 2859 1368 2887 παντα
1388 2870 1440 2876 -
1461 2842 1759 2899 ἐπιτροπεύειν
1791 2843 1938 2894 φῶμεν
1961 2839 2037 2894 τὴν

1232 2903 1312 2944 τοῦ
1361 2899 1526 2957 ἀλόγου
1575 2903 1642 2943 καὶ
1690 2900 1784 2951 εἰκῇ
1831 2897 2036 2951 δυίαμιν;

1235 2962 1408 3002 Politia.
1464 2975 1507 3014 p
1549 2960 1648 3004 189.
1686 2959 1738 3001 B.
1782 2957 1946 3011 Cratyl.
1989 2972 2032 3011 p.

1231 3019 1334 3063 413.
1373 3020 1439 3069 ss.,
1470 3019 1545 3058 ubi
1576 3020 1681 3059 item
1713 3017 1767 3056 de
1798 3018 1914 3057 sole:
1959 3013 2035 3055 τὸι

1234 3075 1355 3131 ἥλιον
1385 3075 1524 3128 μόνον
1553 3074 1745 3116 διαϊόντα
1779 3075 1846 3113 καὶ
1875 3071 2033 3114 κάοντα

1233 3129 1530 3201 ἐπιτροπεύειν)
1559 3131 1607 3173 τὰ
1642 3130 1758 3174 ὄντα.

1294 3194 1343 3232 Ι).
1404 3188 1717 3243 ἐπάρουρον
1750 3186 1843 3229 ἑόι
1858 3204 1916 3229 τα
1947 3190 2029 3242 —-]

1233 3250 1351 3291 Sunt
1385 3250 1520 3290 velba
1550 3250 1739 3289 Achillis
1780 3248 1897 3301 apud
1930 3247 2031 3287 Ho-

1231 3320 1352 3348 mer.
1394 3305 1553 3359 odyss.
1593 3307 1674 3347 Xl.
1716 3305 1804 3349 489
1841 3318 1936 3357 sqq.
1975 3305 2030 3345 cf.

1230 3365 1328 3406 libr.
1360 3364 1444 3411 111,
1474 3365 1513 3408 1.
1547 3378 1589 3417 p.
1621 3364 1721 3407 386.
1757 3364 1792 3404 C

1288 3423 1340 3463 E,
1401 3421 1478 3464 εἰς
1513 3419 1605 3461 τὸν
1638 3418 1802 3462 αὐτὸν
1832 3419 2028 3470 θᾶκον]

2118 2960 2123 3067 ἐ

2118 3071 2124 3151 ἕ
