2124 3744
725 137 942 192 LIBRI
994 136 1303 192 OCTAVI.
1759 142 1858 193 199

156 282 476 352 buscunque
542 280 863 336 libidinibus
923 280 1158 334 molliter
1212 280 1529 353 indulgeat,
1610 302 1662 352 p.
1732 284 1853 335 558.

151 352 215 407 C.
255 386 323 392 —
361 355 485 407 561.
530 354 597 407 E.
670 352 926 422 Denique
972 352 1225 405 absoluta
1273 351 1640 406 democratiae
1689 362 1855 424 atque

154 425 389 478 hominis
437 426 487 478 ei
538 424 729 479 similis
768 423 1164 494 descriptione,
1220 443 1445 494 prorsus
1483 423 1705 496 egregia
1739 424 1854 492 illa,

154 496 506 568 progreditur
552 495 623 551 ad
671 493 1119 568 tyrannidem
1156 494 1641 563 considerandam,
1693 513 1858 564 quam

154 588 187 621 a
221 563 500 638 perfectae
550 568 789 621 civitatis
841 566 1047 620 virtute
1096 566 1416 637 longissime
1466 566 1659 619 abesse
1715 568 1858 622 arbi-

152 648 345 693 tratur.
421 638 596 692 Cuius
646 639 911 710 originem
946 636 1248 709 prudenter
1282 637 1485 707 repetit
1523 657 1555 689 a
1590 638 1758 691 nimia
1794 640 1859 691 li-

152 711 380 765 bertate.
456 709 932 777 Quemadmodum
981 710 1123 762 enim
1172 728 1330 762 omne
1368 708 1595 761 nimium
1631 709 1689 761 in
1727 729 1859 763 con-

152 782 376 834 trarium
427 790 634 848 vertat,
682 783 759 834 ita
792 783 955 835 etiam
992 781 1215 834 nimiam
1251 780 1678 834 libertatemait
1712 801 1857 834 sum-

151 872 291 905 mam
330 854 555 924 gignere
602 853 776 906 solere
825 853 1161 906 servitutem.
1251 852 1499 921 Populus
1549 851 1722 921 enim,
1775 853 1857 905 in-

151 925 300 994 quit,
351 935 413 977 ut
449 927 699 977 coerceat
737 943 862 989 eOS‚
915 925 1010 999 qui
1046 923 1215 977 nimia
1264 923 1392 976 freti
1436 923 1690 976 libertate
1742 925 1859 978 suis

149 1005 362 1049 tantum
410 994 709 1049 commodis
757 996 1095 1064 inserviunt,
1141 995 1234 1047 uni
1285 994 1448 1048 alicui
1501 995 1641 1047 solet
1676 1015 1857 1049 rerum

149 1085 370 1120 suarum
407 1066 784 1120 defensionem
821 1076 986 1136 atque
1025 1086 1210 1120 curam
1255 1066 1590 1119 committere
1622 1086 1855 1138 eumque

149 1139 346 1210 opibus
396 1147 559 1208 atque
609 1137 973 1211 dignitatibus
1011 1138 1242 1191 maxime
1281 1157 1492 1192 ornare.
1570 1136 1711 1207 Qui,
1764 1139 1858 1192 ubi

146 1209 532 1263 animadvertit
555 1210 745 1282 populi
782 1211 1044 1277 favorem,
1085 1209 1399 1277 excogitata
1421 1209 1694 1263 calumnia
1730 1230 1858 1264 mox

148 1301 178 1334 e
228 1281 409 1336 medio
452 1282 603 1335 tollit
651 1301 791 1352 quos
841 1283 949 1336 sibi
998 1267 1324 1335 metuendos
1364 1300 1486 1334 esse
1524 1282 1854 1353 suspicatur,

148 1363 223 1421 et,
265 1374 376 1424 quo
409 1354 532 1425 ipse
566 1355 742 1408 tutior
778 1354 881 1421 sit,
923 1374 956 1407 a
992 1353 1197 1425 populo
1238 1353 1487 1423 corporis
1525 1353 1614 1406 sui
1652 1354 1856 1407 satelli-

147 1434 232 1480 tes
281 1426 437 1496 petit.
524 1426 632 1480 His
681 1426 989 1498 impetratis
1042 1424 1395 1479 callidissime
1445 1443 1505 1478 se
1555 1423 1855 1498 benignum

149 1506 206 1552 et
259 1508 604 1551 mansuetum
662 1497 734 1550 ad
792 1506 1009 1570 tempus
1074 1497 1244 1569 gerit,
1297 1504 1360 1549 ut
1406 1496 1616 1550 scilicet
1662 1497 1854 1569 populi

187 1570 381 1622 ratiam
428 1569 535 1623 sibi
583 1569 824 1642 colligat.
917 1567 1032 1635 Sed
1069 1569 1301 1623 collecta
1338 1568 1446 1622 ista
1482 1568 1660 1640 gratia
1696 1569 1854 1640 paul-

147 1590 300 1695 lgatim
335 1642 580 1712 apertius
602 1642 836 1714 tyranni
882 1650 1068 1714 partes
1107 1659 1270 1713 agere
1309 1640 1559 1693 sustinet.
1633 1639 1856 1693 Etenim

147 1714 256 1766 iam
302 1713 525 1766 nefariis
576 1713 818 1767 consiliis
869 1713 1015 1767 bella
1061 1711 1248 1766 studet
1297 1713 1574 1778 excitare,
1616 1731 1725 1782 quo
1764 1713 1854 1765 vel

146 1803 317 1855 opera
369 1784 546 1854 ipsius
595 1785 810 1839 civibus
847 1785 1160 1838 necessaria
1196 1784 1325 1850 fiat,
1378 1783 1467 1837 vel
1504 1784 1856 1838 nanciscatur

146 1856 491 1910 occasionem
544 1855 798 1910 hostibus
859 1856 1156 1921 obiiciendi
1205 1865 1373 1926 atque
1424 1854 1692 1927 perdendi
1742 1875 1855 1917 eos,

146 1946 287 1998 quos
310 1927 464 1980 videt
483 1927 696 1981 liberali
731 1928 1012 2000 praeditos
1051 1947 1170 1982 esse
1197 1928 1441 2000 ingenio,
1482 1945 1731 1997 quosque
1755 1928 1855 1980 im-

144 1999 359 2072 perium
383 2018 543 2053 suum
581 2001 895 2071 suspicatur
930 1998 1357 2054 detrectaturos.
1433 1998 1708 2052 Nimirum
1748 1998 1854 2053 hoc

144 2083 435 2145 tyrannum
474 2071 563 2125 vel
598 2072 830 2125 maxime
869 2070 1055 2125 videre
1095 2079 1150 2124 et
1186 2090 1378 2125 curare
1405 2077 1645 2142 oportet,
1685 2078 1749 2124 ut
1785 2091 1854 2124 ne

146 2144 269 2214 quis
319 2142 497 2196 bonus
546 2143 630 2196 vir
679 2153 844 2214 atque
897 2142 1170 2213 prudenS‚
1222 2162 1254 2195 a
1301 2143 1456 2196 cuius
1509 2142 1709 2196 virtute
1747 2143 1854 2214 ipsi

145 2214 495 2269 metuendum
557 2215 657 2283 sit,
730 2217 788 2269 in
846 2215 1070 2269 civitate
1131 2215 1487 2284 relinquatur.
1587 2214 1854 2284 Alioquin

146 2288 291 2341 enim
343 2288 463 2341 eius
519 2286 819 2341 dominatio
861 2286 1155 2341 admodum
1192 2287 1408 2340 infirma
1447 2305 1512 2340 ac
1550 2285 1731 2340 brevis
1770 2286 1856 2339 fu-

146 2367 269 2412 tura
322 2370 422 2413 est.
509 2360 695 2413 Aucto
745 2357 941 2413 deinde
990 2359 1283 2413 satellitum
1346 2377 1567 2421 suorum
1628 2378 1856 2411 numero

146 2449 306 2484 sacra
351 2430 689 2503 profanaque
742 2430 944 2503 spoliat
991 2432 1247 2500 omnique
1286 2431 1617 2484 tributorum
1655 2449 1856 2502 genere

146 2502 346 2557 civium
407 2502 694 2557 facultates
768 2501 1034 2556 exhaurit.
1147 2501 1260 2570 Qui
1322 2501 1540 2572 quidem
1603 2502 1856 2555 miseram

146 2592 300 2628 suam
366 2574 639 2627 fortunam
703 2573 1056 2646 deplorantes
1122 2594 1267 2628 nunc
1332 2593 1456 2627 sero
1518 2573 1855 2645 intelligunt,

147 2665 309 2716 quam
359 2644 634 2700 crudelem
686 2645 918 2700 bestiam
957 2647 1011 2699 in
1060 2644 1184 2700 sinu
1222 2665 1322 2700 suo
1376 2645 1641 2710 foverint3
1694 2663 1855 2715 quam

146 2717 358 2772 etiamsi
396 2717 616 2789 abigere
640 2717 831 2785 velint,
868 2727 1050 2772 tamen
1087 2717 1142 2771 id
1179 2737 1288 2771 non
1326 2716 1443 2770 sine
1483 2735 1582 2771 suo
1609 2716 1854 2786 ipsorum

146 2787 345 2844 damno
384 2791 562 2843 facere
602 2797 876 2862 poterunt.
960 2790 1016 2843 P.
1058 2791 1179 2842 50⁶2.
1224 2790 1288 2842 A.
1330 2807 1505 2857 usquc
1547 2786 1615 2841 ad
1654 2786 1748 2841 fin.
