2124 3744
321 190 423 241 296
935 188 1423 244 PLATONIS

244 331 291 384 C
338 336 431 387 καὶ
487 336 808 402 μεθυσθεὶς
864 331 1013 405 ἀνὴρ
1072 335 1407 408 τυραννικόν
1462 358 1513 390 τι
1572 336 1835 411 φρόνημα
1882 339 2038 409 ἰ’σχεις

324 414 489 488 ’Ίσχει
534 416 660 489 γάρ.
730 419 866 471 ·Καὶ
909 416 1020 486 μὴν
1065 415 1094 473 ὅ
1143 441 1202 487 γε
1244 419 1582 490 μαινόμενος
1639 424 1730 476 καὶ
1787 420 2034 477 ὑποκεκι-

339 499 518 567 νηκὼς
574 501 640 556 οὐ
698 500 881 572 μόνον
936 501 1290 574 ἀνθρώπων,
1345 503 1491 558 ἀλλὰ
1548 510 1638 559 καὶ
1686 508 1871 568 θεῶν,
1926 513 2038 561 ἐπι-

336 595 505 655 χειρεῖ
544 584 735 640 τεκαὶ
782 588 978 653 ἐλπίζει
1023 585 1262 650 δυνατὸς
1304 587 1445 643 εἶναι
1489 584 1695 659 ἄρχειν.
1761 593 1870 644 Καὶ
1893 588 2039 659 μάλ’,

342 673 463 743 ἔφη.
522 662 907 739 ’ἺΊΌραννικὸς
950 673 1035 736 δέ,
1078 664 1146 738 ἦν
1185 671 1234 726 δ’
1283 672 1418 738 ἐγώ,
1474 665 1514 725 ὦ
1561 670 1837 743 δαιμόνιε,
1892 674 2039 744 ἀνὴρ

341 753 584 823 ἀκριβῶς
639 758 912 820 γίγνεται,
973 752 1115 809 ὅταν
1175 753 1209 822 ἢ
1253 755 1415 829 φύσει
1457 754 1490 823 ἢ
1537 758 1960 828 ἐπιτηδεύμασιν
2007 759 2038 824 ἢ

340 835 684 910 ἀμφοτέροις
723 839 1063 906 μεθυστικός
1105 861 1162 894 τε
1205 846 1297 895 καὶ
1339 838 1594 910 ἐρωτικὸς
1639 846 1728 896 καὶ
1771 847 2039 913 μελαγχο-

341 919 489 986 λικὸς
532 928 772 989 γένηται.
864 927 1164 987 Παντελῶς
1205 930 1306 994 μὲν
1353 916 1472 982 οὖν.

469 1002 608 1082 Cap.
654 1002 758 1059 ῙΠ.
846 1010 1106 1076 Γίγνεται
1148 1014 1262 1079 μέν,
1307 1007 1380 1074 ὡς
1402 1013 1590 1071 ἔοικεν,
1634 1008 1779 1064 οὕτω
1808 1014 1900 1064 καὶ
1921 1032 2038 1065 τοι·

350 1091 516 1155 οὗτος
565 1089 730 1159 ἀνήρ.
795 1093 855 1167 ζῇ
917 1094 973 1146 δὲ
1034 1090 1102 1159 δὴ
1161 1095 1305 1156 πῶςς
1397 1091 1480 1148 Τὸ
1545 1096 1653 1147 τῶν
1708 1096 2037 1160 παιζόντων,

243 1178 296 1229 D
345 1176 476 1246 ἔφη,
539 1177 708 1228 τοῦτο
765 1172 832 1229 σὺ
880 1181 971 1230 καὶ
1017 1181 1136 1247 ἐμοὶ
1184 1184 1334 1248 ἐρεῖς.
1423 1180 1582 1246 Λέγω
1629 1176 1708 1244 δή,
1755 1183 1912 1251 ἔφην.
1959 1178 2038 1233 οἶ-

462 1337 511 1378 C.
574 1338 661 1378 καὶ
695 1334 1148 1408 ὖποκεκινηκαὶς]
1182 1339 1417 1394 νενικηκώς
1445 1343 1545 1383 Vat.
1586 1341 1632 1383 Θ.
1664 1355 1700 1383 τ.

460 1395 566 1448 Cap.
606 1396 676 1436 ΙΙΙ.
741 1411 803 1436 01
817 1411 883 1437 τω
916 1400 1000 1438 καὶ
1035 1400 1298 1439 τοιοῦτος
1328 1395 1480 1452 ἀνήρ]
1517 1400 1588 1439 Sic
1619 1399 1718 1440 Par.
1750 1398 1889 1439 ADK.
1925 1399 2033 1439 Ven.

343 1451 406 1492 11.
441 1452 564 1494 Vind.
598 1452 717 1494 Mon.
758 1458 865 1524 Ang.
903 1454 997 1496 Vnt.
1031 1470 1083 1498 m.
1118 1464 1162 1498 et
1192 1471 1268 1498 sex
1302 1456 1538 1498 Florentini
1569 1459 1718 1498 nostri.
1782 1457 1928 1509 Vulgo
1961 1453 2037 1496 οὔ·

345 1521 428 1549 ῒως
460 1525 483 1550 Ο
515 1512 715 1551 ῒΟΙΟὖΐΟέ
744 1526 867 1565 ανΤρ

459 1568 511 1608 D.
576 1569 736 1609 τοῦτο
776 1568 838 1610 σύ
869 1572 954 1611 καὶ
986 1569 1103 1621 ἐμοὶ
1134 1570 1311 1624 ἕρεις]
1346 1573 1420 1611 καί
1446 1583 1533 1612 om.
1569 1571 1662 1612 vat.
1703 1569 1750 1612 Θ.
1785 1571 1889 1612 Ven.
1925 1572 1973 1615 Ξ.

460 1627 549 1666 καὶ
588 1627 805 1680 θαλίαι]
852 1629 949 1669 Par.
994 1631 1052 1670 A.
1102 1630 1226 1670 vind.
1264 1630 1357 1670 Vnt.
1389 1642 1444 1669 m.
1490 1628 1604 1670 Flor.
1639 1642 1676 1670 a.
1711 1642 1748 1669 c.
1782 1643 1820 1682 γ.
1852 1626 2037 1669 θάλειαι.

340 1683 501 1724 Lectio
531 1687 704 1738 vulgata
737 1688 865 1728 unice
903 1698 1019 1727 vera.
1082 1685 1331 1733 Eustathius
1374 1685 1430 1727 ad
1463 1687 1586 1728 iliad.
1625 1700 1665 1739 p.
1701 1687 1797 1730 742.
1831 1686 1902 1731 36.
1946 1687 2038 1727 θά-

343 1742 426 1781 λία
457 1740 772 1795 παροξυτόνως
805 1739 830 1796 ἡ
860 1739 1074 1796 ευωχιᾞα
1106 1742 1220 1797 παρὰ
1257 1759 1304 1784 το
1333 1742 1532 1788 θάλλειν·
1564 1743 1639 1785 θα
1652 1745 1764 1785 λεια
1793 1743 1839 1784 δὲ
1869 1758 2037 1797 προπα-

344 1797 531 1852 ροξυτόν
535 1812 594 1841 ωε
621 1798 771 1841 ’δαιτὸς
799 1801 1004 1842 ἐπίθετον
1033 1803 1102 1843 καὶ
1138 1801 1322 1856 Μούσης
1363 1800 1513 1858 ὄνομα.
1577 1803 1700 1844 Idem
1731 1816 1772 1856 p.
1804 1803 2035 1847 190858.

344 1855 414 1898 θἰί
424 1859 444 1898 λ
454 1873 474 1899 ε
485 1874 497 1899 ι
507 1873 533 1898 α
565 1856 694 1913 ἑορτὴ
726 1858 793 1899 ἐπι
797 1860 993 1902 θετικῶς.

344 1999 690 2054 quandoquidem
722 2016 950 2057 perperam
977 2003 1058 2044 huo
1090 2015 1158 2043 re-

343 2058 544 2100 feruntur
589 2061 668 2101 ioci
703 2061 829 2114 Reip.
872 2062 942 2102 vl.
979 2075 1018 2114 p.
1051 2059 1151 2103 498.

347 2120 404 2157 A.
438 2117 542 2158 VII.
576 2131 615 2170 p.
649 2117 748 2161 538.
783 2120 831 2159 C.
865 2119 945 2159 IX.
983 2133 1022 2172 p.
1050 2118 1149 2161 574.

346 2175 397 2214 1).
435 2175 586 2227 ltaque
617 2177 884 2229 explicamus
915 2178 1045 2217 verba
1064 2177 1149 2219 sic·

348 2230 468 2273 dum
535 2233 787 2286 frugales
854 2235 1148 2276 exsistunt.

347 2312 402 2318 —
433 2289 546 2331 Mox
579 2290 634 2330 ad
666 2289 841 2345 καθήρῃ
873 2298 916 2333 et
947 2288 1149 2345 πληρώσῃ

347 2347 421 2387 int.
490 2346 670 2397 ἑαυτόν,
723 2351 837 2401 quod
887 2363 1147 2401 praegresso

348 2400 451 2457 παρ’
483 2405 642 2447 ἑαυτοῦ
675 2409 803 2448 facile
833 2407 1097 2460 intelligitur.

407 2492 456 2533 C.
509 2495 596 2534 καὶ
628 2490 1041 2547 ὖποκεκινηκοὶς
1071 2495 1147 2547 —]

344 2544 580 2592 Υποκινεῖν
622 2566 734 2595 nunc
771 2552 1044 2592 intransitive
1083 2551 1148 2592 di-

347 2617 464 2651 ctum
497 2611 551 2651 de
591 2611 844 2653 demente
882 2611 963 2651 vei
999 2622 1147 2650 vesn-

347 2680 436 2719 no,
483 2669 605 2709 cuius
645 2683 766 2722 mens
807 2667 935 2708 veluti
974 2668 1074 2708 loco
1106 2673 1150 2709 et

345 2731 464 2767 statu
495 2739 577 2767 suo
612 2729 872 2779 aliquantum
898 2730 1044 2766 amota
1065 2731 1147 2767 est.

347 2784 420 2825 Sic
451 2784 607 2825 dicitur
639 2787 767 2826 etiarn
801 2788 1062 2836 παρακινεῖν,
1093 2783 1148 2824 de

346 2854 432 2893 quo
476 2855 512 2880 v.
555 2841 797 2884 Schi'zfer.
842 2843 896 2882 nd
925 2842 1144 2896 ,SophocL

348 2900 474 2940 Aiac.
524 2914 566 2953 p.
616 2901 715 2945 227.
771 2905 874 2940 Ast.
926 2898 980 2940 ad
1036 2900 1145 2940 Fiat.

349 2956 527 2999 phaedr.
561 2972 602 3011 p.
635 2959 734 3002 311.
769 2958 1058 2999 Hermann.
1091 2957 1145 2997 nd

351 3015 525 3056 lucian.
559 3017 614 3058 de
648 3017 812 3057 Histor.
847 3014 1068 3055 conscrib.
1103 3028 1142 3068 p.

346 3073 444 3115 278.
479 3076 518 3125 ξ.
551 3073 622 3117 45.
687 3075 750 3115 De
783 3075 996 3114 sententia
1026 3073 1144 3112 Ast.

348 3130 498 3171 iaudat
533 3131 737 3187 Bacchy
753 3133 778 3172 Ι.
811 3130 887 3179 ΧΙ,
918 3131 960 3173 9.
993 3133 1034 3171 in
1063 3138 1146 3171 An-

346 3186 449 3227 thol.
485 3188 562 3229 Gr.
596 3189 649 3230 T.
683 3191 713 3230 Ι.
747 3203 788 3242 p.
820 3188 890 3232 84-
925 3188 992 3230 ed.
1026 3188 1116 3230 Iac.

405 3272 511 3325 cap.
546 3273 618 3315 ΙΙΙ.
666 3275 717 3315 D.
769 3276 929 3315 τοῦτο
963 3271 1025 3314 σὺ
1059 3275 1148 3314 καὶ

347 3286 496 3380 ἑμοὶρ
514 3327 688 3385 ἐρεῖς]
743 3332 888 3374 Schoi.
933 3334 1149 3385 παροιμία

333 3383 473 3456 ,ἡνίκα
511 3399 573 3428 τις
609 3386 847 3442 ἐρωτηθεις
888 3405 923 3430 τι
963 3386 1049 3430 ὑπὸ
1056 3403 1148 3459 γι-

348 3459 397 3497 >1
400 3457 544 3485 ωσκοι
547 3457 620 3486 τοι·
652 3443 700 3487 τὸ
729 3445 972 3500 ἐρωτηθέν,
1013 3442 1149 3487 αυτὸς

1238 1998 1430 2056 ἀγνοῶν,
1462 1999 1604 2042 οὕτως
1633 1997 1912 2054 ἀποκρίνηται
1940 1997 2034 2049 ,,σύ

1234 2061 1326 2101 καὶ
1357 2058 1472 2111 ἐμοὶ
1504 2057 1695 2113 ἐρεῖε.“

1292 2119 1374 2159 καὶ
1429 2117 1620 2159 θαλίαι
1663 2116 1749 2157 καὶ
1789 2115 2033 2168 ἑταῖραι]

1233 2177 1509 2230 Scripserunt
1541 2188 1678 2229 nuper
1706 2172 1804 2215 inde
1841 2187 1864 2214 a
1896 2174 2035 2214 Bek-

1232 2236 1364 2276 kero
1414 2247 1465 2275 ex
1508 2233 1634 2275 codd.
1676 2229 1869 2280 θάλειαι,
1914 2230 2033 2284 quod

1232 2291 1614 2333 Schneiderus
1657 2293 1716 2332 ita
1760 2295 1931 2340 tuetur,
1986 2292 2036 2329 ut

1234 2347 1389 2390 θάλεια
1431 2349 1664 2390 contendat
1696 2363 1719 2389 a
1747 2360 1904 2401 prosae
1934 2358 2034 2386 oru-

1233 2409 1362 2449 tionis
1414 2408 1698 2460 scriptoribus
1749 2406 1878 2447 etiam
1932 2404 2034 2443 snb-

1234 2467 1419 2507 stantive
1450 2465 1535 2505 dici
1566 2465 1861 2508 consuevisse.
1904 2460 2033 2504 Quod

1233 2521 1887 2564 nonadducimurutcredamus.
1925 2518 2032 2560 Nam

1234 2582 1402 2622 etiamsi
1441 2580 1599 2621 Graeci
1650 2592 1737 2621 non
1779 2577 1910 2619 modo
1949 2573 2034 2615 θά-

1235 2641 1348 2679 λειαι
1378 2635 1533 2691 ἑορτὴν
1573 2637 1649 2679 sed
1692 2637 1820 2678 etiam
1853 2631 2034 2675 θάλειαν

1234 2695 1353 2750 ἄγειν
1383 2698 1593 2747 dixerint,
1630 2696 1683 2736 de
1716 2707 1802 2746 quo
1832 2707 1870 2734 v.
1905 2693 2032 2732 Vai-

1234 2757 1379 2796 cken.
1431 2754 1503 2795 ad
1525 2752 1742 2794 H-erodot.
1791 2750 1908 2792 vul.
1946 2749 2031 2794 99..

1233 2819 1374 2854 tamen
1417 2814 1635 2866 posterius
1681 2809 1804 2850 facile
1847 2813 2031 2859 apparet

1233 2872 1419 2924 eiiiptice
1448 2874 1698 2921 usurpatum
1732 2879 1828 2907 esse
1857 2865 2034 2905 nomine

1232 2926 1373 2982 ἑορτή,
1404 2927 1510 2975 δαίς,
1532 2928 1612 2966 vel
1640 2925 1766 2965 simili
1795 2924 2028 2964 intellecto.

1234 2986 1364 3036 Quod
1407 2986 1604 3040 profecto
1651 2983 1693 3022 in
1736 2980 1849 3021 hunc
1889 2982 2029 3021 locum

1234 3045 1405 3086 minime
1451 3041 1675 3090 convenit,
1716 3050 1843 3090 quum
1887 3037 2031 3090 ἑορταὶ

1234 3106 1278 3141 ot
1318 3102 1452 3152 κῶμοι
1489 3105 1614 3140 antea
1658 3101 1896 3138 memorata
1929 3096 2029 3136 sint.

1233 3160 1483 3212 Requiritur
1529 3168 1633 3210 ergo
1678 3154 1840 3194 θαλιᾝαι
1906 3154 2031 3194 Ari-

1233 3216 1406 3270 stoph.
1439 3216 1542 3256 Pae.
1575 3226 1614 3254 V.
1650 3212 1756 3256 780:
1782 3206 1959 3263 ἀνδρῶν
1989 3224 2031 3250 τε

1233 3272 1377 3315 δαῖτας
1443 3272 1511 3312 καὶ
1587 3271 1744 3310 θαλίας
1811 3266 2028 3321 μακάρων.

1233 3332 1373 3374 Nubb.
1409 3343 1446 3371 v.
1466 3329 1572 3373 328.
1607 3328 1727 3368 θεῶν
1759 3326 1914 3367 θὐσιάι
1943 3326 2029 3366 θα-

1233 3390 1316 3429 λίαι
1335 3402 1388 3429 τε.
1429 3391 1533 3429 Avv.
1557 3400 1595 3428 v.
1615 3385 1721 3430 734:
1756 3385 1927 3438 γέλωτα,
1957 3398 2027 3435 χο-

1235 3444 1365 3499 ρούς,
1398 3445 1572 3490 θαλίας,
1605 3443 1710 3497 γάλα
1742 3439 1785 3483 τ’
1818 3438 2025 3494 ὀρνίθων.
