2124 3744
431 174 535 228 DE
573 171 913 241 CODICIS
933 171 1283 229 PARISINI
1321 179 1393 228 A.
1430 183 1533 228 etc.
1721 175 1828 228 463

139 318 340 390 ubique
386 318 537 373 fecit.
584 356 589 364 ,
643 317 791 372 Nam
853 316 1063 371 hiatum
1102 316 1347 387 -quidem
1407 316 1557 388 quod
1612 316 1829 372 Platoni

134 390 377 455 crebrius
405 388 653 443 reddere
700 395 814 444 no'n
836 387 1253 459 dubitavimus,
1303 390 1538 460 multum
1583 389 1682 444 ille·
1724 388 1829 443 hac

132 462 192 516 in
238 481 297 516 re
345 459 601 516 discessit
643 462 714 516 ab
764 479 877 515 usu
913 458 1179 516 Isocratis
1227 461 1581 532 aliorumque.
1621 479 1832 530 aequa-

131 533 264 587 lium
312 533 657 604 scriptorum.
741 531 917 586 Cuius
963 532 1044 585 rei
1088 532 1442 587 luculentum?
1475 539 1628 587 extat
1674 530 1830 587 testi-

130 605 373 660 monium
457 603 882 674 Ciceronis,-
929 601 1154 658 Orator.
1214 622 1261 658 c.
1321 608 1409 659 44.
1459 605 1508 676 ξ.
1573 605 1690 660 150.
1744 622 1828 674 sq.

131 676 286 747 qnod
326 676 523 731 mirum
575 684 664 731 est
718 675 901 730 adhuc
953 693 987 728 a
1032 675 1241 730 criticis
1288 675 1451 748 plane
1514 676 1834 747 neglectum»

129 766 269 803 esse.
343 747 431 802 Ibi
453 748 599 802 enim
636 747 851 802 Tullius
873 747 1038 801 haec:
1086 746 1334 816 „Quod
1374 747 1657 818 quidem
1694 747 1829 801 La-

128 820 280 873 tina
326 819 579 902 lingna
622 819 736 874 sic
777 818 1150 888 observat,
1210 838 1402 874 nemo
1439 832 1514 873 ut
1543 826 1678 873 tam
1710 838 1830 872 ru·-

127 891 352 945 sticns
398 898 527 959 sit,
592 891 761 961 quin
809 890 1107 944 vocales
1165 890 1347 945 nolit
1393 891 1830 963 coniungere

126 962 273 1087 give.
308 962 579 1016 vocalium
617 963 1036 1016 concursionem
1070 962 1294 1035 fugiat).
1368 961 1447 1016 In
1497 981 1629 1033 quo
1668 962 1829 1032 qui·-

164 1036 273 1088 ‘am
358 1034 576 1088 etiam
659 1033 1179 1105 Theopompum
1262 1033 1826 1105 reprehendunt,

126 1103 314 1176 q'nod
354 1123 467 1159 eas
507 1104 802 1159 litteras
838 1112 1041 1159 tanto
1079 1123 1289 1177 opere
1326 1105 1628 1177 fugerit3
1684 1105 1828 1159 etsi

125 1176 197 1231 id
227 1195 331 1231 ma
390 1177 574 1231 ister
607 1177 762 1231 eius
800 1176 1176 1230 Isocrates
1227 1177 1330 1248 (sc.
1368 1177 1449 1230 ita
1484 1176 1661 1247 fecit).
1705 1177 1829 1230 ·At

124 1267 256 1304 non
410 1247 842 1321 hucydide33
927 1266 1008 1301 ne
1079 1246 1204 1301 ille
1277 1246 1558 1319 quidem
1641 1246 1828 1302 hand

173 1319 368 1375 aullo
403 1320 626 1374 maior
660 1319 988 1392 scriptor
1021 1318 1260 1386 Plat03
1310 1338 1441 1374 nec
1479 1319 1702 1374 solum
1757 1319 1826 1373 in

122 1341 236 1446 Eis
273 1391 750 1454 sermonibus,
798 1391 918 1461 qui
955 1389 1230 1466 dialogi
1287 1390 1656 1462 dicuntur,
1703 1391 1827 1445 ubi

124 1464 340 1518 etiam
376 1462 458 1518 de
502 1461 868 1518 industria
913 1461 988 1516 id
1032 1462 1439 1517 faciendum
1491 1462 1828 1532 fui÷t,·sed

121 1536 196 1590 in
230 1535 572 1608 populari
607 1534 970 1603 oratione,
1011 1554 1145 1606 qua
1180 1554 1327 1590 mos
1361 1542 1470 1590 est
1505 1534 1825 1590 Athenis

123 1606 515 1662 landarivin
552 1606 903 1661 concione
942 1625 1098 1676 eos,
1149 1607 1272 1677 qui
1317 1607 1563 1661 sintin
1610 1626 1824 1679 proe-

121 1678 705 1747 liisinterfecti,
757 1696 931 1748 qnae
992 1677 1096 1733 sic
1170 1680 1479 1750 probata
1543 1686 1683 1749 est,
1747 1686 1826 1733 ut

123 1769 271 1805 earn
317 1751 737 1822 quotannis,
792 1757 872 1804 ut
918 1750 1098 1819 scis,
1160 1750 1291 1804 illo
1354 1750 1467 1805 die
1525 1750 1824 1805 recitari

120 1841 422 1892 necesse
469 1822 593 1876 sit=
647 1822 719 1876 in
769 1840 847 1875 ea
905 1829 1015 1875 est
1059 1822 1309 1877 crebra
1369 1823 1511 1877 ista
1578 1841 1824 1877 vocum

119 1895 534 1963 concursio,
571 1913 775 1964 quam
806 1912 1058 1966 magna
1104 1912 1185 1947 ex
1231 1902 1430 1966 parte
1479 1904 1553 1948 ut
1598 1894 1824 1948 vitio-

119 1983 260 2021 sam
294 1965 492 2040 fugit
527 1964 1064 2020 Demosthenes.
1140 1965 1277 2022 Sed
1313 1964 1574 2021 Graeci
1621 1965 1826 2020 vide-

0 2045 5 2066 ¹
118 2036 689 2106 rintz‘nobis‚ne
742 2036 932 2091 sicu
997 2037 1228 2092 iamus
1295 2037 1607 2108 quidem,
1674 2037 1823 2092 dis-

118 2108 415 2164 trahere
452 2127 667 2164 voces
703 2126 924 2164 conce
993 2109 1207 2163 itur.“
1280 2109 1371 2164 En
1425 2110 1598 2183 igitur
1651 2109 1822 2164 Tullii

117 2180 516 2251 testimonium,
585 2179 733 2235 unde
787 2179 1076 2235 Platonem
1120 2180 1331 2236 hiatum
1394 2181 1823 2253 haudquaquam

119 2252 329 2308 vitasse
387 2251 679 2325 perspicue
742 2250 1090 2336 intelligitur.
1191 2252 1448 2322 Quocum
1517 2253 1822 2309 contendas

119 2323 283 2379 etiam
322 2342 405 2392 ea,
446 2342 586 2396 quae
634 2323 1048 2378 Demetrius
1099 2323 1172 2379 de
1225 2325 1445 2381 Elocut.
1499 2345 1556 2398 p.
1611 2327 1821 2398 31.⁴sq.

116 2392 189 2449 de
235 2396 352 2451 vitu
395 2394 599 2450 eranda
647 2395 703 2449 in
753 2395 1039 2450 vocalibus
1087 2396 1490 2471 coniungendis
1539 2415 1673 2452 cur-a
1709 2396 1821 2453 dis·

154 2473 290 2523 utat.
392 2476 562 2539 taque
600 2467 772 2522 multo
808 2467 973 2521 etiam
1011 2467 1257 2524 crebrius
1296 2488 1458 2540 quam
1494 2468 1552 2523 in
1578 2468 1821 2523 editione

171 2537 544 2594 chneideri
591 2537 927 2593 Parisina
974 2546 1032 2593 et
1078 2539 1132 2593 in
1183 2541 1483 2595 novissima
1528 2540 1822 2603 Turiceusi

116 2609 321 2666 factum
370 2619 458 2666 est
506 2610 647 2665 duce
682 2609 887 2665 codice
913 2609 1166 2669 Parisino
1203 2612 1619 2667 concursionem
1655 2630 1822 2667 voca·

116 2681 252 2736 lium
287 2680 635 2751 reduximus,
684 2680 895 2736 indicia
938 2682 1021 2736 rei
1069 2702 1244 2759 nuper
1287 2684 1821 2758 diligentissimos&

109 2764 205 2808 cta
271 2753 479 2879 nbi?nc
550 2753 807 2838 religiose
865 2754 1102 2825 sequuti.
1187 2755 1368 2825 Quam
1411 2774 1538 2810 uam
1586 2756 1823 2810 fatemur

395 2824 544 2895 ocis,
593 2826 692 2881 nbi
739 2842 905 2880 unam
953 2824 1297 2883 collationem
1407 2827 1709 2883 uticensem
1747 2828 1821 2882 ob

110 2824 183 2880 ab
225 2832 326 2880 not

109 2843 303 2952 οσὸοο
386 2895 708 2967 habuimus,
780 2896 1151 2952 Duebneri
1214 2898 1648 2973 significationes
1716 2917 1821 2956 nos

108 2967 476 3038 praeteriisse.
552 2968 721 3025 Hunc
743 2969 887 3023 enim
922 2967 971 3023 si
994 2968 1266 3042 audimus,
1301 2971 1466 3026 etiam
1500 2971 1654 3028 Libr.
1695 2969 1817 3024 111.

110 3054 167 3110 p.
188 3039 325 3098 391.
352 3039 429 3097 E.
505 3039 634 3097 οὔτε
688 3040 885 3108 ἀληθῆ
932 3059 1035 3113 pro
1085 3040 1197 3096 οὔτ’
1234 3044 1321 3099 ἀλ.
1395 3041 1539 3097 Ibid.
1589 3045 1817 3116 21:893»

109 3108 183 3164 A.
219 3109 350 3167 mm
382 3117 643 3202 ἐπιχειρεῖ
675 3131 780 3186 pro
815 3110 930 3167 οὐδ’
972 3118 1077 3181 tm,
1117 3112 1261 3169 Ibid.
1338 3158 1352 3172 .
1391 3116 1514 3171 393.
1551 3113 1627 3170 D.
1674 3114 1818 3172 ἀλλὰ

107 3178 259 3249 ἁπλῆ
301 3198 403 3255 pto
451 3184 565 3240 αλλ’
615 3182 783 3249 dna„
836 3180 984 3239 Ibid.
1022 3203 1078 3256 p.
1116 3187 1239 3240 896.
1331 3229 1345 3243 .
1391 3187 1453 3242 Ei.
1494 3184 1625 3259 ἄρα,
1662 3183 1734 3258 ἦν
1768 3185 1811 3243 δ’

107 3251 235 3326 ὸγό,
270 3269 375 3323 pro
422 3258 493 3313 m
529 3253 637 3331 ἄρ’,
674 3249 746 3323 ἦν
781 3254 827 3311 δ’
865 3253 992 3325 ἐγώ,
1040 3255 1184 3312 Ibid.
1219 3277 1274 3333 p.
1322 3260 1445 3316 401.
1483 3255 1550 3314 C.
1583 3265 1681 3316 Ιἵνα
1718 3259 1817 3325 ὥς·

18 3381 21 3410 e
112 3342 212 3394 nep
247 3334 456 3451 -3321‘0
495 3327 558 3384 ἶν’
601 3328 779 3394 ὥςπερ
817 3357 886 3369 --
923 3325 1069 3382 Ibid.
1121 3329 1244 3385 402.
1282 3330 1357 3387 D.
1412 3329 1543 3397 ὥστε
1586 3335 1818 3388 Ιἐθέλων

19 3432 21 3451 ;
112 3394 332 3467 pro-030
379 3447 381 3451 .
412 3399 669 3469 wasa,
707 3398 810 3456 IV.
850 3419 903 3470 p.
934 3399 1064 3454 438.
1104 3399 1170 3456 Ε.
1207 3399 1328 3474 ἅμα
1357 3403 1420 3459 «u
1456 3397 1528 3458 αὖ
1563 3422 1663 3475 pro
1697 3403 1815 3473 ἅμα
