2106 3594
286 168 456 224 Lxu

286 310 518 366 iudicari
568 316 821 381 oportere
869 308 938 376 ³¹‘).
1025 307 1114 360 Ex
1163 325 1273 376 quo
1323 307 1588 376 consequi
1643 307 1804 360 etiam
1850 307 1999 360 vole-

284 384 422 437 bant
472 382 614 434 iusta
663 380 845 434 omnia
893 381 952 431 in
1001 379 1118 433 sola
1164 379 1455 449 opinione,
1509 397 1619 431 non
1679 379 1736 431 in
1800 387 1997 431 nat-ura

286 453 614 519 consistere,
665 450 916 520 adeoque
962 449 1113 522 leges
1160 450 1410 522 publicas
1469 448 1537 503 ab
1575 450 1641 503 iis
1677 450 1818 504 latas
1855 469 1994 518 esse,

286 525 380 594 qui
416 529 646 594 propter
682 541 836 574 suam
874 520 1118 592 ipsorum
1151 522 1582 575 imbecillitatem
1633 540 1848 589 eorum,
1903 522 1995 591 qui

287 595 423 667 ipsis
473 600 655 647 essent
691 593 1029 647 robustiores
1066 611 1131 645 ac
1170 593 1542 664 potentiores,
1593 593 1856 664 impetum
1905 612 1995 646 su-

285 667 489 720 stinere
537 685 651 718 non
699 665 1025 735 potuissent.
1113 665 1259 718 Nam
1310 672 1536 716 naturae
1579 672 1724 716 certe
1763 664 1995 716 maxime

234 747 237 751 '
285 756 410 790 esse
445 744 870 790 consentaneam
909 755 1029 787 eam
1059 735 1268 807 ‘agendi
1305 735 1590 803 rationem,
1632 754 1741 804 qua
1779 735 1902 804 quis
1941 735 1995 791 vi

285 809 391 862 sibi
429 808 613 861 omnia
648 807 959 861 vindicaret
992 807 1137 860 vitae
1176 805 1462 860 commoda
1502 814 1589 873 et,
1642 825 1878 860 excusso
1917 807 1996 858 le-

286 899 416 951 gum
453 879 796 950 publicarum
834 879 984 950 iug0,
1023 878 1136 931 suis
1177 878 1489 932 consuleret
1538 877 1867 930 utilitatibus
1907 896 1996 930 ce-

283 961 546 1019 terosque
595 950 843 1003 homines
894 949 1307 1003 sibi‘obnoxios
1345 948 1601 1001 redderet
1637 948 1741 1017 **).
1818 948 1996 1001 Nimi-

285 1041 403 1074 rum
440 1021 593 1093 leges
632 1021 820 1075 civiles
858 1028 1214 1093 tyrannorum
1240 1021 1414 1074 instar
1448 1019 1619 1072 multa
1655 1019 1775 1083 fieri
1807 1019 1996 1073 iubere

206 1150 214 1157 ,
285 1101 380 1146 aut
418 1102 802 1162 vetare,⁷quae
841 1100 1067 1145 naturae
1105 1093 1212 1163 ipsi
1251 1091 1681 1144 adversarentur
1706 1091 1833 1162 ***),
1899 1092 1995 1143 lu·

284 1165 486 1218 stitiam
524 1165 542 1216 i
586 1164 694 1217 itur
729 1165 786 1216 in
811 1183 876 1217 eo
914 1164 1095 1217 inesse
1132 1163 1373 1231 aiebant,
1413 1169 1476 1215 ut
1501 1162 1642 1231 quis,
1683 1161 1834 1231 quod
1861 1162 1995 1215 utile

285 1244 460 1303 esset,
513 1185 584 1288 ig
621 1236 726 1289 sibi
758 1242 1124 1305 compararet.
1199 1235 1344 1287 Nam
1383 1235 1563 1286 facere
1601 1233 1852 1286 iniuriam
1889 1233 1996 1305 ipsi

283 1315 510 1360 naturae
559 1325 679 1360 esse
733 1315 1160 1361 consentaneum
1198 1305 1435 1374 ideoque
1474 1305 1704 1370 bonum3
1744 1304 1860 1375 pati
1897 1324 1994 1358 au·

282 1392 393 1431 tem
446 1378 648 1431 malum
699 1396 837 1432 esse.
925 1377 1203 1445 Quocirca
1258 1376 1422 1430 etiam
1473 1376 1530 1429 in
1578 1395 1636 1429 re
1678 1377 1862 1430 ublica
1910 1376 1994 1430 iu·

284 1459 431 1502 stum
478 1468 600 1503 esse
657 1449 972 1503 statuebant
1017 1448 1103 1517 id,
1158 1447 1310 1518 quod
1346 1448 1428 1516 ei,
1469 1448 1563 1518 qui
1600 1397 1729 1518 leuS
1766 1447 1992 1517 valeret,

283 1519 543 1591 expedire
593 1519 907 1588 videretur,
957 1539 1000 1573 s.
1053 1520 1117 1573 τὸ
1167 1522 1271 1573 τοῦ
1320 1526 1637 1591 κρείττονος
1668 1521 1993 1590 ξυμφέρον,

283 1610 512 1661 eamque
577 1592 905 1645 sententiam
962 1591 1085 1661 ipso
1141 1610 1322 1644 rerum
1379 1609 1484 1644 usu
1543 1596 1600 1643 et
1627 1590 1997 1662 ,experientia

288 1663 599 1717 confirmari
647 1662 995 1717 dictitabant.
1081 1661 1310 1734 Semper
1345 1661 1487 1715 enim
1526 1680 1677 1730 eum,
1714 1661 1810 1731 qui
1845 1661 1995 1733 prin-

282 1735 523 1806 cipatum
575 1734 632 1786 in
671 1734 893 1787 civitate
932 1734 1233 1802 obtineret,
1270 1732 1421 1805 leges
1454 1733 1597 1786 ferre
1633 1733 1852 1787 sibimet
1886 1729 1994 1803 ipsi

284 1825 448 1876 quam
497 1805 847 1872 utilissimas,
899 1805 1167 1877 populum
1205 1804 1537 1881 populares,
1577 1812 1871 1876 tyrannum
1905 1812 1994 1876 ty-

280 1878 554 1945 rannicaS,
595 1877 761 1930 alium
799 1877 961 1940 alias3
1001 1877 1201 1945 quibus
1241 1877 1337 1946 qui
1373 1895 1487 1928 non
1526 1875 1842 1945 obedirent,
1894 1893 1992 1929 eos

281 1957 543 2019 tanquam
612 1947 746 2001 iuris
805 1948 1016 2018 publici
1075 1948 1373 2001 violatores
1432 1946 1615 2018 puniri
1673 1954 1770 2000 aut
1827 1947 1992 2001 casti-

283 2021 403 2093 gari
449 2019 632 2089 .****).-
689 2019 876 2089 Atque
929 2019 1014 2072 his
1064 2019 1420 2088 opinionibus
1470 2019 1584 2073 suis
1631 2026 1694 2071 ut
1730 2018 1992 2072 maiorem

281 2093 447 2146 etiam
495 2091 876 2144 auctoritatem
927 2091 1313 2159 conciliarent,
1373 2089 1541 2143 vitam
1601 2092 1802 2144 iustam
1866 2109 1991 2144 cum

280 2164 488 2217 iniusta
535 2169 912 2234 comparantes
952 2161 1325 2215 demonstrare
1363 2161 1723 2230 conabantur,
1773 2161 1991 2216 iniusti·

280 2235 414 2288 tiam
450 2233 745 2306 plurimum
781 2233 964 2287 valere
1001 2233 1072 2286 ad
1109 2234 1278 2286 vitam
1314 2233 1453 2287 bene
1484 2233 1754 2301 beateque
1787 2231 1989 2305 degen-

281 2305 424 2375 dam,
463 2305 727 2359 iustitiam
762 2324 894 2358 vero
934 2323 1054 2359 esse
1092 2322 1415 2377 generosam
1455 2304 1775 2371 stultitiam,
1827 2323 1988 2374 quae,

280 2376 411 2430 dum
461 2376 651 2430 alienis
706 2376 996 2430 inserviret
1034 2375 1368 2444 commodiS,
1421 2375 1638 2430 sibimet
1676 2375 1782 2447 ipsi
1818 2376 1989 2447 pluri-

277 2468 424 2502 mum
472 2455 697 2501 noceret
732 2448 816 2517 †).
904 2447 1184 2501 Videlicet
1239 2446 1333 2516 qui
1383 2454 1439 2500 et
1482 2447 1539 2499 in
1602 2446 1988 2518 cognoscendo

279 2528 335 2574 et
369 2520 426 2572 in
466 2518 679 2592 agendo
717 2519 901 2573 omnia
940 2518 1011 2572 ad
1048 2537 1243 2573 sensus
1283 2518 1622 2588 referebant,
1664 2537 1759 2572 eos
1795 2518 1989 2571 mirum

276 2590 452 2645 videri
499 2610 612 2644 non
660 2589 825 2644 debet
870 2609 972 2644 nec
1013 2591 1158 2644 vitae
1197 2589 1514 2644 felicitatem
1551 2589 1609 2643 in
1646 2590 1851 2643 virtute
1890 2589 1987 2644 sed

276 2663 333 2716 in
379 2661 663 2736 voluptate
713 2661 1023 2734 ponendam
1075 2661 1359 2716 censuisse
1398 2661 1523 2731 ††).
1622 2659 1751 2728 Qua
1809 2661 1867 2714 in
1929 2680 1986 2714 re

364 2855 411 2909 ³³⁶)
447 2856 503 2953 ἕ.
537 2856 731 2958 Οαῐὲίωἰε
772 2861 1017 2902 orationem
1066 2860 1205 2914 Gorg.
1246 2875 1288 2915 p.
1329 2859 1428 2929 483.
1462 2861 1520 2901 A.
1553 2873 1649 2913 sqq.
1682 2858 1812 2899 (⁸onf.
1844 2859 1985 2911 Legg.

333 2970 408 3024 M)
447 2917 1472 3069 &gg-figgppgsggq.33055131ss1ti3133·
1502 2989 1545 3028 p.
1577 2975 1662 3019 483
1698 2997 1752 3005 -
1783 2972 1884 3021 484.
1915 2974 1984 3014 De

305 3084 407 3138 asae)
451 3042 680 3140 Pregagor.
693 3045 753 3141 pp.
764 3034 978 3134 3335(ss-

276 3141 408 3195 **”)
450 3143 514 3184 De
544 3144 731 3197 Republ.
763 3149 860 3188 libr.
893 3150 929 3189 Ι.
963 3163 1004 3201 p.
1035 3148 1134 3194 338.
1170 3149 1210 3189 D
1243 3161 1340 3201 sqq.
1369 3147 1507 3198 Legg.
1549 3140 1597 3185 V.
1632 3159 1673 3198 p.
1707 3143 1806 3187 714.
1843 3144 1889 3185 Β.
1923 3145 1980 3185 D.

360 3211 416 3266 †)
451 3213 522 3253 De
552 3215 660 3268 Rep.
696 3217 725 3258 ι.
758 3233 800 3271 p.
836 3218 935 3263 343.
969 3220 1016 3260 C.
1049 3220 1150 3263 348.
1184 3219 1233 3263 c,
1268 3225 1311 3260 et
1340 3219 1399 3259 Π.
1431 3218 1528 3258 init.

332 3271 413 3324 ††)
458 3271 626 3313 Eadem
669 3275 724 3316 de
769 3289 899 3318 eausa
940 3278 1047 3319 deos
1084 3278 1199 3318 falso
1241 3288 1322 3330 pro
1368 3289 1514 3316 rerum
1545 3274 1799 3321 auctoribus
1830 3274 1982 3314 haberi

449 3334 492 3368 et
531 3332 677 3372 omnia
726 3345 753 3373 a
791 3339 950 3374 natura
993 3337 1058 3376 vel
1101 3348 1206 3376 casu
1253 3334 1453 3387 profecta
1496 3345 1593 3374 esse
1645 3331 1902 3372 docuerunt.
1945 3344 1981 3370 v.

443 3386 586 3440 Legg.
620 3389 679 3430 X.
710 3404 751 3444 p.
782 3391 880 3435 885.
914 3393 969 3437 D.
1004 3406 1098 3446 sqq.
