2106 3594
1644 137 1853 196 XXIX

152 306 321 358 quum
367 305 405 340 a
455 286 629 361 prima
676 292 856 340 aetate
897 285 1203 357 insignibus
1235 283 1448 356 ¹ingenii
1483 290 1648 352 atque
1687 281 1855 336 animi

152 358 316 413 bonis
365 356 753 425 excelluerint,
803 367 919 410 tum
956 356 1089 410 facti
1127 355 1510 410 adolescentes
1546 365 1713 424 atque
1750 353 1855 408 viri

150 431 352 484 virtute
399 447 498 483 sua
543 427 680 482 alios
729 427 959 482 multum
1013 427 1406 499 superaverint.
1483 423 1856 494 Quemadmo-

150 501 281 556 dum
325 518 459 554 vero
510 518 544 552 a
593 499 828 572 singulis
881 498 1192 554 hominibus
1230 499 1396 554 animi
1431 499 1608 552 virtus
1644 497 1726 550 ita
1759 495 1856 552 de·

148 591 294 626 mum
350 579 730 642 comparatur,
783 570 831 626 si
877 571 1020 624 ratio
1057 572 1369 625 universam
1403 570 1647 639 ipsorum
1684 569 1855 623 vitam

148 641 222 696 ad
256 642 455 697 summi
490 643 622 699 boni
660 642 937 714 exemplar
974 644 1254 714 componit
1291 650 1348 696 et
1385 640 1727 704 moderatur-3
1775 640 1858 694 ita

149 714 313 768 etiam
361 713 558 769 civitas
611 714 692 769 sic
737 723 951 768 tantum
1002 713 1073 767 ad
1132 721 1558 770 consummatam
1597 713 1857 766 virtutem

147 804 215 840 ac
260 785 579 840 felicitatem
628 786 912 856 pervenire
960 794 1175 856 potest,
1239 786 1286 841 si
1335 785 1432 855 qui
1488 785 1538 838 ei
1590 784 1854 854 praefecti

147 865 277 911 sunt
310 856 382 911 ad
428 866 686 912 aeternae
724 858 975 911 veritatis
1013 858 1385 930 cognitionem
1424 863 1661 909 mentem
1697 873 1856 909 suam

147 936 475 984 convertunt
527 937 582 984 et
630 929 687 983 in
737 930 933 983 summi
982 930 1112 984 boni
1132 983 1139 991 ,
1162 928 1622 1000 contemplatione
1672 927 1858 982 animo

146 1010 429 1055 versantes
486 1000 633 1056 illius
691 1019 879 1056 curam
939 1009 1151 1073 gerunt.
1251 1001 1447 1070 Itaque
1506 999 1856 1069 imperantes

144 1071 504 1155 philosophos
540 1091 664 1128 esse
701 1081 937 1145 oportet.
1013 1071 1127 1141 Qui
1167 1072 1388 1143 quidem
1425 1090 1458 1125 a
1483 1070 1715 1125 Platone
1740 1089 1855 1126 non

144 1144 184 1197 ii
219 1143 631 1227 intelliguntur,
720 1146 778 1198 ui
834 1145 891 1198 in
927 1164 1039 1198 una
1076 1143 1383 1199 disserendi
1417 1141 1722 1198 subtilitate
1761 1161 1856 1197 oc-

146 1216 331 1288 cupati
376 1225 506 1285 sint,
546 1226 643 1271 aut
725 1236 755 1271 e
793 1217 1048 1271 omnibus
1095 1217 1279 1285 rebUS,
1317 1215 1386 1270 de
1425 1215 1626 1285 quibus
1665 1214 1854 1285 quaeri

144 1288 343 1359 possit,
371 1287 582 1358 aliquid
617 1288 899 1354 noverint3
938 1287 1037 1342 sed
1073 1288 1152 1342 illi
1191 1287 1408 1342 demum
1444 1293 1731 1354 vocantur,
1759 1285 1856 1357 qui

144 1366 396 1414 aeternas
431 1378 614 1415 rerum
659 1361 872 1431 species
910 1360 1190 1414 intuentes
1226 1359 1403 1431 ipsam
1438 1359 1724 1413 veritatem
1760 1378 1858 1413 co·

146 1431 467 1504 gnoverint3
517 1432 612 1503 qui
662 1433 886 1487 virtutis
934 1431 1309 1504 pulcritudine
1358 1438 1678 1504 perspecta,
1733 1449 1854 1484 eam

145 1521 261 1556 uon
307 1502 471 1557 modo
515 1502 852 1559 admirentur
895 1512 950 1558 et
994 1511 1214 1573 ament,
1263 1502 1362 1558 sed
1399 1502 1558 1556 etiam
1599 1502 1854 1556 omnibus

146 1573 355 1628 viribus
404 1583 821 1644 consectentur,
866 1576 1034 1645 alant,
1073 1583 1394 1639 exerceant3
1444 1574 1539 1645 qui
1587 1582 1854 1644 quantum

145 1645 392 1700 veritatis
437 1654 691 1700 aeternae
744 1647 1005 1717 scientia,
1059 1655 1271 1701 tantum
1317 1646 1480 1700 etiam
1527 1664 1634 1700 usu
1670 1665 1854 1700 rerum

146 1725 204 1769 et
248 1717 587 1786 experientia
631 1719 880 1788 valeant,
920 1727 978 1773 et
1017 1738 1184 1790 quum
1221 1719 1280 1772 in
1317 1737 1418 1772 sua
1453 1717 1697 1789 ipsorum
1734 1718 1853 1773 vita

143 1787 387 1860 regenda
431 1796 549 1842 tum
609 1789 666 1842 in
707 1789 1142 1845 administranda
1177 1790 1403 1844 civitate
1440 1789 1622 1843 omnia
1657 1788 1731 1843 ad
1766 1809 1854 1844 re-

143 1878 264 1914 rum
345 1859 664 1915 coelestium
735 1860 1039 1933 exemplum
1111 1867 1445 1933 componant
1513 1868 1697 1931 atque·
1755 1880 1852 1934 ge·

142 1938 270 1985 rant
306 1931 376 2002 ‘).
413 1962 485 1972 —
568 1930 1044 2001 Quemadmodum
1088 1941 1270 1987 autem
1308 1940 1420 1987 tres
1456 1932 1550 1986 isti
1589 1932 1850 1988 civium

144 2001 431 2058 ordines
480 2023 705 2076 prorsus
764 2004 1101 2075 respondent
1160 2005 1336 2060 tribus
1399 2004 1563 2058 animi
1627 2004 1852 2060 humani

142 2075 423 2146 partibuS,
481 2076 550 2131 de
586 2077 787 2147 quibus
825 2076 1033 2131 dictum
1070 2083 1157 2131 est
1193 2085 1383 2143 antea3
1422 2076 1503 2130 ita
1539 2076 1703 2131 etiam
1738 2097 1852 2132 una

142 2145 446 2218 eademque
490 2147 788 2203 virtutis
838 2149 1034 2203 ratio
1083 2157 1139 2203 et
1173 2150 1231 2203 in
1267 2148 1352 2203 sin
1433 2148 1501 2203 lis
1537 2147 1850 2205 hominibus

143 2226 203 2272 et
243 2218 300 2272 in
337 2219 597 2274 universa
640 2220 924 2293 republica
969 2221 1254 2293 reperitur.
1329 2169 1475 2275 §alm
1511 2219 1675 2275 huius
1713 2240 1851 2292 quo·-

144 2307 252 2360 qne
302 2291 569 2362 perfectio
619 2300 880 2363 quattuor
927 2293 1216 2348 universae
1267 2293 1488 2348 virtutis
1538 2293 1729 2349 formis
1783 2312 1849 2348 ac

142 2361 392 2433 partibus
441 2371 720 2434 censetur,
772 2364 1181 2436 sapientia,
1232 2384 1372 2436 quae
1410 2364 1753 2436 principibus
1794 2372 1848 2419 et

143 2434 556 2506 magistratibus
604 2438 828 2508 propria
884 2446 1001 2506 est,
1055 2437 1148 2507 qui
1185 2437 1521 2508 reipublicae
1559 2437 1848 2492 consulere

143 2523 208 2559 ac
255 2506 572 2578 prospicere
617 2506 846 2574 debent3
895 2507 1372 2578 fortitudine,
1425 2527 1565 2580 quae
1611 2508 1758 2564 inest
1790 2509 1848 2563 in

143 2576 377 2632 militum
426 2586 484 2632 et
518 2578 807 2634 custodum
845 2579 1068 2650 ordine,
1121 2600 1354 2652 quorum
1379 2589 1477 2655 ⁸est
1510 2586 1722 2653 patriae
1760 2599 1847 2636 sa-

213 2805 258 2860 α)
287 2805 359 2848 De
406 2808 739 2860 magistratibus
790 2808 1067 2863 philosophis
1114 2809 1212 2852 libr.
1266 2806 1316 2853 V.
1364 2814 1408 2849 et
1450 2806 1543 2850 vll.
1584 2809 1846 2863 disputatur.

289 2864 567 2908 illustrarunt
607 2868 691 2909 boc
740 2866 942 2909 Platonis
989 2868 1247 2920 paradoxon
1282 2867 1783 2919 Morgenuternius
1813 2868 1843 2909 1.

289 2935 331 2965 c.
365 2935 408 2976 p.
449 2924 712 2970 202—212.
753 2931 795 2967 et
838 2925 915 2967 De
955 2922 1198 2967 Geerius
1241 2924 1434 2967 Distrib.
1475 2924 1528 2967 de
1561 2924 1696 2970 Polit.
1735 2924 1844 2968 Plat.

287 2979 525 3036 Principiis
556 2996 599 3037 p.
631 2981 875 3028 164—175.
929 2982 1103 3025 Similia
1131 2982 1422 3038 philosophus
1453 2984 1687 3038 proposuit
1703 2982 1843 3038 Legg.

286 3035 387 3083 ΧῙΙ.
442 3053 487 3095 p.
524 3040 624 3086 984.
664 3042 700 3084 l)
746 3054 865 3095 sqq„
916 3054 1004 3095 quo
1052 3041 1150 3082 loco
1177 3038 1439 3096 'postquam
1488 3044 1658 3083 monuit
1713 3055 1844 3083 verae

289 3096 457 3139 civitati
499 3111 631 3142 unam
669 3101 875 3141 virtutem
914 3113 1012 3142 esse
1051 3101 1347 3154 propositam,
1382 3101 1587 3142 custodes
1617 3102 1711 3143 eius
1744 3112 1843 3141 oen-

289 3162 356 3195 ·et
390 3159 613 3210 cognitam
651 3158 814 3200 habere
858 3158 1018 3200 debere
1052 3159 1225 3200 virtutis
1264 3165 1308 3201 et
1338 3159 1648 3212 pulcritudinis
1680 3159 1769 3199 vim
1800 3165 1843 3199 et

288 3219 506 3265 naturam,
536 3223 623 3258 tam
654 3223 871 3271 quatenus
902 3230 979 3270 per
1010 3230 1056 3258 uc
1088 3229 1177 3258 una
1207 3219 1266 3259 sit
1295 3230 1424 3270 quam
1456 3223 1671 3271 quatenus
1698 3217 1843 3257 diver-

290 3282 362 3312 ιιι
402 3273 560 3315 habeat
598 3275 779 3317 formas.
846 3274 1120 3329 Quamquam
1160 3275 1204 3318 in
1245 3274 1440 3329 Legibus
1473 3276 1602 3317 istam
1633 3275 1842 3318 scientiae

293 3335 338 3369 et
376 3333 643 3384 cognitionis
690 3334 1001 3375 sublimitatem
1051 3334 1192 3386 magis
1248 3334 1365 3376 vitae
1413 3333 1631 3375 communi
1688 3338 1841 3375 attem-

290 3389 471 3438 petavii.
