2098 3658
310 155 376 204 5ss
918 153 1383 208 PLATONIS

226 294 275 346 Ε
310 296 481 369 λόγου
524 294 719 368 ἤρχετο
745 299 1213 371 ἐξαγριαίνεσθαι,
1255 304 1604 376 προςέβλεψα
1647 298 1825 355 αὐτὸν
1866 299 2003 369 πρό-

316 403 496 454 τερος,
553 380 684 445 dign
741 382 894 453 αὐτῷ
951 382 1068 448 οἷος
1125 385 1171 438 τ’
1237 385 1501 455 ἐγενόμην
1557 384 2002 454 ἀποκρίνασθαι,

310 470 404 521 καὶ
457 463 614 520 εἷπον
665 462 1125 539 ὑποτρέμων,ἾΩ
1189 468 1555 540 Θρασύμαχε,
1619 465 1696 538 μὴ
1761 467 2006 539 χαλεπὸς

311 549 443 620 ἡμῖν
489 550 646 605 2'0192·
706 558 749 606 εὶ
793 553 901 622 γάρ
947 574 1002 608 τι
1042 554 1493 624 ἐξαμαρτάνομεν
1540 560 1598 607 ὲν
1641 555 1707 629 τῇ
1755 556 1867 606 τῶν
1909 552 2004 608 λό-

309 654 421 702 γων
476 641 665 707 σκέψει
716 636 819 704 ἐγώ
876 659 932 692 τε
989 641 1079 693 καὶ
1134 636 1253 702 ὅδε,
1320 630 1376 693 εὖ
1428 639 1581 703 ἰ’σθι,
1637 635 1726 692 ὅτι
1774 633 2005 702 ἄκοντες

309 715 723 789 ἁμαρτάνομεν.
767 719 844 792 μὴ
886 719 995 793 γὰρ
1040 720 1106 789 δὴ
1150 723 1298 788 οἴου,
1359 729 1403 777 εἰ
1455 725 1557 794 μὲν
1611 726 1841 792 χρυσίον
1885 724 2003 788 ἐζη-

310 805 540 873 τοῦμεν,
597 803 697 858 οὐκ
753 802 828 859 ἄν
881 828 1016 861 ποτε
1071 805 1219 875 ἡμᾶς
1263 805 1493 871 ἑκόντας
1536 804 1677 861 εἶναι
1719 803 2006 860 ὑποκατα-

309 889 602 942 κλίνεσθαι
657 888 923 956 ἀλλήλοις
975 898 1033 947 ὲν
1088 895 1152 968 τῇ
1213 890 1425 960 ζητήσει
1490 896 1584 946 καὶ
1651 894 2005 965 διαφθείρειν

423 1052 474 1094 Ε.
537 1050 806 1108 ἐγενόμην
837 1050 1290 1110 ἀποκρίνασθαι]
1333 1056 1485 1111 steph.
1519 1053 1854 1111 ἀποκρίνεσθαι,
1887 1056 2004 1108 quod

305 1110 424 1151 nolus
455 1112 664 1153 Ambros.
696 1118 739 1153 et
772 1115 894 1164 pauci
926 1116 995 1155 alii
1027 1115 1195 1157 habent.

421 1168 476 1210 εἰ
506 1167 603 1223 γάρ
645 1185 690 1210 τι
729 1167 901 1225 ἐξήμ]
952 1171 1110 1213 Addidi
1151 1187 1187 1212 τι
1226 1184 1277 1212 ex
1321 1172 1421 1212 Par.
1464 1172 1518 1212 K.
1562 1171 1678 1212 Mon.
1715 1172 1859 1214 Ambr.
1896 1173 2004 1224 Aug.

304 1224 422 1267 Flor.
454 1241 493 1267 a.
527 1243 564 1269 e.
597 1242 638 1269 Χ.
672 1242 712 1268 α.
748 1230 790 1280 β’
865 1232 1027 1270 Vocula
1070 1244 1093 1271 a
1136 1231 1296 1271 criticis
1338 1230 1511 1270 videtur
1542 1230 1732 1276 abiecta,
1774 1230 1844 1280 qui
1878 1242 2000 1270 usum

306 1285 512 1337 loquendi
545 1299 627 1326 non
662 1288 984 1337 conmeissent,
1020 1288 1073 1328 de
1103 1301 1187 1338 quo
1223 1302 1259 1329 v.
1294 1287 1414 1328 iufra.

420 1343 503 1383 καὶ
544 1338 607 1383 οὐ
648 1343 1016 1399 σπουδάζειν]
1059 1345 1128 1385 καὶ
1170 1343 1226 1399 μὴ
1270 1357 1339 1387 σπ
1378 1344 1480 1384 Par.
1522 1342 1766 1387 DK.F10r.
1798 1344 1844 1396 β
1911 1344 2000 1385 Sed

308 1413 364 1440 ov
393 1400 602 1441 infinitivo
639 1403 813 1443 aliunde
844 1403 1044 1456 pendenti
1078 1402 1143 1444 bic
1174 1407 1292 1444 recte
1324 1402 1520 1469 additum
1554 1408 1623 1442 est
1653 1408 1834 1454 propter
1862 1415 2002 1456 oppo-

306 1517 451 1569 ipsa:
492 1517 604 1570 lupi
646 1517 872 1558 Moerim
916 1517 1111 1558 sidere

306 1575 582 1626 priores.“
655 1575 913 1615 Muretus.
987 1574 1111 1615 Cons.

306 1631 553 1686 Geoponic.
587 1632 685 1675 XV.
720 1644 758 1677 c.
778 1633 818 1676 8.
838 1634 934 1686 ibiq.
955 1632 1114 1674 Nicias.

305 1690 551 1732 Donatus
602 1689 652 1731 in'
692 1690 870 1733 Terent.
931 1691 1110 1744 Adelph.

307 1747 380 1789 IV.
415 1747 457 1799 1,
488 1748 556 1792 21.

363 1807 415 1846 E.
486 1806 538 1847 εἰ
573 1803 676 1859 γάρ
724 1821 770 1846 τι
811 1803 1111 1859 ἐξαμαρτά-

307 1871 502 1913 νομεν,
552 1864 771 1918 siquid
813 1866 879 1905 vei
922 1865 969 1903 si
1009 1876 1110 1918 qua

306 1924 694 1976 peccabamus.
773 1921 899 1963 Lenit
948 1923 1109 1962 erroris

306 1980 482 2030 vitium,
525 1979 596 2031 qui
647 1981 862 2032 obrepere
900 1979 1110 2032 potuerit,

305 2038 480 2081 ironice.
522 2039 678 2089 Itaque
710 2051 747 2077 τι
779 2049 862 2078 non
895 2043 966 2078 est
985 2049 1109 2090 sper-

304 2095 518 2147 nendum,
565 2094 824 2147 praesertim
859 2094 900 2135 in
932 2095 982 2137 iis
1015 2107 1110 2135 ser-

303 2159 452 2195 vatum
482 2152 724 2204 codicibus,
749 2152 823 2204 qni
852 2152 951 2193 alibi
975 2164 1110 2206 saepe

303 2210 434 2254 etiam
466 2224 563 2252 cum
606 2212 782 2266 optimis
817 2210 1105 2253 consentiunt.

304 2269 369 2311 De
398 2273 619 2310 structura
653 2269 766 2311 conf.
796 2266 904 2308 infra
933 2282 976 2322 p.
1005 2267 1105 2311 340.

304 2327 353 2368 C.
414 2325 506 2368 Cur
534 2328 742 2367 omissum
776 2325 925 2374 fuerit,
971 2330 1105 2378 patet.

359 2381 425 2439 μὴ
467 2380 561 2439 γὰρ
602 2383 665 2439 δη
713 2384 866 2433 οἴου,
923 2383 975 2425 εἰ
1008 2382 1106 2435 μὲν

302 2441 407 2497 χρ.]
454 2442 528 2486 Ne
589 2443 727 2483 euim
777 2447 956 2495 putes,
1008 2455 1105 2483 nos

301 2512 455 2553 quum
503 2501 550 2540 in
597 2513 729 2542 auro
779 2500 1104 2552 quaerendo

302 2570 560 2612 nunqnam
582 2564 771 2601 nostra
802 2563 997 2610 sponte
1017 2571 1106 2600 no-

302 2615 385 2657 bis
416 2616 625 2670 aliquid
659 2617 993 2658 concessuri
1028 2629 1105 2658 es-

302 2686 484 2716 semus
518 2676 704 2727 'eoque
754 2673 912 2716 modo
952 2674 1104 2716 iilius

304 2731 808 2785 investigationem
886 2731 1102 2775 irritam

303 2790 604 2841 reddituri,
672 2790 720 2832 in
787 2790 1105 2852 quaerenda

303 2846 546 2895 iustitia,
616 2859 672 2888 re
741 2858 874 2889 auro
937 2850 1104 2890 mutto

302 2906 540 2956 potiore,
571 2910 693 2946 tam
720 2898 1106 2960 imprudenter

303 2961 466 3004 nobis
532 2963 712 3005 omnia
771 2963 980 3016 largiri
1047 2974 1106 3005 ac

303 3030 401 3059 non
469 3021 654 3075 potius
722 3021 985 3063 studiose
1051 3020 1103 3062 id

303 3088 492 3130 agere,
550 3085 609 3120 ut
661 3077 708 3119 in
762 3090 998 3131 quanam
1046 3088 1105 3119 re

301 3134 383 3173 vis
414 3135 538 3176 eius
583 3148 643 3176 ac
683 3140 1105 3179 naturacerna-

301 3193 412 3260 tur,
475 3197 760 3246 appareat
836 3192 1000 3238 Valent
1047 3193 1104 3236 de

300 3245 363 3291 his
403 3248 546 3290 verbis
594 3259 707 3304 qnae
758 3249 812 3291 ed
839 3251 1102 3295 Cicerou.

302 3305 357 3348 de
384 3303 438 3350 N.
471 3308 521 3350 D.
552 3306 592 3358 1,
623 3306 688 3359 9,-
685 3307 773 3353 23.
803 3307 845 3348 in
875 3310 1102 3353 Analeeti's

301 3360 640 3423 litei-ar.1,2.
682 3376 723 3418 p.
770 3363 871 3409 318.
927 3368 1102 3422 scripsit

300 3396 1100 3479 Fr.Aug.’Woissus:„1dioma—

1197 1516 1279 1567 tis,
1322 1517 1477 1569 inquit,
1525 1515 1798 1556 formabam
1833 1522 1925 1568 est,
1958 1522 2004 1557 ut

1198 1574 1448 1627 simpiiciter
1479 1575 1708 1626 iungantur
1746 1574 1834 1615 duo
1866 1588 2001 1616 mem·

1197 1634 1272 1674 bra
1304 1632 1415 1673 inter
1451 1644 1500 1673 se
1540 1630 1864 1684 quodammodo
1895 1645 2000 1674 con-

1196 1691 1355 1738 traria,
1397 1702 1508 1743 quae
1548 1690 1670 1730 nobis
1702 1691 1888 1731 novitias
1919 1691 2000 1731 iin—

1198 1760 1305 1801 guas
1337 1747 1629 1801 spectantibus
1665 1749 1801 1798 magis
1832 1750 2001 1802 perspi·

1199 1818 1276 1846 cua
1294 1806 1412 1856 fiant,
1434 1806 1470 1846 si
1501 1818 1554 1846 ea
1586 1805 1814 1846 interiecto
1844 1818 1999 1859 quum

1195 1864 1305 1905 inter
1352 1875 1401 1904 se
1448 1868 1780 1913 connectantur,
1831 1876 1999 1906 eorum-

1194 1933 1278 1973 que
1314 1921 1471 1962 relatio
1511 1920 1807 1973 implicatione
1853 1922 1998 1974 perio-

1195 1977 1289 2019 dica
1330 1978 1653 2029 significetur.“
1711 1975 1837 2018 Coni'.
1878 1978 2002 2021 simi—

1195 2039 1258 2078 ies
1289 2037 1410 2078 locos
1443 2035 1999 2087 iibr.111.p.401.!‹3.1x.

1194 2107 1236 2147 p.
1269 2094 1372 2139 589.
1395 2093 1443 2136 E.
1505 2093 1754 2135 Pronomen
1788 2089 1898 2134 αυτό
1928 2107 1997 2136 re·

1194 2152 1308 2193 feras
1341 2151 1394 2193 ad
1430 2148 1724 2204 δικαιοσύνην.
1762 2151 1936 2194 Menon.
1957 2164 1999 2221 p.

1192 2209 1263 2253 86.
1289 2211 1349 2251 D:
1381 2223 1464 2250 ουκ
1495 2205 1550 2250 ἂν
1581 2207 1859 2261 ἐσκεψάμεθα
1891 2206 1998 2281 πρό-

1193 2282 1343 2320 τερον,
1388 2269 1470 2308 εἴτε
1503 2264 1703 2307 διδακτὸν
1732 2269 1816 2308 εἴτε
1847 2282 1901 2308 ov
1936 2267 1998 2308 δι-

1191 2323 1352 2366 δακτὸν
1380 2321 1406 2380 ἦ
1438 2320 1589 2380 α’ρετή,
1632 2326 1746 2396 πρὶν
1779 2323 1804 2367 ὅ
1835 2341 1871 2367 τι
1911 2326 2000 2367 ἔστι

1191 2386 1364 2438 πρῶτον
1393 2381 1652 2438 ἐζητήσαμεν
1681 2379 1828 2425 αυτό.
1891 2385 1997 2426 ibid.

1225 2443 1336 2488 .87.
1377 2442 1424 2484 Β.
1456 2443 1508 2483 D.
1540 2441 1765 2484 Phaedon.
1790 2456 1830 2496 p.
1853 2443 1925 2488 88.
1950 2447 1996 2485 Α

1191 2501 1335 2554 ibique
1366 2505 1512 2542 annot.
1573 2501 1662 2542 Sed
1700 2502 1998 2554 proximorum

1189 2559 1421 2600 verborum
1487 2560 1704 2612 scriptura
1764 2558 1998 2600 admodum

1190 2616 1320 2658 dubia
1352 2621 1434 2657 est.
1463 2616 1586 2660 vett.
1619 2616 1743 2658 editt.
1767 2615 1997 2660 exhibent:

1190 2670 1323 2724 αυτό,
1374 2670 1474 2715 οἶόν
1522 2673 1572 2728 γέ
1609 2671 1745 2722 ἐστιν,
1794 2667 1830 2714 ὦ
1878 2675 1996 2726 φίλε

1192 2728 1287 2773 ἀλλ’
1320 2726 1436 2783 οἶμαι
1468 2746 1506 2772 κ.
1539 2744 1573 2773 τ.
1606 2732 1665 2772 λ.
1713 2731 1842 2775 Quae
1874 2734 1997 2786 plura

1192 2790 1350 2832 babent
1390 2791 1432 2832 in
1471 2789 1627 2842 quibus
1666 2791 1824 2831 merito
1856 2790 1998 2831 offen-

1192 2848 1360 2890 damus.
1427 2846 1538 2889 Nam
1571 2854 1617 2888 ut
1649 2847 1836 2888 feramns
1877 2846 1994 2889 istud

1192 2902 1291 2947 οἶόν
1341 2903 1390 2960 γέ
1431 2902 1569 2957 ἐστιν,
1619 2908 1776 2958 utpote
1825 2906 1998 2946 minime

1190 2970 1338 3006 contra
1380 2963 1575 3005 Platonis
1634 2963 1997 3004 consuetudinem

1188 3026 1291 3075 post
1320 3022 1511 3076 φανῆναι
1541 3015 1651 3062 αὐτό
1680 3019 1898 3070 additum,
1928 3025 1996 3062 ta-

1189 3092 1285 3121 men
1331 3081 1558 3122 vocativus
1599 3072 1634 3118 ὦ
1673 3079 1770 3129 φίλε
1818 3079 1861 3119 in
1912 3078 1996 3119 fine

1191 3136 1401 3178 orationis
1442 3138 1614 3179 locatus
1656 3136 1833 3178 mirifice
1876 3137 1994 3176 cieu-

1191 3193 1329 3246 dicat3
1377 3207 1520 3249 neque
1567 3191 1670 3247 pos't'
1715 3191 1772 3246 μὴ
1819 3191 1914 3265 γὰρ
1935 3191 1993 3247 δὴ

1189 3251 1290 3293 σι”ου
1328 3258 1503 3305 poterat
1545 3251 1692 3294 inferri
1729 3247 1821 3292 ἀλλ’
1864 3246 1994 3302 οἶμαι,

1187 3308 1266 3351 sed
1315 3312 1435 3352 recta
1486 3309 1598 3352 ratio
1639 3311 1850 3364 poscebat
1898 3304 1992 3351 ἀλλ’

1189 3367 1288 3408 οἴου
1329 3364 1439 3422 ἡμᾶς
1478 3365 1534 3422 μὴ
1576 3365 1808 3413 admatha,
1851 3367 1990 3410 Codd.

1186 3425 1358 3479 plurimi
1390 3425 1614 3470 exhibent.
1657 3421 1769 3468 amo
1808 3427 1927 3467 οἴου
1950 3438 1991 3465 ιε
