2106 3594
280 154 420 209 VIII
446 159 450 185 ³

425 297 506 354 Ut
556 297 724 369 igitur
773 294 1205 365 disputationem
1252 296 1319 350 ab
1359 296 1426 348 iis
1477 297 1840 367 exordiamur,
1892 301 1985 369 qui

282 370 352 424 de
404 387 515 423 una
564 367 918 440 potissimum
956 366 1164 437 optima
1200 368 1422 422 civitate
1462 370 1552 440 agi
1591 370 1985 439 existimarunt,

279 441 515 514 primum
561 439 641 492 illi
703 439 885 509 operis
951 438 1361 510 inscriptionem
1428 448 1758 510 memorant,
1826 461 1988 512 quam

281 520 428 567 certe
479 509 669 583 negari
707 529 820 563 non
868 529 1030 581 posse
1069 510 1222 563 aiunt
1271 512 1540 564 communi
1589 512 1701 566 fere
1751 514 1990 582 antiqui-

280 585 411 639 tatis
466 581 781 636 testimenio
818 581 897 634 ita
935 599 1057 634 esse
1094 581 1499 651 confirmatam,
1537 590 1600 635 ut
1636 602 1755 636 eam
1794 603 1825 636 a
1863 585 1989 638 Pla-

284 664 417 709 tone
454 656 767 726 proiectam
807 671 927 706 esse
965 653 1203 706 dubitari
1233 662 1490 722 nequeat.
1566 654 1788 707 Deinde
1826 654 1991 708 iidem

282 726 352 779 ad
399 724 779 799 gravissimam
825 732 1132 796 provocant
1178 725 1356 795 ipsius
1396 725 1713 796 philosophi
1754 727 1993 780 auctori-

279 806 480 866 tatem,
517 796 611 866 qui
651 815 818 865 quum
855 796 997 849 libro
1037 796 1107 850 V.
1145 796 1364 868 Legum
1402 817 1454 867 p.
1497 799 1617 851 739.
1658 796 1723 851 B.
1763 816 1881 851 eam
1919 799 1994 851 ci-

280 870 524 936 vitatem,
565 868 620 920 in
659 886 769 937 qua
806 875 1005 940 agatur
1041 866 1111 922 de
1148 867 1416 922 bonorum
1440 869 1843 937 communione,
1883 870 1993 940 pri-

281 941 507 994 mariam
546 938 713 1008 dicat,
752 938 901 992 illam
938 958 1091 1008 vem,
1131 957 1272 1009 quae
1311 938 1582 993 condatur
1617 941 1671 992 in
1709 940 1846 1009 ipsis
1885 940 1994 994 Le-

281 1013 463 1086 gibuS,
504 1010 695 1064 ordine
733 1009 1052 1080 secundam,
1089 1018 1207 1065 tum
1243 1011 1300 1064 in
1337 1011 1607 1082 principio
1629 1012 1843 1064 Timaei
1882 1012 1994 1065 dis-

279 1082 584 1156 putationis
619 1083 678 1136 in
715 1081 800 1136 his
839 1082 1181 1136 sermonibus
1205 1083 1494 1136 institutae
1533 1083 1610 1135 ita
1645 1082 1811 1136 faciat
1846 1103 1994 1137 men-

282 1157 509 1223 tionem,
552 1153 711 1225 quasi
750 1153 818 1207 de
855 1153 1006 1209 nulla
1044 1153 1151 1206 alia
1189 1173 1246 1207 re
1284 1154 1390 1207 nisi
1430 1153 1497 1207 de
1535 1154 1700 1211 rebus
1739 1154 1993 1209 civilibus

283 1226 617 1298 expositum:
641 1226 729 1280 sit.
825 1225 933 1280 His
982 1223 1220 1295 denique
1277 1224 1490 1279 addunt
1549 1226 1711 1279 etiam
1771 1226 1994 1279 tertium

283 1297 560 1369 quiddam.
636 1296 838 1367 Neque
875 1297 1020 1350 euim
1043 1297 1334 1351 verisimile
1367 1315 1484 1350 esse
1511 1297 1844 1351 arbitrantur
1872 1297 1995 1369 phi-

279 1369 572 1441 losophum
619 1376 777 1422 tanta
826 1368 1089 1422 orationis
1145 1369 1303 1439 copia
1342 1377 1396 1421 et
1432 1369 1681 1422 ubertate
1725 1368 1791 1422 de
1830 1388 1993 1441 repu-

281 1440 427 1495 blica
475 1439 881 1511 disputaturum
929 1439 1128 1508 fuisse,
1181 1441 1292 1493 nisi
1326 1438 1384 1492 id
1417 1441 1597 1512 ipsum
1635 1441 1872 1512 egisset,
1932 1451 1996 1494 ut

282 1533 313 1566 o
356 1512 550 1565 timum
599 1511 838 1566 civitatis
892 1519 1097 1564 statum
1157 1511 1412 1565 subtilius
1462 1513 1777 1581 exquireret
1829 1519 1993 1582 atque

280 1532 496 1656 pfenius
534 1581 887 1635 describeret.

425 1654 546 1708 Nec
591 1653 842 1725 profecto
891 1653 1082 1725 negari
1129 1660 1315 1724 potest
1364 1649 1464 1706 has
1521 1653 1791 1722 rationes,
1858 1671 1996 1724 quas

283 1725 541 1780 Proclo
589 1731 730 1777 teste
779 1724 935 1778 multi
986 1725 1094 1778 iam
1130 1723 1257 1777 olim
1309 1743 1409 1795 pro
1447 1741 1547 1777 sua
1584 1741 1752 1777 causa
1789 1723 1846 1776 in
1883 1742 1996 1777 me-

285 1795 434 1852 dium
472 1795 803 1863 attulerunt,
843 1796 976 1848 satis
1015 1794 1328 1866 probabiles
1365 1812 1505 1863 esse,
1544 1801 1608 1846 ut
1643 1812 1755 1847 non
1796 1801 1996 1848 temere

284 1866 659 1941 negligendae*
687 1873 782 1919 aut
817 1865 1147 1919 reiiciendae
1184 1864 1492 1919 videantur.
1568 1864 1748 1931 Nam,
1788 1873 1851 1918 ut
1887 1866 1995 1936 pri·

283 1959 431 1994 mum
467 1938 535 1991 de
571 1937 697 1992 libri
731 1937 1092 2009 inscriptione
1132 1936 1406 2006 dicamus,
1456 1935 1604 1990 nulla
1642 1942 1788 1990 certe
1828 1955 1996 1991 causa

285 2020 396 2080 est,
449 2030 545 2064 cur
595 2028 713 2061 eam
766 2009 871 2080 ipsi
926 2008 1148 2062 Platoni
1211 2007 1397 2062 deberi
1450 2015 1731 2080 negemus,
1833 2005 1992 2076 Quae

284 2082 558 2137 sententia
595 2099 763 2150 quum
814 2079 934 2134 aliis
978 2079 1285 2133 rationibus
1323 2079 1692 2148 confirmatur,
1746 2091 1859 2134 tum
1896 2080 1996 2133 im-

284 2154 474 2227 primis
527 2152 690 2205 etiam
726 2170 790 2204 eo
829 2151 894 2203 fit
942 2151 1367 2221 verisimillima,
1424 2151 1574 2221 quod
1612 2162 1825 2207 veteres
1862 2151 1995 2205 scri-

284 2234 472 2297 ptores
523 2225 634 2276 non
670 2222 832 2294 pauci
868 2221 996 2276 iude
1036 2223 1104 2277 ab
1144 2222 1448 2276 Aristotele
1486 2241 1667 2294 usque
1703 2223 1774 2277 ad
1811 2233 1995 2296 patres

287 2294 694 2352 ecclesiasticos
742 2294 844 2347 hos
884 2313 1163 2348 sermones
1201 2302 1520 2348 constanter
1556 2297 1860 2356 Πολιτείας
1896 2313 1996 2347 no·

286 2368 431 2422 mine
466 2365 895 2438 insigniverunt3
946 2366 1177 2419 alterum
1214 2365 1452 2420 indicem
1488 2364 1654 2437 vulgo
1691 2365 1995 2438 praefixum

286 2442 413 2510 περὶ
451 2440 672 2492 δικαίου
722 2436 1116 2509 ignoraverunt
1153 2437 1222 2507 ²⁸⁸).
1299 2436 1360 2492 Si
1397 2445 1578 2491 autem
1615 2456 1873 2509 germana
1911 2444 1998 2489 est

288 2531 354 2565 ea
398 2509 521 2563 libri
572 2508 889 2580 inscriptio,
938 2529 1051 2562 non
1102 2508 1302 2562 iniuria
1348 2507 1564 2562 videtur
1624 2508 1752 2561 inde
1812 2507 1996 2578 colligi

285 2601 467 2636 rerum
505 2580 746 2634 civilium
786 2582 1165 2649 quaestionem
1205 2579 1506 2633 secundum
1543 2580 1716 2653 ipsius
1747 2579 1994 2632 Platonis

289 2653 618 2707 sententiam
667 2651 959 2724 plurimum
1007 2652 1210 2706 habere
1262 2651 1523 2723 ponderis
1573 2660 1737 2720 atque
1786 2656 1995 2722 partem

406 2852 462 2893 G.
493 2854 578 2893 Fr.
610 2853 819 2905 Rettig.
862 2853 1072 2905 Prole-gg.
1110 2853 1164 2892 ad
1209 2852 1323 2897 plat,
1358 2851 1507 2903 Remp.
1538 2850 1670 2893 Bern.
1704 2851 1832 2895 1845.
1873 2850 1992 2891 Car.

406 2910 702 2951 Steinhart
746 2912 891 2952 Praef.
932 2912 990 2952 ad
1027 2911 1153 2951 Hier.
1194 2909 1375 2950 Mulieri
1417 2910 1598 2961 interpr.
1631 2907 1778 2953 Germ.
1815 2909 1993 2950 Platon.

405 2969 505 3011 Vol.
547 2969 591 3014 V.
624 2981 666 3021 p.
697 2968 724 3010 3
753 2982 850 3021 sqq.
881 2969 1072 3009 Franc.
1103 2967 1378 3009 Susemihl
1410 2965 1569 3008 Genet.
1600 2966 1747 3007 Entw.
1782 2968 1860 3007 der
1878 2967 1993 3007 Plat.

369 3078 373 3082 ⁴
406 3026 577 3066 Philon.
609 3027 708 3066 Vol.
738 3026 799 3065 11.
832 3025 884 3066 P.
916 3028 951 3070 Ι,
983 3041 1026 3079 p.
1057 3025 1115 3070 58
1146 3039 1243 3078 sqq.
1274 3031 1320 3064 ut
1350 3031 1572 3066 taceamus
1607 3038 1718 3076 quos
1754 3025 1873 3067 infra
1903 3037 1993 3064 me-

406 3084 691 3124 morabimus.

318 3154 367 3208 θ’)
399 3156 506 3198 Vid.
555 3169 665 3207 quos
707 3155 944 3195 laudarunt
985 3157 1156 3197 Henr.
1189 3153 1508 3207 Stephanus
1560 3137 1732 3193 Anndt.
1781 3153 1828 3192 in
1881 3152 1994 3192 Plat.

408 3213 462 3255 Τ.
512 3213 594 3254 ΙΙΙ.
655 3226 694 3264 p.
747 3212 816 3255 19.
880 3214 967 3253 Mo
985 3219 1302 3265 rgenstern.
1365 3210 1675 3252 Commentatt.
1737 3222 1779 3261 p.
1840 3208 1896 3251 25
1929 3222 1993 3261 sq.

408 3271 605 3311 Astius
641 3270 924 3313 Commentar
953 3284 994 3322 p.
1017 3272 1088 3314 31.
1108 3271 1178 3315 13.
1237 3269 1326 3318 Qui
1345 3281 1457 3323 quae
1487 3272 1800 3321 exposuerunt,
1831 3268 1886 3307 iis
1917 3267 1994 3307 ad-

408 3329 574 3370 didisse
607 3328 792 3378 iuvabit,
827 3329 1061 3379 genuinam
1095 3328 1428 3380 inscriptionem
1458 3326 1596 3367 fuisse
1627 3339 1715 3367 non
1748 3326 1842 3376 περὶ
1876 3324 1993 3364 πολι·

409 3388 520 3430 τείας
551 3387 626 3428 sed
660 3386 855 3428 πολιτεία,
