2124 3744
160 689 258 739 574

302 206 402 257 298

912 203 1384 258 PLATONIS

302 354 773 416 νενεοττ-ευμένας,
833 348 962 414 τοὺς
1004 351 1053 405 δ’
1104 349 1282 422 ὥςπερ
1326 348 1436 405 ὑπὸ
1485 355 1721 420 κέντρων
1767 353 1992 406 ἐλαυνο-

299 441 495 500 μένους
554 435 663 486 τῶν
721 454 778 488 τε
835 433 1020 489 ἄλλων
1075 438 1394 505 ἐπιθυμιῶν
1460 439 1552 489 καὶ
1618 435 1994 507 διαφερόντως

298 516 397 571 ὑπ’
462 517 641 571 αὐτοῦ
686 520 785 571 τοῦ
818 515 1092 587 Ἔρωτος,
1148 519 1355 583 πάσαις
1413 529 1535 582 ταῖς
1577 515 1773 582 ἄλλαις
1817 516 1992 591 ὥςπερ

303 600 639 675 δορυφόροις
681 600 1020 671 ἡγουμένου,
1078 606 1309 675 οἰστρᾶν
1369 606 1462 656 καὶ
1514 611 1761 668 σκοπεῖν,
1816 607 1901 666 τίς
1942 622 1996 656 τι

301 690 434 756 ἔχει,
481 684 546 741 ὃν
591 683 834 740 δυνατὸν
877 687 1195 760 ἀφελέσθαι
1239 685 1613 753 ἀπατήσαντα
1657 685 1689 752 ἢ
1733 685 1998 756 βιασάμε-

300 792 430 833 νονς
515 770 764 845 ,Σφόδρα
809 770 887 840 γ’,
932 777 1056 844 ἔφη.
1135 770 1469 840 Ἀναγκαῖον
1515 770 1582 838 δὴ
1627 771 1996 842 πανταχόθεν

299 860 501 926 φέρειν,
546 853 577 919 ἢ
623 854 888 924 μεγάλαις
932 855 1088 911 ὠδῖσί
1131 878 1187 909 τε
1235 859 1327 910 καὶ
1373 854 1604 919 ὀδύναις
1646 856 1992 926 ξυνέχεσθαι.

294 938 302 954 ‚

418 1159 468 1200 P.
502 1159 601 1204 574.

300 1345 462 1383 quum
496 1334 693 1375 multae
724 1347 784 1375 ac
819 1334 1104 1377 vehemen-

300 1397 382 1431 tes
434 1392 480 1430 in
530 1391 674 1432 nido.
706 1393 870 1433 animi
917 1406 1107 1435 conse—

301 1448 494 1489 derint.
566 1450 802 1502 Eleganter
848 1450 1106 1503 cupiditates

302 1506 506 1546 dicuntur
536 1506 670 1558 βοᾶν,
713 1508 1022 1549 vociferari
1057 1516 1108 1550 et

301 1566 595 1614 conqueri,
641 1577 770 1616 quum
813 1566 969 1618 opibus
1000 1566 1107 1608 defi-

300 1621 513 1662 cientibus
545 1623 596 1663 iis
627 1636 712 1664 non
744 1625 929 1677 amplius
959 1630 1109 1678 potest

302 1679 518 1720 satisfieri.
580 1680 747 1722 Totum
791 1684 930 1724 locum
967 1684 1112 1724 imita-

302 1738 420 1778 tione
461 1740 678 1791 expressit
716 1740 1001 1793 Longinus
1045 1743 1110 1783 De

300 1795 509 1835 sublimis.
544 1810 638 1849 cap.
673 1798 825 1839 xle.
860 1799 898 1843 7.
934 1812 1013 1840 uec
1045 1800 1109 1840 vi-

302 1859 389 1894 tata
450 1855 683 1906 allegoriae
743 1856 937 1898 audacia.
1019 1858 1109 1898 Pro

301 1906 466 1965 ἀνάγκη
496 1910 571 1962 μὲν
603 1910 679 1953 τὰς
706 1913 940 1965 ἐπίθυμιάε·
969 1915 1014 1968 β.
1050 1915 1109 1956 fa-

301 1970 383 2010 cile
423 1971 518 2021 quis
562 1978 788 2024 exspectet
827 1973 978 2014 ordine
1010 1987 1108 2014 ver-

304 2027 457 2068 borum
493 2035 681 2070 mutato:
723 2027 799 2071 τὰε
836 2029 913 2080 μὲν
951 2029 1107 2072 ἐπιθυ-

303 2086 402 2134 μιάε·
432 2085 477 2137 β.
519 2087 649 2127 sicuti
686 2088 727 2129 in
769 2088 939 2129 duobus
978 2089 1106 2130 codd.

304 2143 589 2196 perscriptum
633 2146 789 2197 legitur
840 2151 976 2199 atque
1015 2147 1109 2188 edi-

300 2208 391 2241 tum
453 2207 520 2242 est
579 2202 632 2242 ab
693 2204 774 2245 lm.
831 2203 1106 2246 Bekkero.

302 2258 391 2299 Sed
448 2261 619 2311 vulgata
675 2262 889 2315 scriptura
942 2263 1110 2303 videtur

301 2316 406 2357 in'de
451 2318 782 2369 explicationem
827 2319 986 2361 habere
1016 2321 1109 2362 ido·

307 2386 449 2425 neam,
483 2375 602 2427 quod
629 2378 819 2430 scriptor
851 2379 1110 2431 multiplices

307 2433 627 2486 significaturus
659 2436 719 2476 rei
750 2437 1040 2477 necessitates
1072 2437 1111 2476 in

307 2495 453 2531 mente
495 2489 682 2533 habebat
726 2491 880 2534 liaec21
915 2486 990 2547 ἆρ’
1031 2489 1112 2535 οὐκ

308 2543 522 2601 ἀνάγκη
562 2547 655 2598 μὲν
686 2547 760 2590 τόιει
791 2549 1026 2602 ἐπιθυμίας
1062 2576 1109 2583 -

306 2604 726 2658 ἐννενεοττευμένας,
759 2604 924 2663 ἀνάγκη
961 2608 1008 2651 δὲ
1041 2610 1110 2650 καὶ

307 2659 472 2704 αὐτοὺς
503 2660 642 2718 ὥςπερ
668 2690 721 2696 —
741 2673 932 2709 σκοπεῖν.
986 2669 1111 2709 Hanc

305 2723 438 2771 igitur
478 2723 697 2764 rationem>
738 2728 980 2776 praemisso
1012 2728 1111 2766 illo:

305 2776 468 2834 ἀνάγκη
498 2781 587 2832 μέν,
622 2781 780 2825 deinde
813 2783 1004 2826 deseruit
1034 2784 1111 2825 ad-

306 2840 440 2880 misso
477 2840 749 2882 anacolutho.
812 2842 1000 2884 Videtur
1033 2856 1111 2882 au-

309 2903 393 2937 tem
437 2898 500 2935 vel
543 2898 607 2936 sic
648 2899 944 2951 retingendum
990 2914 1111 2941 esse:

310 2950 516 2994 αὐτούεἱ
555 2949 602 2994 δ’
644 2952 782 3009 ὥςπερ
824 2972 860 2998 κ.
904 2959 1013 3004 τ.,λ.
1066 2962 1112 2998 ut

309 3012 416 3064 ipsi
465 3019 738 3065 opponantur
785 3016 1112 3067 cupiditatibus,

309 3082 484 3120 quarum
532 3077 751 3124 tamquam
795 3073 980 3114 stimulis
1018 3074 1109 3123 agi-

310 3132 467 3167 tantur.
530 3127 654 3176 Quae
685 3130 775 3182 ipsa
801 3132 1011 3172 sententia
1034 3131 1115 3171 fuit

311 3185 437 3224 etiam
466 3185 710 3227 sHeusdii
739 3189 839 3230 Init.
868 3188 973 3230 Phil.
1000 3188 1111 3229 Plat.

315 3241 408 3281 Vol.
455 3243 524 3283 ΙΙΙ.
571 3257 612 3296 p.
647 3245 744 3290 167.
787 3247 847 3288 ita
885 3246 1112 3299 legendum

312 3301 540 3340 censentis.
620 3302 785 3344 Deinde
834 3318 938 3345 vero
987 3304 1112 3344 etiam

311 3355 429 3397 aliud
464 3359 698 3401 notandum
722 3367 788 3402 est
809 3360 1114 3411 anacoluthon,

313 3413 524 3466 siquidem
558 3421 658 3469 post
689 3420 773 3458 τῶν
805 3434 846 3459 τε
868 3417 1005 3460 ἄλλων
1024 3417 1113 3458 ἑπι-

314 3472 488 3522 θυμιών
519 3478 642 3530 sequi
677 3476 843 3519 debuit=
878 3478 945 3518 καὶ
965 3475 1113 3529 διαφε-

288 941 646 1009 ,Αναγκαῖον
716 931 848 1008 Ἆρ’
918 933 1057 1005 οὖν,
1109 939 1286 1013 ὥςπερ
1344 946 1405 996 αἱ
1460 948 1517 995 ἐν
1573 939 1727 1010 αὐτῷ
1793 938 1996 1007 ἡδοναὶ

667 1162 762 1202 τῶν
800 1158 1043 1214 ἀρχαίων
1084 1163 1244 1202 πλέον
1283 1156 1460 1214 εἶχον]
1503 1159 1551 1201 V.
1588 1160 1754 1207 πλεῖον,
1791 1157 1909 1212 quod
1941 1170 1994 1200 ex

1192 1333 1378 1388 ρόντως,
1412 1334 1477 1374 vel
1512 1332 1579 1371 καὶ
1611 1329 1664 1385 δὴ
1697 1331 1779 1377 καί,
1811 1329 1895 1369 τῶν
1915 1323 1993 1368 αὖ·

1193 1394 1273 1433 τοῦ
1326 1392 1406 1431 τοῦ
1450 1390 1634 1442 ἔρωτος,
1683 1388 1800 1440 quod
1850 1392 1996 1428 tamen

1192 1463 1278 1492 nou
1318 1450 1413 1491 sine
1444 1460 1595 1488 caussa
1626 1445 1823 1488 licentius
1854 1449 1996 1486 muta-

1192 1514 1282 1549 tum
1317 1514 1384 1547 est
1416 1507 1455 1546 in
1488 1505 1632 1546 istud=
1664 1503 1733 1544 καὶ
1764 1499 1996 1555 διαφερόν-

1194 1577 1276 1607 τως
1312 1560 1403 1605 ὑπ’
1441 1559 1580 1603 αὐτοῦ
1611 1563 1692 1603 τοῦ
1720 1561 1894 1613 ἔρωτος.

1251 1621 1319 1664 ὃν
1370 1618 1608 1663 δυνατὸν
1645 1645 1699 1650 -
1739 1616 1993 1670 βιασάμε-

1195 1681 1316 1736 νον]
1363 1693 1524 1735 quem
1581 1679 1751 1720 liceat
1797 1675 1997 1718 fraude

1194 1742 1279 1783 vel
1314 1739 1360 1779 vi
1398 1737 1666 1792 spoliare.

1253 1802 1299 1838 P.
1341 1797 1442 1841 574.
1519 1789 1870 1845 πανταχόθεν
1912 1787 1995 1843 φέ-

1196 1870 1310 1911 ρειν
1340 1855 1424 1909 —-]
1465 1853 1522 1895 H.
1558 1867 1595 1894 e.
1638 1851 1876 1902 undique
1917 1861 1996 1889 ra-

1196 1927 1325 1970 pere
1357 1919 1410 1955 et
1440 1911 1677 1960 auferre,
1711 1921 1798 1961 qua
1828 1907 1998 1948 ratione

1197 1972 1373 2013 verbum
1414 1970 1585 2024 ponitur
1620 1969 1661 2008 in
1700 1965 1884 2007 formula
1917 1977 1996 2005 no-

1196 2030 1360 2070 tissima
1423 2025 1571 2079 φέρειν
1620 2025 1688 2065 καὶ
1748 2021 1868 2076 ἄγειν
1928 2023 1997 2063 vel

1195 2086 1314 2141 ἄγειν
1352 2085 1420 2126 καὶ
1463 2084 1624 2138 φέρειν.
1698 2082 1864 2122 Eodem
1906 2079 1998 2121 sere

1195 2145 1328 2193 modo
1389 2145 1533 2185 solum
1594 2139 1740 2194 φέρειν
1806 2137 1996 2191 positum

1195 2198 1522 2254 Tliucyd.'1.
1574 2201 1613 2243 7.
1667 2204 1776 2240 extr.
1838 2197 2000 2264 ἔφερον

1196 2257 1276 2315 γὰρ
1317 2256 1526 2312 ἀλλήλους
1567 2273 1603 2298 κ.
1648 2271 1681 2297 τ.
1722 2257 1756 2296 λ.
1817 2253 1932 2294 Tum
1971 2251 1999 2306 η’

1196 2326 1264 2360 est
1295 2318 1575 2370 alioquin,
1609 2321 1657 2356 ut
1680 2326 1826 2366 saepe.
1865 2306 1999 2351 Ὠδίς

1194 2383 1337 2419 autem
1375 2376 1628 2416 vocabulum
1665 2376 1735 2412 est
1775 2371 1816 2411 in
1850 2382 1998 2412 amore

1195 2435 1432 2488 proprium,
1463 2438 1511 2473 ut
1530 2432 1646 2473 Libr.
1672 2430 1740 2470 Vl.
1761 2443 1803 2481 p.
1825 2427 1925 2470 490.
1946 2428 1995 2468 D.

1255 2489 1425 2544 ὥςπερ
1458 2489 1598 2531 αἰέν
1629 2482 1771 2541 αὐτῷ
1804 2483 1998 2539 ἡδοναὶ

1195 2546 1637 2604 ἐπιγιγνόμεναι]
1672 2545 1808 2587 Redit
1834 2543 1887 2584 ad
1920 2555 1998 2583 nu-

1195 2621 1361 2650 merum
1415 2608 1704 2659 singularem,
1758 2615 1847 2654 quo
1893 2612 1998 2642 usus

1196 2673 1289 2707 erat
1327 2671 1471 2706 antea.
1544 2664 1671 2705 Quae
1721 2670 1997 2701 numerorum

1196 2726 1380 2766 varietas
1415 2735 1466 2762 ac
1498 2718 1748 2763 vicissitudo
1785 2717 1996 2758 neminem

1198 2782 1462 2829 morabitur,
1503 2779 1599 2832 qui,
1638 2781 1797 2830 quanta
1838 2773 1997 2814 Graeci

1198 2841 1278 2881 boe
1309 2840 1351 2880 in
1381 2850 1542 2892 genere
1574 2837 1639 2877 usi
1667 2836 1751 2874 siut
1781 2832 1996 2898 libertate,

1198 2899 1307 2938 bene
1333 2895 1590 2937 meminerit.
1644 2893 1750 2933 Dein
1780 2888 1997 2941 ἐπιγιγνο-

1196 2969 1336 3007 μεναι,
1375 2965 1526 2995 rursus
1566 2951 1657 2990 sine
1697 2948 1877 2988 articulo
1918 2946 1996 2986 ad-

1194 3017 1383 3063 iectum,
1423 3009 1635 3064 significat
1675 3005 1796 3046 dum
1847 3016 1996 3044 acce-

1197 3071 1426 3119 debant,
1475 3081 1509 3108 s.
1558 3076 1711 3117 quum
1771 3062 1994 3104 accede-

1201 3133 1336 3170 rent.
1407 3123 1574 3166 Phileb.
1621 3135 1662 3174 p.
1715 3119 1787 3163 43.
1841 3119 1898 3162 B:
1956 3118 2003 3158 αἱ

1199 3184 1430 3237 μεταβολαὶ
1469 3178 1581 3222 κάτω
1626 3193 1669 3219 τε
1709 3180 1776 3218 καὶ
1814 3174 1905 3217 ἅνω
1937 3191 1997 3230 γι-

1201 3241 1402 3298 γνόμεναι
1455 3236 1593 3280 λύπας
1639 3251 1680 3276 τε
1720 3237 1788 3277 καὶ
1837 3231 1999 3289 ἡδονὰς

1199 3296 1521 3353 ἀπεργάζονται.

1261 3354 1400 3398 οὕτω
1441 3355 1528 3395 καὶ
1565 3349 1740 3393 αὐτὸς
1779 3347 1998 3403 ἀξιώσει

1199 3441 1256 3447 -
1298 3412 1725 3468 πατρῴων;]”ἱῐ8
1776 3415 1828 3452 et
1875 3409 1999 3462 ipse

1201 3474 1431 3517 animum
1495 3471 1752 3515 inducet,
1822 3478 1996 3519 quam-
