2098 3658
207 377 253 427 B

289 155 356 206 20
919 148 1394 202 PLATONIS

295 305 477 369 μέντοι
529 288 697 361 ἧττον
741 298 1001 370 ὲᾳαίνετο
1050 301 1272 366 πρέπειν
1306 292 1374 363 ἢν
1410 300 1460 349 οἱ
1488 296 1739 364 Θρᾷκες
1725 299 1990 366 (ἔπεμπον.

296 379 721 453 προςευξάμενοι
779 381 836 433 δὲ
897 382 991 434 καὶ
1047 379 1438 452 θεωρήσαντες
1480 377 1700 455 ἀπῇμεν
1739 376 1880 450 πρὸς
1925 379 1987 434 τὸ

294 464 453 520 ἄστυ.
480 462 719 517 κατιδών
746 483 849 518 ουν
888 460 1193 537 πόρρωθεν
1239 462 1384 534 ἡμᾶς
1429 462 1614 519 οἴκαδε
1638 459 1993 561 ὡρμημένους

294 554 660 618 Πολέμαρχος
703 544 732 602 5
766 546 1034 621 Κεφάλου
1058 552 1290 603 ἐκέλευσε
1338 545 1625 618 δραμόντα
1671 544 1771 601 τὸν
1815 550 1990 601 παῖδα

296 634 604 702 περιμεῖναί
646 636 669 686 ἑ
714 633 982 686 κελεῦσαι.
1027 636 1121 687 καί
1158 653 1267 701 μου
1315 629 1560 687 ὄπισθεν
1602 628 1632 685 5
1664 640 1794 694 παῖς
1821 629 1991 700 λαβό-

292 738 458 787 μενος
501 718 603 770 τοῦ
642 719 894 787 ἱματίου,
947 716 1165 771 Κελεύει
1207 714 1385 787 ὑμᾶς,
1438 720 1576 790 ἔφη,
1628 717 1993 784 Πολέμαρχος

295 809 619 871 περιμεῖναι.
721 801 830 853 Καὶ
864 798 986 868 ι-ὲγοὸ
1048 800 1436 875 μετεστράφην
1489 819 1545 853 τε
1602 803 1693 853 καὶ
1751 797 1990 867 ἠρόμην,

294 883 441 941 ὅπου
500 880 671 948 αὐτὸς
714 883 847 950 ε’ίη.
906 875 1105 950 Οὗτος,
1155 890 1275 959 ἔφη,
1317 883 1560 940 ὄπισθεν
1602 890 1989 954 προςέρχεται·

291 967 435 1023 ἀλλὰ
483 972 808 1039 περιμένετε
876 965 1045 1022 Ἀλλὰ
1090 972 1500 1040 περιμενοῦμεν,
1525 991 1556 1034 η
1587 966 1628 1022 5
1664 964 1724 1030 ὃς
1749 964 1778 1021 5
1805 971 1858 1020 Γ
1856 967 1992 1022 lav·

293 1074 418 1107 κων.
514 1055 623 1106 Καὶ
683 1050 850 1120 ὀλίγῳ
895 1050 1130 1106 ὕστερον
1175 1051 1204 1107 5
1253 1073 1308 1107 τε
1355 1056 1719 1122 Πολέμαρχος
1758 1073 1854 1118 ηκε
1897 1072 1991 1105 και

290 1136 649 1208 Ἀδείμαντος
686 1133 715 1190 5
761 1139 862 1191 τοῦ
889 1135 1222 1201 Γλαύκωνος
1265 1133 1510 1212 ἀδελφὸς
1555 1139 1661 1190 καὶ
1672 1135 1994 1207 Νικήρατος

411 1300 461 1340 C.
524 1297 593 1341 ὥς
623 1297 730 1340 ἀπὸ
766 1301 854 1353 τῆς
886 1300 1135 1353 πομπῆς]
1169 1296 1228 1340 ὥς
1259 1312 1344 1340 om.
1383 1299 1433 1339 ΙΙ
1465 1299 1500 1339 Ι)
1530 1298 1573 1338 K
1614 1298 1661 1339 B.
1694 1299 1821 1339 male.

1881 1298 1993 1348 Mox

295 1355 353 1398 ὥς
385 1354 586 1398 ἀπιόντες
614 1357 727 1410 πρὸς
757 1356 805 1399 τό
843 1355 952 1398 ἄστυ
983 1354 1213 1411 ὡρμῆσθαι
1253 1363 1271 1396 t
1300 1371 1327 1396 v
1359 1354 1401 1397 ά.
1439 1362 1481 1397 et
1514 1357 1598 1409 ἔφη
1632 1353 1798 1397 τούτων
1837 1356 1865 1396 k
1911 1369 1939 1396 v
1971 1369 1993 1396 c

291 1430 334 1455 x.
400 1416 446 1456 ln
477 1417 598 1457 Flor.
629 1413 673 1468 β’
703 1423 769 1457 est
802 1430 969 1456 τουτων
1003 1418 1151 1456 τοίνυν
1187 1416 1286 1467 ε”.φη

411 1474 485 1513 ἔτι
517 1474 574 1513 ἑν
605 1473 879 1528 λειπεται]
915 1472 1141 1514 {Mela-terat
1175 1472 1351 1514 AIlDK
1382 1470 1408 1511 b
1446 1469 1485 1524 γ’
1515 1477 1558 1511 et
1587 1473 1674 1512 duo
1711 1473 1838 1512 vind.
1873 1472 1994 1524 quod

294 1531 416 1571 dedit
455 1531 592 1573 Herm
646 1533 721 1584 qui
759 1544 988 1584 perperam
1026 1534 1083 1572 ad
1131 1530 1300 1571 Phileb.
1342 1542 1377 1569 c.
1414 1528 1456 1572 8.
1502 1536 1740 1582 provocat,
1778 1530 1855 1569 ubi
1887 1543 1993 1570 usus

295 1589 417 1629 verbi
450 1596 518 1629 est
546 1590 729 1630 multum
760 1590 984 1638 diversus3
1016 1603 1117 1631 nam
1147 1602 1202 1630 ne
1234 1587 1280 1627 ἓι
1298 1584 1524 1632 ἐλλείπεται
1556 1588 1732 1641 quidem
1764 1588 1994 1641 probabile

295 1654 376 1689 est.
438 1646 540 1687 Duo
571 1647 717 1690 Florr.
749 1645 963 1690 ἐλλείπετε.

293 1789 350 1828 ad
419 1789 577 1842 Eurip.
641 1785 818 1842 Suppl.v
870 1805 910 1835 v,
971 1789 1100 1834 1059.

294 1846 366 1885 Βι-
385 1847 542 1888 unck.
586 1847 642 1887 ad
683 1847 895 1899 Sophocl.
935 1850 1101 1890 Electr.

295 1918 336 1944 v.
385 1903 499 1948 664:
529 1903 860 1948 Blomfield.
913 1908 970 1947 ad
1014 1907 1103 1945 Ae-

293 1961 431 2013 schyl.
471 1962 589 2004 Pers.
624 1976 664 2003 v.
697 1961 798 2006 244.
828 1963 1014 2004 Monk.
1047 1963 1102 2004 ad

297 2019 404 2061 Eur
453 2020 620 2061 Alcest.
668 2034 708 2061 v.
762 2020 861 2064 528.
933 2021 1100 2062 Similis

298 2077 533 2118 verborum
573 2079 778 2119 iunctura
817 2083 884 2118 est
914 2079 1100 2121 Theaet.

295 2148 339 2187 p
371 2135 459 2178 142
493 2135 546 2174 Β.
580 2136 772 2187 χαλεπως
801 2134 877 2186 μὲν
908 2137 989 2189 γὰρ
1022 2136 1101 2188 ἔχει

298 2192 382 2232 καὶ
420 2189 508 2233 ὑπὸ
534 2194 785 2264 τραυμάτων
811 2195 950 2243 τινῶν,
982 2194 1100 2245 ,acli-

296 2251 394 2290 Ι2.ον
432 2247 533 2304 μὴν
576 2247 752 2293 αυτὸν
796 2251 911 2305 αιρεῖ
951 2249 998 2293 τὸ
1036 2267 1101 2300 γε·

297 2305 434 2361 γονὸς
475 2305 656 2363 νόσημα.
727 2309 932 2351 Ceterum
977 2323 1102 2352 sacra

294 2367 394 2420 illa,
429 2365 540 2419 quae
572 2368 868 2410 Athenienses
901 2381 927 2408 a
958 2368 1099 2409 Thra-

295 2425 419 2464 cibus
459 2431 743 2477 acceperant.
786 2428 915 2467 etiam
956 2426 1098 2467 Thra-

295 2485 364 2522 cio
408 2483 496 2522 ritu
535 2489 712 2536 peracta
753 2497 849 2526 esse
880 2489 998 2524 totus
1028 2484 1100 2525 hic

293 2541 417 2581 locus
450 2541 694 2582 luculenter
724 2548 925 2584 testatur.

357 2598 388 2637 R
464 2597 662 2639 οἴκαδε
739 2596 1101 2653 (ὁρμημένους

301 2654 654 2710 Πολέμαρχος
697 2659 784 2709 —]
877 2657 1099 2709 Cephalus

299 2726 460 2764 genere
531 2717 859 2768 Syracusanus,
923 2722 999 2756 aut
1052 2721 1100 2756 ut

297 2772 372 2810 alii
413 2773 590 2824 volunt,
627 2773 821 2814 Thurius
873 2774 979 2820 fuit,
1020 2774 1096 2814 sed

299 2829 499 2870 Athenas
558 2833 867 2883 commigrarat
917 2832 1102 2872 Periclis

299 2886 491 2939 hortatu,
512 2890 635 2929 cuius
654 2890 848 2943 hospitio
881 2890 1102 2930 utebatur.

298 2942 438 2984 Filios
469 2945 624 2986 habuit
644 2947 994 2998 Pomm-archum,
1013 2948 1104 2989 Eu-

297 2999 564 3052 thydemum,
581 3003 878 3057 Brachyllum,
893 3012 935 3047 et
954 3011 1103 3046 orato-

293 3069 384 3097 rem
417 3055 705 3101 clarissimum
718 3063 912 3114 Lysiam.
936 3065 1102 3103 Aucto-

293 3126 364 3155 res
419 3117 490 3158 his
549 3119 680 3159 rebus
731 3127 832 3160 sunt
879 3122 1101 3172 Dionys.

295 3171 414 3216 Hal.
449 3179 492 3215 et
512 3173 802 3218 Plutarch
823 3180 870 3219 in
901 3178 1102 3230 vitaLy-

295 3230 387 3270 siae
427 3231 550 3285 (Vitt.
584 3233 642 3273 X.
678 3232 854 3278 Orator.
884 3236 939 3276 T.
973 3238 1029 3278 ΙΙ.
1054 3249 1097 3288 p.

293 3286 394 3330 835.
436 3291 522 3331 ed.
536 3289 720 3342 Reisk.).
787 3293 1098 3336 Polemar'chus

294 3351 464 3396 autem,
484 3347 569 3388 de
621 3362 709 3402 quo
754 3349 825 3391 hic
864 3354 1033 3404 agitur,
1071 3362 1099 3392 a‘

294 3403 476 3456 triginta
521 3406 744 3458 tyrannis,
795 3421 905 3459 quos
956 3411 1092 3451 Lace-

1188 1788 1409 1828 daemonii
1444 1788 1633 1829 Athenis
1664 1784 1992 1839 imposuerant,

1184 1846 1354 1886 indicta
1415 1846 1548 1887 causa
1604 1846 1791 1886 cicutam
1842 1845 1994 1885 bibere

1186 1909 1362 1944 coactus
1393 1903 1503 1945 est.“
1558 1903 1833 1944 Muretus.
1863 1901 1994 1943 Conf.

1186 1961 1414 2013 'laylor.
1452 1962 1535 2001 Vit.
1567 1962 1730 2014 Lysiae
1761 1960 1812 2000 Τ
1847 1960 1915 2000 v.1
1949 1973 1997 2013 p.

1184 2017 1271 2062 103
1303 2032 1423 2072 seqq.
1458 2021 1523 2061 ed.
1536 2019 1697 2060 Reisk.
1733 2024 1776 2058 et
1805 2017 1994 2058 Groen

1186 2091 1214 2116 v
1260 2076 1599 2118 Prinsterer
1636 2075 1992 2129 Prosopograph.

1189 2135 1307 2175 Plat.
1351 2149 1393 2188 p.
1439 2135 1520 2178 111
1564 2149 1683 2188 seqq.
1719 2157 1763 2164 -
1805 2132 2023 2193 οἴκαδε,

1189 2188 1306 2245 ὠρμ.
1338 2195 1365 2237 i.
1404 2207 1442 2234 e.
1475 2195 1693 2234 domum
1724 2193 1790 2245 (in
1821 2191 1993 2244 urbem)

1187 2257 1582 2303 properantes.
1669 2250 1800 2291 Unde
1865 2251 1992 2291 Pole-

1187 2309 1389 2350 marchus
1423 2323 1599 2350 servum
1620 2309 1743 2349 iubet
1765 2305 1991 2360 δραμόν-

1187 2381 1246 2406 τα
1299 2389 1339 2396 —
1404 2367 1644 2420 περιμεῖναί
1698 2364 1721 2406 ἑ
1751 2375 1753 2379 ’
1779 2366 1991 2413 κελεῦσαι,

1186 2437 1412 2466 currere
1452 2432 1614 2478 atque
1663 2425 1891 2472 dicere,
1936 2429 1993 2464 ut

1185 2484 1238 2535 ip
1251 2496 1310 2523 su
1325 2496 1366 2523 m
1412 2482 1791 2534 (Polemarchum)
1823 2495 1848 2522 o
1864 2495 1891 2534 p
1908 2495 1935 2534 p
1949 2495 1992 2522 e-

1185 2542 1428 2582 riantur.
1508 2541 1626 2581 Nam
1683 2542 1746 2581 ita
1806 2541 1992 2580 alterum

1184 2599 1301 2639 istud
1324 2599 1518 2640 κελεῦσαι
1534 2599 1852 2650 accipiendum,
1871 2598 1989 2648 quod

1184 2658 1231 2697 in
1270 2658 1351 2697 hac
1388 2658 1658 2699 narrationis
1708 2656 1988 2707 simplicitate

1185 2728 1273 2755 non
1304 2721 1466 2756 temere
1496 2714 1729 2768 repetitum
1761 2719 1840 2753 est.
1887 2737 1898 2746 -

1243 2773 1334 2813 καί
1367 2786 1471 2823 μου
1516 2769 1593 2813 ὄπ.
1640 2794 1697 2801 -
1739 2768 1986 2825 ἱματίου]

1188 2830 1356 2872 Eadem
1393 2836 1613 2871 structura
1650 2829 1748 2868 libr.
1782 2830 1837 2869 V.
1868 2830 1929 2869 in.
1966 2821 1990 2868 5

1190 2886 1236 2927 δὲ
1259 2887 1532 2942 Πολέμαρχος
1549 2885 1684 2927 ἐκτείν
1673 2898 1737 2926 ας
1768 2883 1844 2938 τὴν
1873 2891 1990 2939 χεῖρα

1189 2946 1257 2985 καὶ
1289 2943 1531 2997 λαβόμενος
1561 2945 1639 2984 τοῦ
1677 2943 1845 2994 ἱματιου
1876 2941 1988 2985 ἅνω-

1187 3003 1272 3043 θεν
1302 2999 1442 3044 αυτοῦ
1471 2999 1586 3056 παρὰ
1619 2999 1695 3042 τὸν
1714 2996 1844 3052 ὦμον.
1883 3005 1986 3042 Par-

1186 3063 1347 3102 menid.
1365 3063 1426 3102 in.
1451 3066 1621 3112 καϊμου
1641 3057 1887 3113 λαβόμενος
1915 3061 1990 3113 τῆς

1185 3116 1328 3170 χειρὸς
1360 3115 1384 3159 5
1415 3115 1692 3170 Ἀδείμαντος,
1729 3119 1906 3159 Charm.
1944 3131 1986 3171 p.

1187 3176 1286 3220 153.
1307 3177 1358 3217 B.
1384 3177 1562 3230 Protag.
1590 3190 1630 3230 p
1652 3177 1752 3220 336.
1787 3176 1836 3216 C.
1868 3176 1986 3220 conf.

1187 3235 1456 3276 Matthiae
1510 3236 1555 3289 9.
1602 3234 1703 3279 330.
1781 3235 1987 3275 Ceterum

1184 3288 1366 3342 ιμάτιον
1381 3298 1448 3334 est
1476 3293 1734 3346 pallium,
1753 3293 1874 3345 quod
1904 3293 1984 3333 mi-

1181 3360 1329 3391 ramur
1386 3353 1648 3406 interpretes
1713 3351 1910 3391 latuisse.
1942 3364 1983 3393 v.

1185 3407 1502 3451 Valckenar.
1537 3411 1601 3451 ad
1643 3409 1857 3451 Herodot.
1890 3407 1984 3449 ΙΙΙ.

2068 3213 2071 3268 ἕ
