2098 3658
235 131 341 182 :2813
852 125 1324 181 PLATONIS

236 285 427 347 ὄειγμα
486 275 585 329 τοῦ
648 270 922 328 τοιούτου.
970 273 1266 339 πλεονάκις
1308 278 1364 330 δὲ
1411 286 1682 348 πονηροῖς
1722 274 1757 343 ἢ
1801 298 1936 347 χρη-

238 373 388 424 στοῖς
447 354 794 428 ἐντυγχάνων
866 357 1182 432 σοφώτερος
1240 357 1274 427 ἢ
1337 360 1729 430 ἀμαθέστερος
1790 364 1938 416 δοκεῖ

238 448 376 502 εἶναι
421 442 574 511 αὐτῷ
621 463 676 496 τε
721 443 813 496 καὶ
857 439 1064 508 ἄλλοις.
1151 444 1500 500 Παντάπασι
1525 448 1624 515 μὲν
1649 437 1766 507 οὖν,
1812 450 1936 520 ἔφη,

238 531 457 596 ἀληθῆ.
549 524 688 603 Cap.
735 522 927 581 XVII.
1001 526 1079 582 Οὐ
1124 533 1332 598 τοίνυν,
1377 521 1447 594 ἦν
1491 528 1536 584 δ’
1590 529 1708 598 ἐγώ,
1754 531 1938 584 τοιοῦ-

239 637 338 669 τον
380 609 486 683 χρὴ
535 607 634 665 τὸν
680 609 941 675 δικαστὴν
983 614 1162 678 ζητεῖν
1207 612 1308 667 τὸν
1350 612 1585 684 ἀγαθόν
1631 635 1687 668 τε
1732 617 1821 668 καὶ
1847 635 1939 669 σο-

240 698 381 774 qous,
435 686 580 749 ἀλλ-ιὰ
645 693 742 770 τὸν
801 693 1092 768 πρότερον.
1151 702 1390 770 πονηρία
1436 701 1536 768 μὲν
1579 696 1688 767 γὰρ
1734 696 1940 768 ἀρετήν

147 793 197 847 Ε
245 805 301 838 τε
365 784 455 835 καὶ
512 776 692 845 αὐτὴν
752 776 952 833 οὔποτ’
1012 779 1085 834 ἂν
1144 788 1331 850 γνοίη,
1388 782 1558 853 ἀρετὴ
1615 786 1671 837 δὲ
1727 783 1942 857 ᾳύσεως

239 869 637 934 παιὸευομένης
673 861 858 935 χρόνῳ
902 860 1022 934 ἅμα
1067 866 1240 934 αὐτῆς
1283 888 1338 922 τε
1383 873 1472 923 καὶ
1513 871 1782 937 πονηρίας
1829 873 1943 921 ἐπι-

241 951 457 1021 στήμην
514 947 772 1024 ληψεται.
833 947 1010 1023 σοφὸς
1073 943 1173 1005 οὖν
1233 944 1426 1017 οὗτος,
1499 950 1574 1015 ὥς
1629 974 1725 1022 μοι
1779 955 1942 1016 δοκεῖ,

236 1033 518 1104 ἀλλὀὐχ
561 1030 590 1087 ὁ
631 1029 802 1095 κακὸς
845 1038 1106 1102 γίγνεται.
1194 1037 1310 1089 Καὶ
1354 1042 1504 1105 ἐμοί,
1552 1040 1692 1111 ἔφη,
1751 1036 1942 1102 ξυνδο-

236 1132 333 1188 κεῖ.
426 1119 647 1174 Οὐκοῦν
692 1121 781 1170 καὶ
824 1119 1104 1187 ἰατρικήν,
1164 1125 1292 1174 οἵαν
1339 1121 1588 1192 εἴπομεν,
1645 1120 1782 1191 μετὰ
1844 1124 1946 1185 τῆς

185 1203 503 1272 «τοιαύτης
561 1205 878 1267 δικαστικῆς
944 1205 1086 1257 κατὰ
1155 1203 1318 1259 πόλιν
1383 1205 1820 1275 νομοθετήσεις,
1887 1208 1947 1260 αἳ

243 1292 354 1345 τῶν
417 1289 661 1351 πολιτῶν,
717 1305 805 1341 σοι
862 1284 991 1350 τοὺς
1044 1291 1145 1356 μὲν
1191 1287 1410 1363 εὐφυεῖς
1463 1289 1531 1342 τὰ
1582 1287 1808 1360 σώματα
1853 1293 1946 1344 καὶ

103 1396 210 1448 410
245 1372 348 1437 τὰς
391 1367 580 1450 ψυχὰς
626 1367 1056 1440 θεραπεύσουσι,
1100 1369 1234 1435 τοὺς
1280 1376 1335 1427 δὲ
1379 1372 1475 1443 μή,
1518 1371 1643 1429 ὅσοι
1670 1376 1771 1443 μὲν
1800 1372 1944 1428 κατὰ

246 1461 403 1528 σῶμα
450 1456 726 1518 τοιοῦτοι,
773 1452 1162 1522 ἀποθνήσκειν
1205 1454 1460 1528 ἑάσουσι,
1524 1456 1656 1522 τοὺς
1701 1461 1758 1512 δὲ
1802 1457 1946 1512 κατὰ

247 1540 351 1611 τὴν
397 1537 586 1617 ψυχὴν
631 1549 929 1613 κακοφυεῖς
976 1542 1067 1594 καὶ
1110 1539 1381 1607 ἀνιάτους
1407 1542 1570 1598 αὐτοὶ
1605 1542 1948 1599 ἀποκτενοῦ-

368 1730 393 1788 ἢ
424 1738 675 1787 χρηστοῖς
705 1732 935 1791 ἐντυγχ.]
971 1737 1102 1778 Solus
1134 1735 1284 1790 Steph.
1321 1742 1481 1790 σοφοῖς
1511 1750 1591 1792 pro
1621 1743 1842 1792 χρηστοῖς,
1874 1751 1951 1781 ne-

251 1793 344 1834 scio
374 1805 462 1845 qno
499 1805 661 1832 errore.

369 1850 474 1904 Cap.
509 1849 657 1893 XVII.
718 1849 771 1890 E.
836 1846 1015 1920 σοφὸς
1047 1841 1145 1891 οὖν
1177 1842 1359 1900 οὗτος,
1377 1847 1458 1892 ’ὥς
1488 1866 1576 1902 μοι
1609 1850 1667 1906 δ,]
1701 1853 1831 1895 Solus
1865 1854 1949 1896 Pa-

251 1909 323 1950 ris.
347 1907 409 1950 ..Κ
441 1904 586 1959 σοφὸς
615 1906 692 1958 μὲν
722 1901 805 1948 οὖν
837 1900 893 1949 σι’
884 1919 996 1960 ιτος,
1027 1909 1237 1963 probante
1270 1908 1562 1962 Schneidero,
1591 1912 1662 1963 qui
1691 1911 1768 1961 μέν
1800 1913 1861 1954 ait
1893 1914 1951 1953 si-

252 1967 478 2034 gnificure,
511 1966 735 2007 obversari
767 1966 928 2019 aliquid
959 1968 1105 2009 animo
1136 1968 1375 2021 loquentis,
1407 1968 1525 2020 quod
1557 1969 1847 2023 adverqariunn
1885 1970 1954 2012 di-

253 2025 357 2076 ctis,
393 2029 509 2065 certe
542 2016 754 2065 diversum
801 2020 853 2065 ab
889 2025 941 2064 iis
984 2025 1062 2076 sit,
1103 2030 1147 2066 et
1182 2024 1410 2078 impediat,
1453 2028 1680 2079 quominus
1722 2028 1954 2070 absoiutus

255 2082 451 2123 videatur
483 2081 784 2133 disputationis
814 2095 979 2125 cursus.

314 2222 368 2265 D.
431 2204 761 2275 σοφώτερος
802 2219 829 2277 ἢ
868 2218 1063 2274 ἀμαθέ-

1146 2223 1247 2268 409.
1280 2224 1332 2268 Β.
1371 2224 1471 2266 inde
1509 2239 1533 2267 a
1574 2227 1720 2268 verbis
1769 2226 1954 2282 Τοιγάρ·

260 2291 453 2333 στερος
502 2277 683 2334 δοκεῖ]
731 2281 899 2334 Duplex
942 2295 1063 2324 com-

1151 2296 1231 2334 τοι,
1265 2277 1318 2336 ἦν
1349 2278 1397 2322 δ’
1432 2282 1530 2337 ἐγώ,
1567 2280 1621 2324 οὐ
1651 2284 1754 2325 νέον
1785 2299 1821 2325 κ.
1855 2301 1888 2328 τ.
1921 2287 1953 2329 λ.

258 2340 480 2393 parntivus
527 2339 693 2392 linguae
729 2339 927 2380 Graecae
968 2354 1067 2381 cum

259 2397 411 2438 Latina
435 2397 670 2438 communis
688 2401 779 2446 est3
812 2410 848 2437 v.
885 2397 921 2438 H
939 2411 963 2438 e
978 2412 996 2438 r
1011 2413 1064 2440 m.

259 2454 312 2496 ad
354 2454 499 2505 Viget.
535 2467 575 2507 p.
610 2455 706 2498 719.
750 2454 940 2498 Matth.
985 2456 1060 2496 Gr.

260 2512 295 2564 ἓ.
319 2511 417 2554 456.
461 2511 680 2552 Platonica
708 2514 881 2563 coiiegit
906 2513 1001 2554 Hei
1018 2526 1063 2554 n-

262 2570 402 2612 dorf.
435 2569 487 2610 ad
523 2568 705 2611 Theaet.
741 2584 780 2622 p.
813 2571 912 2614 289.

322 2627 430 2679 Cap.
467 2626 615 2671 XVII.
686 2623 846 2682 ἁρετὴ
888 2627 942 2668 δὲ
979 2627 1073 2682 φύ-

264 2696 404 2725 σεως
439 2683 608 2740 παιδ.]
653 2686 1074 2739 virtus‚nutem,

263 2743 384 2784 dum
428 2749 619 2784 natura
663 2745 944 2798 pauliatim
984 2759 1072 2788 ex-

265 2801 495 2854 colitur,
550 2806 602 2842 et
653 2803 736 2843 sui
790 2803 971 2857 ipsius
1019 2809 1073 2846 et

263 2859 653 2912 pravitatis
694 2861 1068 2914 cognitionem

264 2915 626 2968 adipiscetur.
714 2919 866 2969 Possis
926 2925 1075 2962 tamen

264 2970 405 3028 χρόνῳ
456 2975 585 3016 etiam
642 2989 733 3018 cum
793 2978 1070 3030 sequentibus

267 3031 410 3071 verbis
456 3033 741 3086 coniungere,
790 3033 869 3076 hoc
915 3047 1072 3076 sensu·

265 3088 443 3130 virtus
498 3096 707 3142 autem,
757 3091 878 3134 dum
923 3087 1071 3134 indo·

266 3146 345 3186 les
378 3149 676 3201 excolitur,
710 3150 923 3191 tandem
955 3151 1071 3201 (mit

269 3203 362 3242 der
403 3203 554 3255 Zeit)
598 3210 652 3246 et
691 3207 982 3261 suiipsius
1017 3212 1072 3248 et

269 3261 647 3312 pravitatis
686 3266 1068 3335 cognitionem

269 3317 630 3370 adipiscetur.
669 3345 723 3350 —-
801 3317 929 3363 ἀλλὰ
981 3321 1072 3363 τὸν

272 3372 560 3430 πρότερον,
601 3391 728 3430 quem
770 3380 1000 3435 descripsit
1030 3396 1070 3436 p.

1210 2369 1260 2433 P.
1289 2368 1389 2415 410.
1421 2370 1474 2412 Β.
1508 2365 1618 2424 Ap
1637 2365 1744 2412 οὖν
1776 2365 1840 2413 οὗ
1873 2386 1954 2412 κα-

1152 2424 1206 2468 τὰ
1253 2424 1424 2469 ταύτὰ
1475 2431 1591 2483 ἴχνη
1631 2429 1716 2484 -——]
1764 2430 1957 2474 Nonne

1149 2486 1229 2528 his
1268 2487 1467 2529 iisdem
1503 2485 1764 2540 vestigiis
1795 2490 1956 2530 musi-

1159 2557 1253 2584 cus
1307 2538 1714 2597 gymnasticam
1777 2561 1971 2600 perse--

1157 2615 1351 2655 queue,
1387 2604 1427 2644 si
1461 2604 1718 2652 voluerit,
1751 2605 1803 2646 id
1836 2618 1956 2646 con-

1159 2667 1451 2714 sequetur,
1495 2669 1546 2703 nt
1587 2662 1794 2704 medica
1839 2669 1958 2704 arte

1159 2732 1259 2759 non
1300 2718 1580 2773 indigeat,
1623 2720 1725 2762 nisi
1768 2733 1958 2762 neces—

1161 2777 1297 2817 sitas
1335 2777 1411 2817 ita
1454 2777 1631 2819 ferat?
1693 2778 1791 2819 Hoc
1830 2778 1959 2831 igitur

1158 2833 1286 2886 dicit,
1321 2846 1446 2887 eum,
1488 2836 1558 2888 qni
1592 2848 1686 2876 cum
1720 2835 1871 2877 artium
1909 2836 1958 2876 n-

1155 2892 1366 2933 beralium
1401 2893 1547 2934 studio
1576 2893 1807 2945 coniungat
1837 2906 1959 2936 seve-

1156 2963 1230 2991 rae
1261 2949 1372 2990 iilius
1402 2956 1532 3003 atque
1555 2949 1762 3003 simplicis
1781 2963 1959 3003 gymna-

1157 3007 1291 3048 stices
1338 3006 1720 3058 exercitationem,
1769 3008 1810 3049 id
1861 3021 1961 3049 esse

1158 3071 1554 3117 consequuturum,
1591 3062 1639 3106 ut
1672 3067 1867 3121 corporis
1899 3067 1960 3107 vi-

1157 3122 1276 3163 ribus
1309 3119 1740 3169 vere'corroboratis
1777 3129 1822 3165 et
1854 3137 1959 3165 con-

1154 3179 1333 3221 firmatis
1373 3193 1470 3222 raro
1508 3181 1696 3235 indigeat
1734 3183 1839 3223 artis
1870 3195 1961 3223 me-

1157 3237 1279 3279 dicae
1310 3251 1408 3291 ope.

1218 3325 1265 3366 B.
1301 3321 1444 3377 πρός
1475 3323 1532 3366 τὸ
1565 3323 1958 3379 &vacemus—1

1158 3381 1315 3423 Partes
1360 3383 1488 3428 animi
1529 3398 1582 3426 ex
1625 3383 1822 3426 Platonis
1861 3396 1959 3426 sen-
