2098 3658
408 184 506 235 186
1010 174 1485 238 PLATQNIS

263 332 365 383 376
407 327 504 393 ὄής
549 333 680 402 ἔφη
733 350 797 382 ου
843 352 952 399 >ap
1002 334 1189 392 ἐννοῶ.
1279 335 1389 385 Καὶ
1439 335 1622 397 τοῦτο,
1661 325 1726 398 ἦν
1778 332 1822 386 ὃ
1874 336 1992 401 ἐγω,
2034 342 2089 390 ἐν

404 423 518 475 τοῖς
566 415 685 465 κυσὶ
741 410 1006 489 κατόψει,
1050 413 1079 471 ὃ
1127 420 1218 469 καὶ
1267 413 1425 481 ἄξιον
1486 416 1784 487 θαυμάσαι
1833 420 1931 473 τοῦ
1979 423 2091 485 3124

400 501 543 566 ρίου.
620 493 703 550 Τὸ
751 507 946 564 ποῖον,-
998 494 1098 554 Ον
1140 502 1239 570 μὲν
1285 498 1360 554 ἂν
1402 500 1487 576 ἰ’δῃ
1535 499 1783 572 cistam,
1821 503 2095 572 χοιλεπαίκιζςἸ

402 600 496 643 νει,
531 579 694 635 οὐδὲν
741 580 806 647 δὴ
852 579 1024 637 κακὸν
1068 583 1518 654 προπεπονθώς·
1550 581 1632 639 ὃν
1650 583 1724 647 δ’
1778 581 1851 638 ἂν
1894 585 2064 656 γνώρι

398 685 535 734 μονή
576 663 916 732 ἀσπάζεται,
961 665 1068 723 κᾶν
1108 671 1281 739 μηδὲν
1326 667 1547 724 πώποτε
1593 667 1909 724 ὑπἀὐτοῦ
1952 669 2098 739 ἀγα

402 747 519 804 θόν
563 748 844 826 πεπόνθῃ.
888 747 922 817 ἢ
970 750 1123 807 οὔπω
1169 754 1337 807 τοῦτο
1385 753 1753 823 ἑθαύμασαςς
1802 749 1881 809 Οὐ
1912 756 2040 809 πάν

403 841 533 908 εφη,
590 841 745 906 μέχρι
798 833 1006 892 τούτου
1064 843 1358 909 προςέσχον
1401 836 1498 893 τὸν
1543 840 1706 892 νοῦν·
1754 835 1842 892 ὅτι
1885 841 1940 894 δέ
1985 830 2098 898 nost}

403 919 510 989 δρᾷ
548 920 762 983 ταῦτα,
809 922 1045 987 §Mou—
1081 920 1246 975 Αλλα
1304 920 1417 993 μὴν
1458 922 1686 995 κομψόν
1729 945 1787 988 γε
1832 899 2098 997 φαίνεταή

307 1012 355 1064 Β
402 1000 463 1056 τὸ
515 999 712 1068 πάθος
767 1003 946 1060 αὐτοῦ
993 1008 1090 1072 τῆς
1134 1003 1348 1079 φύσεως
1394 1010 1484 1061 καὶ
1531 1005 1602 1071 ὡς
1646 1005 1884 1073 ἀληθῶς
1923 998 2098 1077 (pti-6⁸3j

404 1105 602 1160 σοφον.
694 1091 784 1164 Πῆ
830 1089 928 1156 (575,-
1000 1082 1122 1158 Ηι,
1167 1082 1238 1157 ἦν
1282 1090 1328 1145 δ
1383 1091 1503 1158 ἐγώ,
1529 1088 1669 1166 ὄψιν
1714 1091 1897 1146 οὐδενὶ
1941 1070 2098 1171 &mig

400 1175 570 1247 φίλην
613 1175 705 1226 καὶ
742 1171 962 1244 ἐχθρὰν
1019 1177 1278 1245 διακρίνει
1339 1170 1372 1241 ἢ
1429 1179 1506 1246 τῷ
1555 1196 1653 1244 την
1699 1198 1800 1246 μεν
1843 1182 2098 1246 naman&

402 1259 550 1321 θεῖν,
599 1253 700 1322 τὴν
756 1261 812 1312 δὲ
866 1259 1157 1327 ἀγνοῆσαι.
1203 1264 1384 1314 καίτοι
1428 1263 1544 1323 πῶς
1590 1258 1690 1315 οὐκ
1735 1259 1808 1314 ἂν
1853 1264 2023 1333 ᾳιλομ
2094 1275 2098 1282 ’

332 1418 334 1420 V
400 1342 507 1404 θὲς
550 1339 631 1407 εἴη
673 1349 883 1398 συνέσει
941 1364 998 1398 τε
1053 1362 1142 1397 και
1189 1342 1394 1414 ἀγνοίᾳ
1438 1342 1759 1415 ὁριζόμενον
1806 1343 1867 1399 τό
1913 1365 1970 1400 τε
2015 1366 2083 1403 ο,

399 1435 544 1479 κεῒον
601 1427 692 1478 καὶ
758 1424 821 1481 τὸ
867 1426 1196 1498 ἀλλότριονς
1288 1420 1666 1500 Οὐδαμῶς,ἦ
1717 1427 1764 1483 δ’
1813 1427 1902 1494 ὅς,
1946 1426 2022 1483 ὅπ

404 1517 420 1543 1

517 1621 569 1661 Ρ.
600 1619 703 1664 376.
770 1616 1166 1669 Τὸ·ποῖον;”ον
1197 1618 1290 1670 μέν
1321 1615 1386 1660 ἂν
1417 1618 1536 1673 ἴδῃ]
1572 1616 1636 1661 ὅτι
1669 1616 1721 1661 ὃν
1758 1621 1868 1662 Ven.
1899 1619 1960 1662 ΙΙ,
1995 1620 2062 1662 Pa

399 1681 455 1721 D.
486 1679 543 1720 K.
574 1678 699 1719 Mon.
732 1679 893 1730 Angel.
925 1678 1048 1718 Flor.
1081 1690 1121 1719 8.
1156 1688 1192 1718 c.
1227 1690 1272 1724 X.
1303 1692 1343 1718 α.
1374 1678 1419 1730 β.
1461 1677 1584 1719 Stob.
1621 1683 1666 1718 ut
1698 1679 1876 1731 scripsit
1906 1677 2083 1718 Bekker

400 1738 494 1779 Nec
524 1750 640 1778 nunc
669 1750 765 1777 eam
795 1737 1028 1777 lectionem
1058 1748 1384 1788 sperneremus,
1418 1737 1657 1777 dummodo
1687 1737 1786 1789 plus
1817 1748 2013 1777 commen

400 1797 535 1836 tionis
569 1808 596 1836 a
624 1795 881 1836 melioribus
913 1794 1041 1836 codd.
1060 1793 1258 1835 haberet.
1320 1793 1580 1848 Quanquam
1609 1796 1860 1835 necessaria
1890 1806 1980 1835 non
2012 1785 2098 1835 esti

402 1905 533 1952 ουδὲν
574 1908 627 1965 δὴ
672 1910 774 1954 Par.
802 1912 862 1952 A.
899 1910 1001 1953 Vat.
1037 1907 1086 1950 Θ.
1134 1909 1240 1950 Ven.
1271 1909 1332 1950 II.
1374 1911 1509 1951 vind.
1549 1908 1599 1950 Φ.
1642 1910 1794 1957 Ambr.
1845 1910 1940 1951 Vat.
1973 1922 2028 1952 m.

399 1853 517 1894 Dein
558 1856 670 1906 Ang.
706 1852 829 1895 Mon.
869 1857 913 1893 et
955 1857 1146 1905 quatuor
1187 1851 1332 1892 Florr.
1372 1856 1488 1903 μισεῖ
1523 1865 1566 1891 τε
1595 1852 1664 1892 καὶ
1692 1853 1890 1903 χαλεπαη
1892 1865 1943 1892 ει
2006 1853 2066 1892 Ρ
2035 1833 2098 2012 Ξ

401 1965 533 2010 ου’δὲν
563 1925 627 2009 δὲη
640 1982 677 2010 κ.
714 1969 821 2011 Ven.
854 1967 902 2012 Ξ.
934 1964 1064 2008 ουδέν
1094 1978 1154 2021 γε.
1187 1962 1318 2008 οὐδὲν
1351 1971 1462 2020 Ang.
1495 1967 1619 2009 Stob.
1663 1969 1830 2009 omisso
1861 1965 1928 2021 δή.
1988 1968 2033 2008 D

366 2050 369 2054 ›
404 2028 562 2069 Vindd.
601 2022 720 2068 οὐδὲ.
782 2028 979 2079 Vulgata
1009 2027 1181 2067 sincera
1210 2027 1397 2066 videtur.
1459 2027 1549 2067 Sed
1579 2024 1626 2066 δὲ
1655 2028 1822 2080 recepit
1852 2026 2002 2068 Herm.
2051 2015 2093 2069 vrbs

517 2080 737 2139 ἀγαθὸν
767 2082 1049 2137 πεπόνθῃ]
1096 2083 1145 2125 V.
1178 2081 1420 2133 πεπόνθοι,
1452 2085 1569 2137 quod
1603 2097 1657 2124 ex
1694 2085 1792 2125 Par.
1825 2090 1872 2127 A.
1912 2084 2007 2124 Vat.
2046 2071 2090 2130 &J

401 2144 530 2185 Vind.
570 2142 622 2184 Φ.
664 2143 789 2184 Mon.
831 2147 1094 2184 correctum
1155 2143 1241 2182 Alii
1286 2143 1353 2183 vel
1399 2139 1613 2183 πεπόνθει
1655 2143 1727 2182 vel
1758 2139 1992 2204 ἐπεπόνθει
2025 2132 2089 2183 vd

398 2201 634 2243 πέπονθεν.

397 2345 560 2414 pendet
589 2356 644 2385 ex
681 2343 826 2384 verbis
856 2338 923 2382 ὅτι
955 2342 1085 2383 τοῦτο
1116 2339 1201 2394 φύ-

399 2414 462 2442 σει
504 2397 648 2443 αὐτῶν
689 2397 737 2442 τὸ
787 2394 923 2454 ἦθος,
964 2413 1079 2454 quae
1123 2413 1202 2441 no·

398 2462 526 2501 minis
572 2459 840 2501 substantivi
881 2461 970 2499 vim
1002 2464 1045 2499 et
1077 2464 1203 2511 pote-

397 2523 556 2560 statem
608 2518 787 2560 habent
861 2517 1044 2558 Poterat
1088 2518 1204 2558 enim

398 2577 530 2618 etiam
567 2577 631 2618 sic
670 2577 782 2618 diei:
828 2568 961 2614 οἶσθα
1003 2571 1084 2628 γάρ
1116 2587 1204 2615 που

401 2631 447 2674 τό
480 2627 597 2688 ἦθος
630 2634 716 2674 τῶν
734 2634 944 2687 γενναίων
963 2633 1108 2673 κυνῶν
1140 2629 1204 2673 ὅτι

400 2689 531 2745 φύσει
577 2685 691 2733 τοῦτ
736 2688 864 2731 ἐστιν
932 2691 1055 2734 Libr.
1103 2691 1201 2732 VII.

396 2765 440 2821 Ρ
483 2751 584 2795 525.
627 2748 680 2793 C.
718 2747 861 2820 Gorg
910 2762 967 2818 Ρ.
998 2747 1103 2793 517.
1131 2748 1205 2791 C.

399 2804 664 2862 ἀγνοοῦντες
702 2802 892 2876 ἀλλήλων
939 2803 967 2847 ὅ
1007 2822 1043 2848 τι
1083 2805 1203 2861 λέγο-

397 2881 496 2917 μεν,
532 2870 563 2909 i.
603 2880 641 2908 e.
688 2863 761 2906 τὰς
800 2859 990 2918 ἀλλήλων
1020 2862 1204 2919 γνωμαε,

395 2938 526 2977 quem
582 2924 730 2966 locum
786 2923 915 2964 aliter
971 2922 1204 2976 explicavi.

395 2983 650 3051 Xenoph
683 2981 847 3053 Cyrop.
869 2981 927 3033 V,
945 2981 1082 3029 2,18ε
1109 2979 1203 3025 ἐνε-

394 3036 528 3110 νόησε
562 3037 609 3080 δὲ
639 3033 784 3080 αὐτῶν
802 3040 870 3079 και
883 3035 960 3079 ωε
973 3036 1205 3109 ἐπηρώτων

395 3092 605 3151 ἀλλήλους
647 3099 844 3145 τοιαῦτα,
896 3099 926 3137 i.
969 3110 1006 3141 e.
1061 3092 1204 3138 αὐτῶν

396 3153 470 3194 τὰς
512 3153 761 3208 ἐρωτήσεις,
791 3155 868 3196 ubi
912 3155 1042 3208 plura
1074 3155 1202 3207 Pop-

397 3226 483 3266 po.
532 3211 622 3253 Sed
654 3228 694 3254 v.
716 3214 1014 3254 Hermann.
1046 3215 1104 3254 ad
1130 3212 1202 3252 Vi-

397 3283 490 3322 ger
516 3284 558 3322 p
585 3269 686 3313 880.
715 3270 905 3312 ssuttm
933 3268 1011 3314 Gr.
1042 3271 1079 3324 ξ.
1102 3270 1200 3314 119.

397 3329 491 3368 obs.
525 3329 565 3372 7.
606 3328 831 3381 Kruger
866 3328 1078 3372 uberffld
1115 3331 1200 3370 At-

397 3387 642 3427 traction
689 3385 727 3437 ἓ.
767 3385 839 3430 67
890 3386 1058 3437 p.163
1103 3399 1200 3439 sqq.

396 3442 607 3498 Respexit
649 3445 764 3484 hunc
806 3445 949 3483 locum
991 3446 1199 3485 Aristo-

1268 3038 1456 3079 'nitivus
1486 3036 1662 3088 pendet
1678 3035 1732 3075 ab
1766 3049 1806 3074 ο.
1821 3034 1942 3077 Men.
1961 3046 2003 3090 Ρ.
2024 3025 2050 3077 9

1265 3386 1353 3426 ¹De
1383 3383 1491 3436 Rep.
1525 3385 1577 3432 11,
1610 3383 1709 3427 367.
1738 3383 1804 3425 D:
1838 3377 1950 3422 τοῦτ’
1981 3395 2038 3421 av

2068 2198 2086 2233 A

1287 2343 1379 2384 tel.
1424 2341 1506 2383 νο]
1553 2341 1658 2392 vn,
1690 2341 1728 2384 7.
1773 2356 1808 2383 s.
1837 2355 1874 2382 ο.
1906 2340 1945 2385 5.
1980 2338 2021 2394 §.
2056 2311 2084 2402 Ξ

1289 2402 1356 2442 ed.
1390 2399 1598 2443 Schneid.

2069 2419 2083 2460 ΙΙ

1347 2482 1408 2528 οὗ
1442 2483 1579 2540 παρὰ
1619 2483 1784 2538 φύσιν
1823 2486 2062 2539 ζητοῦμε

1289 2547 1372 2600 -]
1415 2558 1524 2587 non
1567 2550 1808 2598 praeter
1839 2549 2044 2586 natura

1289 2606 1545 2646 volumus
1587 2602 1885 2647 custodem
1926 2601 2064 2656 tale,

1289 2675 1431 2704 esse.
1492 2658 1698 2706 Verbum.
1711 2661 1848 2714 ζητεῖν
1878 2660 2037 2712 cupie
2063 2659 2065 2662 ”

1289 2722 1343 2762 di
1357 2719 1685 2775 significatione
1695 2720 1915 2770 positum
1902 2717 2048 2758 illustr

1288 2780 1353 2819 vit
1396 2777 1699 2819 Heusdius
1737 2772 2057 2846 Speei1n.Cr

1289 2851 1329 2891 p.
1363 2835 1462 2879 104.

1346 2920 1454 2974 Cap
1494 2911 1613 2962 XVI.
1684 2918 1734 2961 P.
1773 2917 1870 2967 376.
1953 2913 2035 2958 Su

1288 2977 1527 3031 ἅξιονθ.
1569 2973 1663 3022 τοῦ
1702 2973 1963 3030 θηριόυ,]
2006 2959 2046 3016 G

1290 3094 1351 3138 C.
1368 3094 1455 3135 καὶ
1484 3093 1678 3146 Γοργίου
1712 3090 1888 3142 μάλιστα
1915 3114 1969 3122 -
1993 3106 2046 3147 τα,

1290 3167 1339 3194 τα
1379 3149 1549 3205 ἄγαμαι.
1597 3144 1768 3192 Theaet
1818 3164 1865 3207 p
1895 3137 1996 3196 161.
2040 3198 2046 3209 .

1291 3204 1315 3251 ὃ
1377 3208 1624 3262 θαυμάζω’
1648 3208 1726 3248 τοῦ
1776 3208 1949 3261 ἑταίρου
2011 3225 2033 3247 o
2097 3239 2098 3243 ,

1293 3265 1606 3338 Πρωταγόρου.
1644 3267 1879 3319 Protagor.
1911 3279 1955 3318 Ρ
1986 3260 2043 3308 32

1287 3326 1345 3368 C:
1387 3323 1412 3365 ὃ
1443 3319 1477 3365 δ’
1510 3322 1741 3374 ἑθαύμασά
1770 3336 1854 3364 σου
1878 3320 2052 3390 λέγοντο

1289 3441 1516 3482 ἐπαίᾝεσοι
1560 3437 1786 3481 δικαιοσύι
1775 3451 1849 3491 ης.
1913 3439 2042 3480 Mene
