2106 3594
1704 179 1848 233 XIII

133 338 313 412 operis
355 333 707 403 inscriptione
749 349 811 389 ac
853 328 919 382 de
962 328 1176 401 Legum
1226 336 1279 380 et
1319 326 1529 379 Timaei
1567 325 1703 379 locis
1746 324 1858 379 dis-

133 409 387 483 putavit,
441 404 760 475 neutiquam
800 419 1018 455 omnem
1057 400 1237 454 animo
1276 398 1521 452 eximunt
1558 395 1855 451 dubitatio-

134 501 289 545 nem3
339 480 418 531 ita
456 476 620 529 etiam
659 474 783 542 illa,
823 491 966 545 quae
1005 469 1073 525 de
1110 491 1290 526 rerum
1330 470 1570 524 civilium
1609 467 1857 542 disputa-

134 555 282 607 tione
344 540 635 621 exposuit',
681 544 902 600 minime
968 543 1048 596 ita
1097 548 1419 616 comparata·
1461 539 1746 609 videntur,
1795 547 1858 594 ut

134 622 263 678 inde
305 618 688 694 perspiciatur,
730 635 830 670 cur
865 615 1004 670 haee
1041 616 1224 687 operis
1262 632 1390 687 pars
1429 620 1582 666 tanta
1622 612 1857 685 diligen-

133 695 230 763 tia,
272 700 431 747 tanta
467 689 631 762 copia
669 697 725 743 et
758 688 1043 756 ubertate,
1083 694 1240 740 tanta
1277 684 1515 754 denique
1553 684 1856 738 subtilitate

135 772 372 819 tractata
409 762 500 831 sit,
540 769 596 816 et
633 779 733 815 eur
769 776 957 813 earum
999 778 1180 812 rerum
1229 757 1378 812 disce
1419 756 1686 810 tationem
1725 775 1858 810 con-

134 839 339 904 tineat,
391 852 626 904 quarum
665 831 946 903 copiosior
997 830 1292 903 explicatio
1345 776 1416 882 ag
1468 826 1856 882 illustrandum

136 908 454 980 primarium
495 903 810 978 scriptionis
850 911 1232 975 argumentum
1270 911 1325 955 et
1362 899 1648 954 consilium
1687 897 1859 953 haud-

136 997 414 1050 quaquam
453 977 559 1031 fuit
598 976 988 1031 necessarium.

232 1051 236 1053 ’
279 1052 469 1120 Atque
516 1047 573 1101 id
615 1048 802 1121 :ipsum
855 1048 1017 1102 etiam
1066 1046 1242 1100 sensit
1269 1045 1386 1115 ·qui
1436 1043 1683 1116 proxime
1732 1050 1862 1113 post

135 1124 290 1178 Mor
353 1119 800 1176 ensternium
850 1119 919 1173 de
958 1119 1039 1173 Re
1081 1118 1265 1172 ublica
1311 1115 1563 1171 Platonis
1604 1113 1861 1185 disquisi-

137 1196 219 1249 vit
255 1214 321 1248 su
360 1192 545 1260 tilius,
597 1209 834 1264 magnus
881 1189 972 1244 ille
1013 1138 1201 1243 Eprid.
1243 1184 1861 1244 Schleiermache-

137 1285 256 1321 rus
294 1265 476 1321 Praef.
514 1263 585 1316 ad
624 1263 818 1335 Remp.
858 1263 1002 1317 Plat.
1027 1260 1215 1316 Germ.
1254 1281 1307 1332 p.
1347 1261 1544 1315 3—72.
1619 1257 1676 1311 Is
1718 1257 1862 1311 enim

137 1338 303 1393 sicuti
357 1336 413 1389 in
450 1335 575 1390 aliis
613 1335 800 1403 rebus,
839 1335 917 1389 ita
960 1334 1123 1388 etiam
1164 1333 1222 1386 in
1266 1351 1330 1386 eo
1364 1350 1619 1404 magnam
1658 1330 1727 1384 ab
1765 1329 1861 1382 illo

138 1410 272 1465 fecit
319 1407 741 1471 discessionem,
795 1406 949 1478 quod
986 1425 1099 1460 non
1138 1405 1388 1477 exiguam
1423 1402 1705 1457 concessit
1742 1419 1863 1454 esse

141 1482 249 1536 vim
287 1489 345 1534 et
383 1479 713 1551 gravitatem
751 1496 938 1533 eorum
974 1485 1453 1550 argumentorum,
1506 1492 1648 1544 quae
1688 1474 1757 1527 ab
1795 1473 1862 1525 iis

138 1561 331 1608 essent
365 1552 553 1619 allata,
593 1551 689 1622 qui
727 1549 798 1604 de
835 1550 1119 1622 'republica
1156 1548 1503 1620 potissimum
1539 1547 1596 1599 in
1634 1545 1721 1613 his
1759 1544 1864 1598 lib-

141 1625 215 1678 ris
272 1622 543 1696 disputari
597 1621 1021 1676 contenderunt.
1123 1620 1268 1675 Nam
1329 1628 1385 1672 et
1447 1617 1864 1689 inscriptionem

140 1695 327 1768 operis
362 1701 419 1748 et
455 1692 542 1747 dis
583 1693 850 1748 utationis
912 1692 981 1747 de
1022 1692 1231 1763 optima
1269 1691 1493 1744 civitate
1532 1706 1862 1742 commemo—

138 1767 410 1820 rationem
447 1764 504 1817 in
596 1764 790 1836 egibus
823 1783 886 1819 ac
922 1764 1149 1818 Timaeo
1186 1763 1388 1816 factam
1418 1761 1727 1815 certissimo
1765 1757 1864 1812 do·

139 1844 398 1893 cumento
449 1854 572 1889 esse
622 1835 919 1889 arbitratur
967 1836 986 1887 i
1029 1853 1149 1888 sum
1188 1833 1478 1888 Platonem
1510 1831 1658 1885 illam
1697 1849 1865 1902 quae-

139 1908 340 1964 stionis
377 1917 618 1980 partem,
659 1925 801 1977 quae
842 1915 928 1961 est
1005 1924 1034 1960 e
1073 1905 1237 1960 rebus
1278 1904 1573 1974 civilibus,
1614 1922 1725 1957 non
1763 1921 1865 1974 pro

139 1981 248 2035 levi
302 1988 358 2034 et
410 1979 643 2052 exigua,
696 1979 795 2034 sed
847 1998 948 2051 pro
1001 1978 1156 2051 gravi
1208 1985 1264 2031 et
1301 1995 1502 2048 magna
1538 1974 1729 2029 haberi
1766 1994 1864 2028 vo-

139 2053 339 2108 luisse:
393 2049 461 2104 de
518 2069 628 2120 qua
677 2052 735 2105 re
788 2051 1045 2105 nolumus
1085 2048 1400 2104 adscribere
1441 2067 1583 2119 quae
1623 2046 1864 2101 Praefat.

139 2123 209 2179 ad
246 2121 544 2196 Rempubl.
582 2142 636 2195 p.
678 2123 911 2178 63-66.
953 2122 1022 2176 ab
1061 2123 1186 2194 ipso
1212 2122 1394 2194 posita
1432 2128 1579 2175 sunt.
1657 2119 1867 2180 Verum

139 2196 422 2252 enimvero
458 2194 589 2249 licet
627 2194 719 2248 ille
757 2194 862 2249 hac
898 2194 956 2248 in
1007 2201 1166 2267 parte
1205 2213 1237 2247 a
1273 2188 1867 2266 Morgensternio

38 2331 42 2334 .
139 2286 249 2322 non
289 2265 637 2321 mediocriter
674 2265 997 2334 dissentiat,
1038 2274 1220 2319 tamen
1261 2264 1330 2319 de
1369 2283 1582 2318 summa
1621 2281 1679 2316 re
1717 2268 1868 2316 certe

35 2390 41 2406 ,
139 2358 249 2395 non
295 2339 455 2393 aliter
492 2347 657 2408 atque
696 2339 786 2393 hic
826 2339 1037 2393 statuit.
1114 2336 1323 2391 Censet
1363 2337 1505 2391 enim
1544 2335 1714 2389 totius
1754 2352 1868 2387 ser-

59 2444 68 2487 '⁴
138 2410 318 2466 monis
356 2411 567 2464 ratione
605 2428 671 2464 ae
698 2409 1090 2483 descriptione,
1122 2410 1548 2481 quamfraefat.
1589 2428 1642 2479 p.
1682 2407 1867 2459 1—62.

34 2507 46 2535 ι
142 2482 346 2556 insigni
382 2482 630 2535 acumine
668 2482 1027 2550 examinavit,
1085 2500 1274 2535 eorum
1313 2482 1506 2551 utique
1560 2477 1869 2532 confirmari

39 2583 44 2588 ·
141 2553 603 2623 sententiam,qui
641 2555 936 2628 praecipue
976 2554 1044 2608 de
1084 2553 1294 2608 iustitia
1333 2553 1512 2622 deque
1539 2552 1686 2605 vitae
1722 2551 1869 2604 iuste

40 2663 43 2670 ,
141 2638 199 2680 et
250 2625 481 2679 honeste
532 2633 688 2678 actae
741 2625 1011 2699 dignitate
1065 2644 1128 2679 ac
1191 2625 1533 2696 praestantia
1599 2621 1871 2694 disputari

142 2704 495 2768 putaverunt.
597 2696 685 2750 De
748 2715 858 2767 qua
904 2715 963 2751 re
1017 2705 1235 2770 praeter
1291 2697 1399 2749 alia
1462 2715 1516 2767 p.
1584 2695 1670 2747 (53.
1734 2693 1870 2746 haec

143 2767 387 2841 scripsit:
485 2766 781 2836 „Indcm
843 2769 965 2822 wir
1039 2769 1162 2822 der
1236 2767 1686 2837 Gliederung
1745 2763 1870 2817 des

142 2837 442 2895 werkes
479 2839 602 2893 aus
631 2838 755 2894 das
794 2839 1713 2913 genau‘estenachgingen,
1752 2835 1871 2889 hat

75 2966 83 2979 ,
142 2909 293 2966 sich
329 2910 666 2984 ergeben‚
706 2911 867 2966 dass
907 2910 1016 2965 die
1064 2909 1579 2983 urspri'inglich
1622 2907 1870 2981 aufge-

143 2981 392 3037 stellte
444 2982 673 3055 Frage
714 3002 831 3037 von
889 2987 1007 3036 der
1073 2985 1617 3036 Fb'rderliclzleeit
1683 2984 1871 3032 eines

35 3102 51 3127 ἡ
141 3058 518 3126 ‘orechten
554 3058 689 3108 und
727 3059 1083 3109 sitiliclzen
1125 3057 1382 3109 hebens
1417 3054 1484 3108 in
1524 3051 1650 3106 der
1688 3049 1872 3104 That

41 3130 56 3173 ‘-
144 3123 327 3180 alles
375 3125 831 3194 beben-recht,
898 3146 971 3181 so
1036 3125 1202 3181 dass
1253 3125 1473 3195 alles,
1527 3138 1666 3179 was
1714 3121 1870 3175 sich

144 3195 639 3251 hieu-aufusum
678 3197 1870 3265 bezieht,nuralsAusschweifung

146 3268 550 3351 anzusehen
589 3269 746 3324 ist.“
770 3279 824 3324 et
847 3269 1334 3354 p.64:„Wi'1rde
1376 3266 1870 3350 dieserplato-

70 3367 74 3387 ι
149 3338 393 3394 nisehe
433 3339 783 3395 Socrates
823 3343 930 3411 (im
970 3342 1317 3412 Timaeus)
1355 3342 1556 3397 nieht
1593 3336 1869 3391 lacheln

150 3411 324 3463 fiber
397 3411 508 3464 die
590 3411 742 3466 hier
812 3414 1178 3483 gegebene
1255 3414 1661 3483 Zet-legung
1750 3407 1869 3462 des
