2098 3658
311 158 410 209 112
875 143 1273 204 ARGUMEN
1283 150 1454 204 TUM

303 297 536 351 habetur
582 293 843 365 insignis,
893 299 1075 345 tamen
1135 291 1375 346 eiusdem
1423 293 1615 346 saltem
1667 311 1896 363 capaces
1936 294 2017 346 vi-

306 368 519 421 dentur.
606 365 750 419 Sunt
799 364 938 416 enim
984 364 1439 435 ingeniosissimi3
1497 372 1624 418 sunt
1670 364 1800 418 item
1841 366 2016 419 scien-

304 441 412 492 tiae
474 435 839 507 cupidissimi;
913 435 1146 504 denique
1228 437 1388 488 etiarn
1457 435 1826 507 disputatores
1889 444 2019 489 sunt

306 510 552 564 sollertes
603 517 766 576 atque
834 507 1024 579 gnavi,
1086 519 1148 559 ut
1207 507 1400 560 mirum
1449 528 1558 561 non
1609 509 1681 560 sit
1729 507 2017 560 Platonem

303 581 438 652 ipsis
489 588 619 650 post
668 579 948 634 Socratem
1013 578 1278 631 secundas
1339 588 1520 650 partes
1581 579 1637 631 in
1696 578 1801 631 hoc
1854 598 2015 650 opere

306 652 634 708 attribuisse.
716 649 1044 719 Quanquam
1096 650 1255 705 etiam
1305 650 1747 722 Thrasymachus
1807 657 1861 702 et
1909 651 2016 703 Po-
2088 644 2098 660 “

303 723 609 776 lemarchus
681 730 947 794 perpetuo
1009 722 1242 774 sermoni
1303 723 1579 774 intersunt
1644 729 1849 774 attente
1910 722 2018 792 ipsi

305 795 708 848 auscultantes:
752 792 900 846 unde
949 792 1074 845 libri
1126 794 1303 861 quinti
1346 794 1501 846 initio
1552 815 1605 864 p.
1654 795 1778 847 459.
1837 795 1910 845 A.
1948 794 2016 846 Β.

305 885 338 918 a
378 865 604 920 Socrate
656 865 920 937 flagitant,
958 871 1015 916 ut
1053 865 1491 933 praetermissam
1531 865 1597 917 de
1636 865 1945 927 liberorum!
1963 873 2018 917 et

304 937 589 991 mulierum
607 935 981 990 communione
1003 934 1423 1006 disputationem
1439 936 1732 1005 aliquando
1752 936 2018 1006 suscipiat

307 1021 471 1079 atque
503 1008 759 1080 profliget
778 1007 1022 1063 ulterius.
1060 1010 1140 1059 At
1166 1007 1306 1059 enim
1330 1027 1458 1060 vero
1491 1016 1617 1060 sunt
1649 1015 1794 1061 certe
1845 1006 2016 1060 Glau-

307 1100 371 1134 co
402 1088 457 1132 et
493 1080 827 1133 Adimantus
876 1079 982 1131 illis
1023 1078 1315 1149 prudentia
1353 1086 1407 1131 et
1456 1080 1570 1131 veri
1622 1079 1806 1131 studio
1845 1079 2015 1130 multo

305 1152 748 1223 praestabiliores
787 1158 963 1219 atque¹
994 1149 1157 1202 etiam
1195 1150 1363 1221 gnavi
1398 1158 1455 1221 et
1477 1150 1645 1203 fortes
1687 1150 1768 1219 (ll.
1807 1168 1862 1218 p.
1892 1151 2013 1202 368.

307 1223 427 1292 A.),
468 1230 530 1275 ut
567 1221 885 1292 disputandi
914 1220 1215 1274 molestiam
1241 1228 1295 1272 et
1318 1220 1559 1273 laborem
1591 1219 2017 1290 haudquaquam

309 1294 733 1365 subterfugiant.
810 1292 1179 1360 Quamobrem
1229 1291 1393 1344 modo
1445 1293 1674 1362 cupiunt
1714 1291 1892 1344 denuo
1930 1311 2016 1344 re-

307 1365 565 1433 tractari,
622 1385 761 1434 quae
815 1364 947 1435 ipsis
1003 1362 1261 1415 videntur
1308 1363 1487 1416 minus
1555 1364 1841 1435 perspicue
1895 1382 2016 1416 esse

309 1437 586 1508 exposita,
653 1444 715 1489 ut
770 1436 891 1489 libr.
933 1434 1040 1487 VI.
1077 1455 1130 1504 p.
1172 1435 1274 1485 506
1313 1436 1402 1503 A.,
1444 1435 1607 1488 modo
1648 1436 1850 1488 omissa
1889 1434 2018 1487 addi

309 1526 372 1561 ac
412 1508 659 1578 suppleri
701 1508 923 1574 volunt,
963 1513 1026 1558 ut
1062 1505 1182 1558 libr.
1220 1505 1292 1559 V.
1331 1506 1424 1571 in.,
1478 1506 1640 1559 modo
1679 1526 1857 1559 rerum
1906 1513 2018 1560 tra-

307 1582 577 1633 ctatarum
629 1598 892 1632 summam
930 1578 1206 1644 referunt,
1249 1597 1356 1647 quo
1396 1578 1610 1631 facilius
1646 1579 1730 1631 rei
1764 1579 2017 1649 proposi-

306 1659 397 1704 tae
461 1651 711 1720 quaestio
777 1647 1102 1720 expediatur
1162 1656 1216 1700 ct
1279 1648 1348 1701 ad
1422 1650 1623 1702 exitum
1710 1650 2017 1714 erducatur3

306 1721 469 1776 modo
523 1722 685 1774 etiam
737 1719 953 1776 Socrati
1003 1728 1164 1773 acute
1217 1740 1280 1774 ac
1318 1721 1592 1774 subtiliter.
1628 1741 1659 1774 a
1700 1735 2015 1789 versantur,

308 1796 462 1847 cuius
499 1794 577 1845 rei
615 1794 862 1863 exempla
898 1794 1037 1845 bene
1076 1791 1245 1844 multa
1280 1793 1643 1862 reperiuntur,
1683 1800 1746 1845 ut
1781 1793 1899 1846 libr.
1940 1793 2016 1846 lll.

308 1886 362 1937 p.
412 1866 536 1918 408.
589 1865 662 1917 D.
712 1865 813 1918 IV.
865 1885 919 1936 p.
968 1866 1092 1916 419.
1143 1866 1264 1916 422.
1313 1866 1435 1915 427.
1486 1864 1558 1916 V.
1605 1866 1726 1918 451.
1778 1865 1828 1917 E
1892 1866 2015 1917 474.

310 1939 434 1990 475.
493 1943 626 1988 extr.
687 1936 786 1990 VI.
827 1956 882 2006 p.
923 1939 1044 1991 487.
1084 1935 1151 1987 B.
1189 1935 1322 1987 Vlll.
1359 1955 1413 2005 p.
1453 1938 1576 1989 519.
1625 1936 1693 1988 Ε.
1742 1935 1808 1988 al.
1835 1935 2014 1989 Nimi-

310 2029 430 2061 rum
466 2008 605 2061 tales
641 2008 834 2076 utique
871 2026 989 2060 esse
1027 2006 1342 2078 oportebat,
1395 2007 1716 2075 quibuscum
1756 2006 2014 2063 Socrates

310 2099 490 2132 rerum
528 2079 967 2151 gravissimarum
995 2078 1418 2150 disputationem
1456 2087 1815 2149 pertractaret
1852 2087 1909 2132 et
1946 2079 2017 2132 ad

311 2170 520 2204 summa
573 2168 824 2220 quaeque
874 2150 1227 2220 proveheret,
1279 2157 1341 2201 ut
1389 2150 1685 2204 clarissime
1731 2148 2012 2222 appareat,

312 2241 412 2280 cur
450 2222 609 2274 Plato
647 2222 747 2274 hos
786 2223 1126 2293 propinquos
1179 2240 1308 2274 suos
1356 2221 1463 2274 iam
1512 2223 1799 2292 loquentes
1854 2221 2014 2275 indu-

309 2293 451 2346 xerit
488 2296 661 2361 eoque
698 2293 861 2346 modo
911 2312 1108 2346 nomen
1145 2293 1388 2363 ipsorum
1425 2293 1493 2346 ad
1532 2313 1745 2347 omnem
1785 2295 2016 2364 posteri-

309 2365 441 2418 tatis
477 2364 788 2417 memoriam
826 2365 1211 2417 nobilitaverit.
1286 2364 1480 2434 Itaque
1519 2364 1575 2417 hi
1614 2366 1682 2419 ab
1722 2365 1877 2419 initio
1915 2366 2015 2418 hu-

310 2436 397 2489 ius
445 2435 571 2488 libri
620 2455 921 2489 sermonem
971 2436 1048 2487 ita
1098 2436 1435 2506 suscipiunt,
1490 2444 1554 2489 ut
1602 2437 2015 2509 Thrasymacho
2096 2496 2098 2511 ⁴

313 2506 646 2578 opitulantes
695 2508 855 2560 etiam
892 2508 1192 2560 iniustitiae
1255 2526 1525 2576 caussam,
1590 2509 1808 2563 iamiam
1866 2508 2018 2561 humi
2096 2513 2098 2520 '

311 2586 670 2650 prostratam,
723 2578 1020 2632 defendere
1071 2578 1334 2648 audeant,
1391 2599 1532 2632 :non
1577 2599 1685 2649 quo
1746 2581 1850 2652 ipsi
1900 2598 2017 2633 eam

314 2649 720 2719 adamaverint,
779 2650 875 2704 sed
932 2658 995 2703 ut
1038 2649 1320 2704 Socratem
1368 2659 1747 2722 permoveant,
1808 2659 1872 2704 ut
1919 2652 2016 2703 ali·
2097 2686 2098 2690 =

315 2721 535 2790 quando
589 2722 707 2774 vim*
749 2729 805 2775 et
852 2730 1101 2775 naturam
1140 2722 1405 2775 iustitiae
1451 2741 1550 2793 per
1595 2742 1654 2775 se
1715 2729 2014 2792 spectatae,

315 2792 572 2847 detractis
612 2793 861 2847 omnibus
902 2794 1018 2847 eius
1058 2793 1356 2847 commodis
1396 2802 1450 2846 et
1484 2794 1844 2863 utilitatibus,
1885 2812 2015 2865 ape-

313 2864 420 2915 riat
467 2883 531 2917 ac
582 2864 892 2935 patefaciat.
980 2863 1228 2936 Cupiunt
1277 2865 1419 2918 enim
1468 2883 1578 2917 rem
1639 2866 2015 2937 gravissimam

315 2953 422 2987 non
462 2938 660 3006 specie,
701 2937 797 2990 sed
834 2938 1067 2990 veritate
1101 2937 1392 3004 aestimari,
1432 2934 1666 3005 ideoque
1692 2937 2015 2990 iniustitiam

311 3014 426 3058 tam
466 3007 666 3060 diserte
709 3016 764 3060 et
800 3015 1054 3062 accurate
1091 3007 1344 3075 laudant,
1385 3015 1464 3060 ut·
1487 3005 1742 3061 Socrates
1781 3008 2016 3078 denique

314 3079 642 3131 necessitate
703 3079 936 3148 quadam
998 3091 1228 3150 cogatur
1285 3079 1449 3131 etiam
1520 3079 1780 3132 iustitiam
1842 3081 2014 3151 ipsam

312 3157 572 3217 tanquam
625 3151 693 3203 ob
735 3151 922 3204 oculos
961 3169 1193 3221 ponere,
1232 3164 1294 3202 ut
1329 3168 1396 3202 ne
1432 3157 1638 3203 mentes
1680 3152 2016 3204 audientium

313 3219 614 3273 iniustitiae
664 3223 844 3292 specie
895 3229 1272 3275 occoecentur.
1345 3221 1434 3274 Ex
1490 3241 1598 3291 quo
1638 3231 1891 3293 apertum·
1924 3230 2018 3275 -est

315 3289 450 3360 quid
500 3290 697 3344 dehinc
756 3313 920 3363 porro
969 3300 1179 3364 agatur.
1277 3292 1565 3346 Perficitur
1625 3296 1764 3348 enim
1810 3296 1900 3348 via
1939 3301 2018 3346 et

322 3362 534 3416 ratione
601 3363 817 3433 pictura
883 3373 938 3417 et
996 3365 1178 3434 imago
1238 3364 1564 3433 iniustitiae,
1641 3385 1751 3436 quo
1818 3367 2015 3420 clarius
