<?xml version="1.0" encoding="UTF-8"?>
<!DOCTYPE html PUBLIC "-//W3C//DTD XHTML 1.0 Transitional//EN"
    "http://www.w3.org/TR/xhtml1/DTD/xhtml1-transitional.dtd">
<html xmlns="http://www.w3.org/1999/xhtml" xml:lang="en" lang="en">
 <head>
  <title>
</title>
<meta http-equiv="Content-Type" content="text/html;charset=utf-8" />
  <meta name='ocr-system' content='tesseract 3.04.00' />
  <meta name='ocr-capabilities' content='ocr_page ocr_carea ocr_par ocr_line ocrx_word'/>
</head>
<body>
  <div class='ocr_page' id='page_1' title='image "./operaomniarecens03platuoft/operaomniarecens03platuoft_0031.png"; bbox 0 0 2106 3594; ppageno 0'>
   <div class='ocr_carea' id='block_1_1' title="bbox 0 0 98 3303">
    <p class='ocr_par' dir='ltr' id='par_1_1' title="bbox 0 0 98 3303">
     <span class='ocr_line' id='line_1_1' title="bbox 0 0 98 3303; baseline 0 0"><span class='ocrx_word' id='word_1_1' title='bbox 0 0 98 3303; x_wconf 95' lang='lat' dir='ltr'> </span> 
     </span>
    </p>
   </div>
   <div class='ocr_carea' id='block_1_2' title="bbox 1699 148 1875 204">
    <p class='ocr_par' dir='ltr' id='par_1_2' title="bbox 1699 148 1875 204">
     <span class='ocr_line' id='line_1_2' title="bbox 1699 148 1875 204; baseline 0 0"><span class='ocrx_word' id='word_1_2' title='bbox 1699 148 1875 204; x_wconf 73' lang='lat' dir='ltr'>XXV</span> 
     </span>
    </p>
   </div>
   <div class='ocr_carea' id='block_1_3' title="bbox 164 293 1880 2381">
    <p class='ocr_par' dir='ltr' id='par_1_3' title="bbox 164 293 1880 2381">
     <span class='ocr_line' id='line_1_3' title="bbox 209 293 1874 367; baseline -0.002 -15"><span class='ocrx_word' id='word_1_3' title='bbox 209 298 266 352; x_wconf 85' lang='lat' dir='ltr'>ni</span> <span class='ocrx_word' id='word_1_4' title='bbox 314 298 372 350; x_wconf 87' lang='lat' dir='ltr'>in</span> <span class='ocrx_word' id='word_1_5' title='bbox 418 296 611 350; x_wconf 80' lang='lat' dir='ltr'>animis</span> <span class='ocrx_word' id='word_1_6' title='bbox 658 295 859 350; x_wconf 77' lang='lat' dir='ltr'>nostris</span> <span class='ocrx_word' id='word_1_7' title='bbox 911 294 1095 348; x_wconf 86' lang='lat' dir='ltr'>inesse</span> <span class='ocrx_word' id='word_1_8' title='bbox 1146 293 1314 348; x_wconf 80' lang='lat' dir='ltr'>debet</span> <span class='ocrx_word' id='word_1_9' title='bbox 1348 301 1436 362; x_wconf 71' lang='lat' dir='ltr'>et,</span> <span class='ocrx_word' id='word_1_10' title='bbox 1495 301 1554 348; x_wconf 84' lang='lat' dir='ltr'>ut</span> <span class='ocrx_word' id='word_1_11' title='bbox 1587 309 1717 348; x_wconf 84' lang='lat' dir='ltr'>cum</span> <span class='ocrx_word' id='word_1_12' title='bbox 1753 294 1874 367; x_wconf 80' lang='lat' dir='ltr'>ipso</span> 
     </span>
     <span class='ocr_line' id='line_1_4' title="bbox 169 317 1875 438; baseline -0.002 -15"><span class='ocrx_word' id='word_1_13' title='bbox 169 317 402 424; x_wconf 44' lang='lat' dir='ltr'>{latone</span> <span class='ocrx_word' id='word_1_14' title='bbox 437 368 650 438; x_wconf 83' lang='lat' dir='ltr'>loquar,</span> <span class='ocrx_word' id='word_1_15' title='bbox 690 366 724 433; x_wconf 80' lang='grc' dir='ltr'><em>ἡ</em></span> <span class='ocrx_word' id='word_1_16' title='bbox 762 364 992 433; x_wconf 51' lang='grc' dir='ltr'>ἐν’ἡμῖν</span> <span class='ocrx_word' id='word_1_17' title='bbox 1027 368 1293 422; x_wconf 64' lang='grc' dir='ltr'>πολιτείά.</span> <span class='ocrx_word' id='word_1_18' title='bbox 1370 364 1551 433; x_wconf 78' lang='lat' dir='ltr'>Quem</span> <span class='ocrx_word' id='word_1_19' title='bbox 1590 366 1776 436; x_wconf 46' lang='lat' dir='ltr'>‘qui-*in</span> <span class='ocrx_word' id='word_1_20' title='bbox 1808 372 1875 420; x_wconf 68' lang='lat' dir='ltr'>‘se</span> 
     </span>
     <span class='ocr_line' id='line_1_5' title="bbox 169 439 1875 507; baseline -0.003 -11"><span class='ocrx_word' id='word_1_21' title='bbox 169 443 378 496; x_wconf 88' lang='lat' dir='ltr'>salvum</span> <span class='ocrx_word' id='word_1_22' title='bbox 416 446 471 492; x_wconf 87' lang='lat' dir='ltr'>et</span> <span class='ocrx_word' id='word_1_23' title='bbox 516 439 844 492; x_wconf 80' lang='lat' dir='ltr'>incolumem</span> <span class='ocrx_word' id='word_1_24' title='bbox 881 444 1175 491; x_wconf 81' lang='lat' dir='ltr'>conservat</span> <span class='ocrx_word' id='word_1_25' title='bbox 1211 444 1631 507; x_wconf 72' lang='lat' dir='ltr'>constanterque</span> <span class='ocrx_word' id='word_1_26' title='bbox 1669 445 1875 507; x_wconf 70' lang='lat' dir='ltr'>metm,</span> 
     </span>
     <span class='ocr_line' id='line_1_6' title="bbox 167 509 1874 581; baseline -0.002 -15"><span class='ocrx_word' id='word_1_27' title='bbox 167 515 214 567; x_wconf 89' lang='lat' dir='ltr'>is</span> <span class='ocrx_word' id='word_1_28' title='bbox 250 512 467 565; x_wconf 89' lang='lat' dir='ltr'>demum</span> <span class='ocrx_word' id='word_1_29' title='bbox 504 529 686 564; x_wconf 82' lang='lat' dir='ltr'>unus</span> <span class='ocrx_word' id='word_1_30' title='bbox 727 518 782 563; x_wconf 91' lang='lat' dir='ltr'>et</span> <span class='ocrx_word' id='word_1_31' title='bbox 821 509 1123 581; x_wconf 82' lang='lat' dir='ltr'>simplex</span> <span class='ocrx_word' id='word_1_32' title='bbox 1160 517 1262 578; x_wconf 84' lang='lat' dir='ltr'>est,</span> <span class='ocrx_word' id='word_1_33' title='bbox 1304 516 1496 580; x_wconf 84' lang='lat' dir='ltr'>utpote</span> <span class='ocrx_word' id='word_1_34' title='bbox 1529 525 1714 564; x_wconf 88' lang='lat' dir='ltr'>secum</span> <span class='ocrx_word' id='word_1_35' title='bbox 1749 510 1874 563; x_wconf 78' lang='lat' dir='ltr'>iso</span> 
     </span>
     <span class='ocr_line' id='line_1_7' title="bbox 167 530 1877 652; baseline -0.002 -14"><span class='ocrx_word' id='word_1_36' title='bbox 167 584 551 651; x_wconf 85' lang='lat' dir='ltr'>consentiens,</span> <span class='ocrx_word' id='word_1_37' title='bbox 590 581 826 652; x_wconf 91' lang='lat' dir='ltr'>ideoque</span> <span class='ocrx_word' id='word_1_38' title='bbox 881 599 1008 634; x_wconf 89' lang='lat' dir='ltr'>vere</span> <span class='ocrx_word' id='word_1_39' title='bbox 1047 582 1309 636; x_wconf 84' lang='lat' dir='ltr'>music&#39;i</span> <span class='ocrx_word' id='word_1_40' title='bbox 1347 589 1403 635; x_wconf 90' lang='lat' dir='ltr'>et</span> <span class='ocrx_word' id='word_1_41' title='bbox 1430 581 1738 652; x_wconf 78' lang='lat' dir='ltr'>politici</span> <span class='ocrx_word' id='word_1_42' title='bbox 1771 530 1877 635; x_wconf 67' lang='lat' dir='ltr'>iio-</span> 
     </span>
     <span class='ocr_line' id='line_1_8' title="bbox 166 652 1878 726; baseline -0.001 -17"><span class='ocrx_word' id='word_1_43' title='bbox 166 655 328 709; x_wconf 88' lang='lat' dir='ltr'>minis</span> <span class='ocrx_word' id='word_1_44' title='bbox 379 654 599 708; x_wconf 89' lang='lat' dir='ltr'>nomine</span> <span class='ocrx_word' id='word_1_45' title='bbox 656 652 855 726; x_wconf 80' lang='lat' dir='ltr'>dignus</span> <span class='ocrx_word' id='word_1_46' title='bbox 902 652 1122 706; x_wconf 77' lang='lat' dir='ltr'>videtur</span> <span class='ocrx_word' id='word_1_47' title='bbox 1155 653 1225 724; x_wconf 70' lang='lat'>⁸).</span> <span class='ocrx_word' id='word_1_48' title='bbox 1275 684 1347 693; x_wconf 90' lang='lat'>—</span> <span class='ocrx_word' id='word_1_49' title='bbox 1420 653 1526 706; x_wconf 86' lang='lat' dir='ltr'>His</span> <span class='ocrx_word' id='word_1_50' title='bbox 1577 673 1708 707; x_wconf 88' lang='lat' dir='ltr'>vero</span> <span class='ocrx_word' id='word_1_51' title='bbox 1747 654 1878 708; x_wconf 83' lang='lat' dir='ltr'>sub-</span> 
     </span>
     <span class='ocr_line' id='line_1_9' title="bbox 166 723 1878 800; baseline -0.001 -20"><span class='ocrx_word' id='word_1_52' title='bbox 166 727 413 800; x_wconf 81' lang='lat' dir='ltr'>iungitur</span> <span class='ocrx_word' id='word_1_53' title='bbox 459 725 694 796; x_wconf 88' lang='lat' dir='ltr'>denique</span> <span class='ocrx_word' id='word_1_54' title='bbox 745 727 908 779; x_wconf 85' lang='lat' dir='ltr'>etiam</span> <span class='ocrx_word' id='word_1_55' title='bbox 946 723 1210 778; x_wconf 87' lang='lat' dir='ltr'>iudicium</span> <span class='ocrx_word' id='word_1_56' title='bbox 1249 725 1316 779; x_wconf 88' lang='lat' dir='ltr'>de</span> <span class='ocrx_word' id='word_1_57' title='bbox 1353 724 1593 793; x_wconf 87' lang='lat' dir='ltr'>iustitiae</span> <span class='ocrx_word' id='word_1_58' title='bbox 1632 725 1878 779; x_wconf 83' lang='lat' dir='ltr'>virtutis-</span> 
     </span>
     <span class='ocr_line' id='line_1_10' title="bbox 168 795 1874 869; baseline -0.001 -17"><span class='ocrx_word' id='word_1_59' title='bbox 168 818 275 869; x_wconf 85' lang='lat' dir='ltr'>que</span> <span class='ocrx_word' id='word_1_60' title='bbox 329 797 598 851; x_wconf 81' lang='lat' dir='ltr'>felicitate&#39;</span> <span class='ocrx_word' id='word_1_61' title='bbox 642 796 822 866; x_wconf 88' lang='lat' dir='ltr'>deque</span> <span class='ocrx_word' id='word_1_62' title='bbox 858 797 1161 850; x_wconf 87' lang='lat' dir='ltr'>iniustitiae</span> <span class='ocrx_word' id='word_1_63' title='bbox 1200 797 1432 851; x_wconf 85' lang='lat' dir='ltr'>miseria.</span> <span class='ocrx_word' id='word_1_64' title='bbox 1510 797 1655 851; x_wconf 84' lang='lat' dir='ltr'>Nam</span> <span class='ocrx_word' id='word_1_65' title='bbox 1691 795 1874 850; x_wconf 80' lang='lat' dir='ltr'>iudice</span> 
     </span>
     <span class='ocr_line' id='line_1_11' title="bbox 169 869 1875 940; baseline -0.002 -16"><span class='ocrx_word' id='word_1_66' title='bbox 169 870 399 924; x_wconf 84' lang='lat' dir='ltr'>Platone</span> <span class='ocrx_word' id='word_1_67' title='bbox 450 869 669 922; x_wconf 85' lang='lat' dir='ltr'>virtutis</span> <span class='ocrx_word' id='word_1_68' title='bbox 715 869 816 923; x_wconf 86' lang='lat' dir='ltr'>vis</span> <span class='ocrx_word' id='word_1_69' title='bbox 866 877 921 923; x_wconf 93' lang='lat' dir='ltr'>et</span> <span class='ocrx_word' id='word_1_70' title='bbox 971 869 1335 923; x_wconf 74' lang='lat' dir='ltr'>efficacia</span> <span class='ocrx_word' id='word_1_71' title='bbox 1377 869 1543 940; x_wconf 86' lang='lat' dir='ltr'>longe</span> <span class='ocrx_word' id='word_1_72' title='bbox 1582 879 1668 922; x_wconf 80' lang='lat' dir='ltr'>est</span> <span class='ocrx_word' id='word_1_73' title='bbox 1705 869 1875 922; x_wconf 84' lang='lat' dir='ltr'>maxi-</span> 
     </span>
     <span class='ocr_line' id='line_1_12' title="bbox 166 940 1877 1005; baseline -0.001 -9"><span class='ocrx_word' id='word_1_74' title='bbox 166 962 255 996; x_wconf 85' lang='lat' dir='ltr'>ma</span> <span class='ocrx_word' id='word_1_75' title='bbox 291 943 382 1005; x_wconf 73' lang='grc'>**).</span> <span class='ocrx_word' id='word_1_76' title='bbox 454 941 542 994; x_wconf 87' lang='lat' dir='ltr'>Ea</span> <span class='ocrx_word' id='word_1_77' title='bbox 595 940 739 994; x_wconf 87' lang='lat' dir='ltr'>enim</span> <span class='ocrx_word' id='word_1_78' title='bbox 777 941 992 995; x_wconf 86' lang='lat' dir='ltr'>sublata</span> <span class='ocrx_word' id='word_1_79' title='bbox 1027 940 1241 994; x_wconf 87' lang='lat' dir='ltr'>tollitur</span> <span class='ocrx_word' id='word_1_80' title='bbox 1277 940 1440 994; x_wconf 78' lang='lat' dir='ltr'>etiam</span> <span class='ocrx_word' id='word_1_81' title='bbox 1479 959 1607 993; x_wconf 85' lang='lat' dir='ltr'>vera</span> <span class='ocrx_word' id='word_1_82' title='bbox 1644 940 1877 994; x_wconf 88' lang='lat' dir='ltr'>hominis</span> 
     </span>
     <span class='ocr_line' id='line_1_13' title="bbox 165 1012 1878 1083; baseline 0 -17"><span class='ocrx_word' id='word_1_83' title='bbox 165 1013 433 1081; x_wconf 72' lang='lat' dir='ltr'>felicitae,</span> <span class='ocrx_word' id='word_1_84' title='bbox 484 1012 589 1066; x_wconf 91' lang='lat' dir='ltr'>hoc</span> <span class='ocrx_word' id='word_1_85' title='bbox 627 1020 714 1066; x_wconf 90' lang='lat' dir='ltr'>est</span> <span class='ocrx_word' id='word_1_86' title='bbox 747 1012 1118 1083; x_wconf 84' lang='lat' dir='ltr'>placidissima</span> <span class='ocrx_word' id='word_1_87' title='bbox 1154 1012 1249 1066; x_wconf 88' lang='lat' dir='ltr'>illa</span> <span class='ocrx_word' id='word_1_88' title='bbox 1283 1012 1438 1082; x_wconf 90' lang='lat' dir='ltr'>quies</span> <span class='ocrx_word' id='word_1_89' title='bbox 1477 1020 1532 1065; x_wconf 90' lang='lat' dir='ltr'>et</span> <span class='ocrx_word' id='word_1_90' title='bbox 1567 1013 1878 1082; x_wconf 80' lang='lat' dir='ltr'>tranquilli—</span> 
     </span>
     <span class='ocr_line' id='line_1_14' title="bbox 164 1084 1876 1156; baseline -0.001 -16"><span class='ocrx_word' id='word_1_91' title='bbox 164 1094 273 1154; x_wconf 80' lang='lat' dir='ltr'>tas,</span> <span class='ocrx_word' id='word_1_92' title='bbox 313 1103 454 1156; x_wconf 86' lang='lat' dir='ltr'>quae</span> <span class='ocrx_word' id='word_1_93' title='bbox 493 1085 667 1138; x_wconf 83' lang='lat' dir='ltr'>oritur</span> <span class='ocrx_word' id='word_1_94' title='bbox 713 1103 779 1138; x_wconf 78' lang='lat' dir='ltr'>ex</span> <span class='ocrx_word' id='word_1_95' title='bbox 823 1085 986 1139; x_wconf 84' lang='lat' dir='ltr'>beata</span> <span class='ocrx_word' id='word_1_96' title='bbox 1022 1085 1362 1138; x_wconf 87' lang='lat' dir='ltr'>conscientia</span> <span class='ocrx_word' id='word_1_97' title='bbox 1399 1085 1548 1154; x_wconf 74' lang='lat' dir='ltr'>eine,</span> <span class='ocrx_word' id='word_1_98' title='bbox 1600 1084 1657 1138; x_wconf 90' lang='lat' dir='ltr'>in</span> <span class='ocrx_word' id='word_1_99' title='bbox 1718 1084 1876 1138; x_wconf 88' lang='lat' dir='ltr'>cuius</span> 
     </span>
     <span class='ocr_line' id='line_1_15' title="bbox 168 1155 1876 1226; baseline -0.001 -15"><span class='ocrx_word' id='word_1_100' title='bbox 168 1157 348 1211; x_wconf 87' lang='lat' dir='ltr'>animo</span> <span class='ocrx_word' id='word_1_101' title='bbox 404 1155 542 1210; x_wconf 88' lang='lat' dir='ltr'>ordo</span> <span class='ocrx_word' id='word_1_102' title='bbox 601 1156 692 1210; x_wconf 87' lang='lat' dir='ltr'>ille</span> <span class='ocrx_word' id='word_1_103' title='bbox 755 1175 819 1210; x_wconf 90' lang='lat' dir='ltr'>ac</span> <span class='ocrx_word' id='word_1_104' title='bbox 878 1157 1120 1210; x_wconf 86' lang='lat' dir='ltr'>musicus</span> <span class='ocrx_word' id='word_1_105' title='bbox 1187 1156 1345 1226; x_wconf 85' lang='lat' dir='ltr'>quasi</span> <span class='ocrx_word' id='word_1_106' title='bbox 1418 1163 1717 1211; x_wconf 77' lang='lat' dir='ltr'>concentus</span> <span class='ocrx_word' id='word_1_107' title='bbox 1789 1175 1876 1210; x_wconf 81' lang='lat' dir='ltr'>re·-</span> 
     </span>
     <span class='ocr_line' id='line_1_16' title="bbox 166 1228 1877 1302; baseline -0.001 -19"><span class='ocrx_word' id='word_1_108' title='bbox 166 1237 302 1302; x_wconf 84' lang='lat' dir='ltr'>gnat</span> <span class='ocrx_word' id='word_1_109' title='bbox 336 1228 467 1298; x_wconf 77' lang='grc'><strong>***).</strong></span> <span class='ocrx_word' id='word_1_110' title='bbox 552 1228 673 1282; x_wconf 86' lang='lat' dir='ltr'>Nec</span> <span class='ocrx_word' id='word_1_111' title='bbox 708 1247 841 1282; x_wconf 87' lang='lat' dir='ltr'>vero</span> <span class='ocrx_word' id='word_1_112' title='bbox 889 1228 1001 1281; x_wconf 89' lang='lat' dir='ltr'>ulla</span> <span class='ocrx_word' id='word_1_113' title='bbox 1050 1237 1137 1282; x_wconf 90' lang='lat' dir='ltr'>est</span> <span class='ocrx_word' id='word_1_114' title='bbox 1176 1238 1306 1282; x_wconf 82' lang='lat' dir='ltr'>vera</span> <span class='ocrx_word' id='word_1_115' title='bbox 1342 1228 1598 1300; x_wconf 87' lang='lat' dir='ltr'>voluptas</span> <span class='ocrx_word' id='word_1_116' title='bbox 1631 1236 1877 1301; x_wconf 71' lang='lat' dir='ltr'>praeter-</span> 
     </span>
     <span class='ocr_line' id='line_1_17' title="bbox 166 1298 1879 1373; baseline 0 -19"><span class='ocrx_word' id='word_1_117' title='bbox 166 1320 330 1372; x_wconf 91' lang='lat' dir='ltr'>quam</span> <span class='ocrx_word' id='word_1_118' title='bbox 367 1299 649 1371; x_wconf 80' lang='lat' dir='ltr'>sapientis.</span> <span class='ocrx_word' id='word_1_119' title='bbox 724 1298 914 1354; x_wconf 87' lang='lat' dir='ltr'>Ceteri</span> <span class='ocrx_word' id='word_1_120' title='bbox 952 1301 1106 1354; x_wconf 67' lang='lat' dir='ltr'>⁴enim</span> <span class='ocrx_word' id='word_1_121' title='bbox 1147 1318 1316 1373; x_wconf 88' lang='lat' dir='ltr'>quum</span> <span class='ocrx_word' id='word_1_122' title='bbox 1354 1300 1732 1373; x_wconf 82' lang='lat' dir='ltr'>voluptatibus</span> <span class='ocrx_word' id='word_1_123' title='bbox 1767 1300 1879 1354; x_wconf 68' lang='lat' dir='ltr'>{rui</span> 
     </span>
     <span class='ocr_line' id='line_1_18' title="bbox 167 1371 1878 1442; baseline -0.001 -15"><span class='ocrx_word' id='word_1_124' title='bbox 167 1372 274 1427; x_wconf 83' lang='lat' dir='ltr'>sibi</span> <span class='ocrx_word' id='word_1_125' title='bbox 310 1371 629 1442; x_wconf 86' lang='lat' dir='ltr'>videantur,</span> <span class='ocrx_word' id='word_1_126' title='bbox 678 1371 862 1426; x_wconf 86' lang='lat' dir='ltr'>tamen</span> <span class='ocrx_word' id='word_1_127' title='bbox 903 1372 1156 1427; x_wconf 85' lang='lat' dir='ltr'>inanibus</span> <span class='ocrx_word' id='word_1_128' title='bbox 1193 1379 1410 1432; x_wconf 79' lang='lat' dir='ltr'>tantum</span> <span class='ocrx_word' id='word_1_129' title='bbox 1449 1392 1636 1427; x_wconf 90' lang='lat' dir='ltr'>earum</span> <span class='ocrx_word' id='word_1_130' title='bbox 1672 1371 1878 1427; x_wconf 84' lang='lat' dir='ltr'>umbris</span> 
     </span>
     <span class='ocr_line' id='line_1_19' title="bbox 167 1441 1879 1516; baseline -0.001 -16"><span class='ocrx_word' id='word_1_131' title='bbox 167 1462 233 1499; x_wconf 78' lang='lat' dir='ltr'>ac</span> <span class='ocrx_word' id='word_1_132' title='bbox 270 1443 575 1500; x_wconf 85' lang='lat' dir='ltr'>simulacris</span> <span class='ocrx_word' id='word_1_133' title='bbox 625 1443 870 1516; x_wconf 84' lang='lat' dir='ltr'>gaudent</span> <span class='ocrx_word' id='word_1_134' title='bbox 919 1444 1011 1513; x_wconf 85' lang='lat'>†):</span> <span class='ocrx_word' id='word_1_135' title='bbox 1082 1452 1138 1498; x_wconf 88' lang='lat' dir='ltr'>et</span> <span class='ocrx_word' id='word_1_136' title='bbox 1174 1445 1222 1500; x_wconf 90' lang='lat' dir='ltr'>si</span> <span class='ocrx_word' id='word_1_137' title='bbox 1262 1445 1348 1498; x_wconf 84' lang='lat' dir='ltr'>vel</span> <span class='ocrx_word' id='word_1_138' title='bbox 1385 1441 1616 1498; x_wconf 85' lang='lat' dir='ltr'>maxime</span> <span class='ocrx_word' id='word_1_139' title='bbox 1652 1463 1740 1499; x_wconf 92' lang='lat' dir='ltr'>res</span> <span class='ocrx_word' id='word_1_140' title='bbox 1791 1464 1879 1499; x_wconf 87' lang='lat' dir='ltr'>se-</span> 
     </span>
     <span class='ocr_line' id='line_1_20' title="bbox 168 1511 1879 1588; baseline -0.001 -17"><span class='ocrx_word' id='word_1_141' title='bbox 168 1532 266 1571; x_wconf 83' lang='lat' dir='ltr'>cus</span> <span class='ocrx_word' id='word_1_142' title='bbox 300 1511 520 1584; x_wconf 82' lang='lat' dir='ltr'>habeat,</span> <span class='ocrx_word' id='word_1_143' title='bbox 559 1525 744 1569; x_wconf 77' lang='lat' dir='ltr'>tamen</span> <span class='ocrx_word' id='word_1_144' title='bbox 779 1516 957 1570; x_wconf 87' lang='lat' dir='ltr'>virum</span> <span class='ocrx_word' id='word_1_145' title='bbox 994 1517 1299 1588; x_wconf 87' lang='lat' dir='ltr'>sapientem</span> <span class='ocrx_word' id='word_1_146' title='bbox 1323 1517 1672 1587; x_wconf 87' lang='lat' dir='ltr'>purissimam</span> <span class='ocrx_word' id='word_1_147' title='bbox 1708 1517 1879 1570; x_wconf 87' lang='lat' dir='ltr'>maxi-</span> 
     </span>
     <span class='ocr_line' id='line_1_21' title="bbox 168 1587 1876 1660; baseline 0.002 -20"><span class='ocrx_word' id='word_1_148' title='bbox 168 1603 421 1657; x_wconf 75' lang='lat' dir='ltr'>mamque</span> <span class='ocrx_word' id='word_1_149' title='bbox 499 1587 783 1659; x_wconf 87' lang='lat' dir='ltr'>percipere</span> <span class='ocrx_word' id='word_1_150' title='bbox 843 1587 1182 1660; x_wconf 84' lang='lat' dir='ltr'>voluptatem</span> <span class='ocrx_word' id='word_1_151' title='bbox 1241 1588 1433 1660; x_wconf 85' lang='lat' dir='ltr'>negari</span> <span class='ocrx_word' id='word_1_152' title='bbox 1491 1608 1604 1642; x_wconf 91' lang='lat' dir='ltr'>non</span> <span class='ocrx_word' id='word_1_153' title='bbox 1670 1595 1876 1659; x_wconf 86' lang='lat' dir='ltr'>potest.</span> 
     </span>
     <span class='ocr_line' id='line_1_22' title="bbox 169 1657 1878 1729; baseline 0.002 -18"><span class='ocrx_word' id='word_1_154' title='bbox 169 1657 356 1727; x_wconf 82' lang='lat' dir='ltr'>Quum</span> <span class='ocrx_word' id='word_1_155' title='bbox 393 1658 538 1712; x_wconf 89' lang='lat' dir='ltr'>enim</span> <span class='ocrx_word' id='word_1_156' title='bbox 576 1677 824 1729; x_wconf 89' lang='lat' dir='ltr'>quaeque</span> <span class='ocrx_word' id='word_1_157' title='bbox 863 1677 930 1712; x_wconf 86' lang='lat' dir='ltr'>ex</span> <span class='ocrx_word' id='word_1_158' title='bbox 966 1659 1143 1714; x_wconf 83' lang='lat' dir='ltr'>tribus</span> <span class='ocrx_word' id='word_1_159' title='bbox 1180 1659 1289 1713; x_wconf 89' lang='lat' dir='ltr'>illis</span> <span class='ocrx_word' id='word_1_160' title='bbox 1328 1659 1493 1713; x_wconf 89' lang='lat' dir='ltr'>animi</span> <span class='ocrx_word' id='word_1_161' title='bbox 1524 1660 1878 1715; x_wconf 86' lang='lat' dir='ltr'>facultatibus</span> 
     </span>
     <span class='ocr_line' id='line_1_23' title="bbox 164 1729 1880 1804; baseline 0.002 -21"><span class='ocrx_word' id='word_1_162' title='bbox 164 1749 343 1803; x_wconf 82' lang='lat' dir='ltr'>genus</span> <span class='ocrx_word' id='word_1_163' title='bbox 377 1729 656 1800; x_wconf 89' lang='lat' dir='ltr'>qouddam</span> <span class='ocrx_word' id='word_1_164' title='bbox 691 1731 991 1802; x_wconf 81' lang='lat' dir='ltr'>voluptatis</span> <span class='ocrx_word' id='word_1_165' title='bbox 1029 1731 1134 1787; x_wconf 83' lang='lat' dir='ltr'>sibi</span> <span class='ocrx_word' id='word_1_166' title='bbox 1171 1732 1455 1804; x_wconf 88' lang='lat' dir='ltr'>proprium</span> <span class='ocrx_word' id='word_1_167' title='bbox 1494 1731 1694 1786; x_wconf 88' lang='lat' dir='ltr'>habeat</span> <span class='ocrx_word' id='word_1_168' title='bbox 1708 1752 1727 1800; x_wconf 82' lang='lat'>,·</span> <span class='ocrx_word' id='word_1_169' title='bbox 1761 1740 1880 1786; x_wconf 87' lang='lat' dir='ltr'>tum</span> 
     </span>
     <span class='ocr_line' id='line_1_24' title="bbox 164 1803 1876 1876; baseline 0 -20"><span class='ocrx_word' id='word_1_170' title='bbox 164 1819 288 1856; x_wconf 81' lang='lat' dir='ltr'>eam</span> <span class='ocrx_word' id='word_1_171' title='bbox 328 1809 475 1855; x_wconf 84' lang='lat' dir='ltr'>certe</span> <span class='ocrx_word' id='word_1_172' title='bbox 513 1810 742 1873; x_wconf 86' lang='lat' dir='ltr'>partem,</span> <span class='ocrx_word' id='word_1_173' title='bbox 783 1821 946 1872; x_wconf 87' lang='lat' dir='ltr'>quam</span> <span class='ocrx_word' id='word_1_174' title='bbox 985 1804 1314 1876; x_wconf 63' lang='grc' dir='ltr'><strong><em>φιλόσοφον</em></strong></span> <span class='ocrx_word' id='word_1_175' title='bbox 1350 1803 1628 1875; x_wconf 82' lang='lat' dir='ltr'>appellare</span> <span class='ocrx_word' id='word_1_176' title='bbox 1669 1804 1876 1874; x_wconf 78' lang='lat' dir='ltr'>licebit,</span> 
     </span>
     <span class='ocr_line' id='line_1_25' title="bbox 166 1872 1877 1947; baseline 0.001 -20"><span class='ocrx_word' id='word_1_177' title='bbox 166 1872 546 1946; x_wconf 75' lang='lat' dir='ltr'>limpidissima</span> <span class='ocrx_word' id='word_1_178' title='bbox 602 1873 948 1944; x_wconf 86' lang='lat' dir='ltr'>maximaque</span> <span class='ocrx_word' id='word_1_179' title='bbox 998 1874 1282 1947; x_wconf 84' lang='lat' dir='ltr'>voluptate</span> <span class='ocrx_word' id='word_1_180' title='bbox 1326 1875 1569 1945; x_wconf 80' lang='lat' dir='ltr'>perfrui,</span> <span class='ocrx_word' id='word_1_181' title='bbox 1625 1881 1745 1929; x_wconf 88' lang='lat' dir='ltr'>tam</span> <span class='ocrx_word' id='word_1_182' title='bbox 1791 1894 1877 1929; x_wconf 89' lang='lat' dir='ltr'>re—</span> 
     </span>
     <span class='ocr_line' id='line_1_26' title="bbox 166 1945 1878 2019; baseline 0.001 -19"><span class='ocrx_word' id='word_1_183' title='bbox 166 1963 287 2000; x_wconf 87' lang='lat' dir='ltr'>rum</span> <span class='ocrx_word' id='word_1_184' title='bbox 323 1962 478 2013; x_wconf 67' lang='lat' dir='ltr'>usna,</span> <span class='ocrx_word' id='word_1_185' title='bbox 520 1964 683 2016; x_wconf 87' lang='lat' dir='ltr'>quam</span> <span class='ocrx_word' id='word_1_186' title='bbox 719 1945 1013 2017; x_wconf 87' lang='lat' dir='ltr'>prudentia</span> <span class='ocrx_word' id='word_1_187' title='bbox 1051 1955 1106 2001; x_wconf 88' lang='lat' dir='ltr'>et</span> <span class='ocrx_word' id='word_1_188' title='bbox 1141 1948 1280 2001; x_wconf 88' lang='lat' dir='ltr'>ratio</span> <span class='ocrx_word' id='word_1_189' title='bbox 1314 1946 1551 2001; x_wconf 88' lang='lat' dir='ltr'>suadent</span> <span class='ocrx_word' id='word_1_190' title='bbox 1573 1947 1690 2019; x_wconf 80' lang='lat'>††).</span> <span class='ocrx_word' id='word_1_191' title='bbox 1765 1948 1878 2002; x_wconf 89' lang='lat' dir='ltr'>Ita-</span> 
     </span>
     <span class='ocr_line' id='line_1_27' title="bbox 167 2017 1877 2089; baseline 0.001 -17"><span class='ocrx_word' id='word_1_192' title='bbox 167 2035 274 2088; x_wconf 85' lang='lat' dir='ltr'>que</span> <span class='ocrx_word' id='word_1_193' title='bbox 311 2017 371 2086; x_wconf 89' lang='lat' dir='ltr'>ii,</span> <span class='ocrx_word' id='word_1_194' title='bbox 411 2017 506 2088; x_wconf 89' lang='lat' dir='ltr'>qui</span> <span class='ocrx_word' id='word_1_195' title='bbox 544 2017 867 2089; x_wconf 84' lang='lat' dir='ltr'>sapientiam</span> <span class='ocrx_word' id='word_1_196' title='bbox 905 2026 961 2072; x_wconf 90' lang='lat' dir='ltr'>et</span> <span class='ocrx_word' id='word_1_197' title='bbox 1000 2019 1254 2073; x_wconf 86' lang='lat' dir='ltr'>virtutem</span> <span class='ocrx_word' id='word_1_198' title='bbox 1296 2017 1502 2089; x_wconf 83' lang='lat' dir='ltr'>colunt,</span> <span class='ocrx_word' id='word_1_199' title='bbox 1542 2020 1630 2073; x_wconf 88' lang='lat' dir='ltr'>vel</span> <span class='ocrx_word' id='word_1_200' title='bbox 1667 2020 1726 2072; x_wconf 93' lang='lat' dir='ltr'>in</span> <span class='ocrx_word' id='word_1_201' title='bbox 1763 2033 1877 2073; x_wconf 85' lang='lat' dir='ltr'>ma-</span> 
     </span>
     <span class='ocr_line' id='line_1_28' title="bbox 165 2089 1875 2162; baseline 0.002 -20"><span class='ocrx_word' id='word_1_202' title='bbox 165 2089 327 2143; x_wconf 84' lang='lat' dir='ltr'>ximis</span> <span class='ocrx_word' id='word_1_203' title='bbox 367 2089 523 2143; x_wconf 83' lang='lat' dir='ltr'>malis</span> <span class='ocrx_word' id='word_1_204' title='bbox 560 2089 708 2143; x_wconf 88' lang='lat' dir='ltr'>beati</span> <span class='ocrx_word' id='word_1_205' title='bbox 747 2098 879 2144; x_wconf 87' lang='lat' dir='ltr'>sunt</span> <span class='ocrx_word' id='word_1_206' title='bbox 915 2091 1079 2161; x_wconf 78' lang='lat'><strong>†††)‚</strong></span> <span class='ocrx_word' id='word_1_207' title='bbox 1118 2090 1438 2145; x_wconf 70' lang='lat' dir='ltr'>nec‘audire</span> <span class='ocrx_word' id='word_1_208' title='bbox 1470 2111 1564 2146; x_wconf 88' lang='lat' dir='ltr'>eos</span> <span class='ocrx_word' id='word_1_209' title='bbox 1595 2090 1875 2162; x_wconf 74' lang='lat' dir='ltr'>debemus,</span> 
     </span>
     <span class='ocr_line' id='line_1_29' title="bbox 168 2161 1876 2237; baseline 0.002 -23"><span class='ocrx_word' id='word_1_210' title='bbox 168 2162 264 2232; x_wconf 89' lang='lat' dir='ltr'>qui</span> <span class='ocrx_word' id='word_1_211' title='bbox 322 2161 650 2215; x_wconf 84' lang='lat' dir='ltr'>iniustitiam</span> <span class='ocrx_word' id='word_1_212' title='bbox 701 2161 956 2217; x_wconf 82' lang='lat' dir='ltr'>dictitant</span> <span class='ocrx_word' id='word_1_213' title='bbox 1005 2163 1232 2237; x_wconf 69' lang='lat' dir='ltr'>opibus,</span> <span class='ocrx_word' id='word_1_214' title='bbox 1283 2162 1519 2232; x_wconf 77' lang='lat' dir='ltr'>divitiis,</span> <span class='ocrx_word' id='word_1_215' title='bbox 1576 2162 1876 2218; x_wconf 84' lang='lat' dir='ltr'>honoribus</span> 
     </span>
     <span class='ocr_line' id='line_1_30' title="bbox 166 2232 1877 2307; baseline 0.002 -20"><span class='ocrx_word' id='word_1_216' title='bbox 166 2232 477 2299; x_wconf 81' lang='lat' dir='ltr'>abundare3</span> <span class='ocrx_word' id='word_1_217' title='bbox 515 2233 775 2287; x_wconf 78' lang='lat' dir='ltr'>virtutem</span> <span class='ocrx_word' id='word_1_218' title='bbox 814 2241 868 2288; x_wconf 87' lang='lat' dir='ltr'>et</span> <span class='ocrx_word' id='word_1_219' title='bbox 900 2235 1171 2289; x_wconf 79' lang='lat' dir='ltr'>iustitiam</span> <span class='ocrx_word' id='word_1_220' title='bbox 1207 2235 1405 2290; x_wconf 86' lang='lat' dir='ltr'>iisdem</span> <span class='ocrx_word' id='word_1_221' title='bbox 1441 2235 1600 2290; x_wconf 88' lang='lat' dir='ltr'>bonis</span> <span class='ocrx_word' id='word_1_222' title='bbox 1637 2235 1877 2307; x_wconf 80' lang='lat' dir='ltr'>plerum-</span> 
     </span>
     <span class='ocr_line' id='line_1_31' title="bbox 166 2304 1877 2381; baseline 0.001 -21"><span class='ocrx_word' id='word_1_223' title='bbox 166 2323 275 2377; x_wconf 85' lang='lat' dir='ltr'>que</span> <span class='ocrx_word' id='word_1_224' title='bbox 312 2324 497 2361; x_wconf 86' lang='lat' dir='ltr'>carere</span> <span class='ocrx_word' id='word_1_225' title='bbox 532 2304 739 2377; x_wconf 52' lang='grc' dir='ltr'>ΤΗ-ἦ).</span> <span class='ocrx_word' id='word_1_226' title='bbox 813 2306 960 2361; x_wconf 87' lang='lat' dir='ltr'>Nam</span> <span class='ocrx_word' id='word_1_227' title='bbox 996 2307 1173 2363; x_wconf 84' lang='lat' dir='ltr'>virtus</span> <span class='ocrx_word' id='word_1_228' title='bbox 1210 2315 1437 2380; x_wconf 89' lang='lat' dir='ltr'>propter</span> <span class='ocrx_word' id='word_1_229' title='bbox 1473 2327 1532 2363; x_wconf 86' lang='lat' dir='ltr'>se</span> <span class='ocrx_word' id='word_1_230' title='bbox 1569 2308 1746 2381; x_wconf 87' lang='lat' dir='ltr'>ipsam</span> <span class='ocrx_word' id='word_1_231' title='bbox 1778 2327 1877 2363; x_wconf 71' lang='lat' dir='ltr'>¹ex-</span> 
     </span>
    </p>
   </div>
   <div class='ocr_carea' id='block_1_4' title="bbox 167 2450 504 2462">
    <p class='ocr_par' dir='ltr' id='par_1_4' title="bbox 167 2450 504 2462">
     <span class='ocr_line' id='line_1_32' title="bbox 167 2450 504 2462; baseline 0 1132"><span class='ocrx_word' id='word_1_232' title='bbox 167 2450 504 2462; x_wconf 95' lang='lat' dir='ltr'> </span> 
     </span>
    </p>
   </div>
   <div class='ocr_carea' id='block_1_5' title="bbox 310 2548 1878 2707">
    <p class='ocr_par' dir='ltr' id='par_1_5' title="bbox 310 2548 1878 2707">
     <span class='ocr_line' id='line_1_33' title="bbox 310 2548 1877 2604; baseline 0.003 -14"><span class='ocrx_word' id='word_1_233' title='bbox 310 2549 445 2590; x_wconf 78' lang='lat' dir='ltr'>animi</span> <span class='ocrx_word' id='word_1_234' title='bbox 484 2548 665 2590; x_wconf 75' lang='lat' dir='ltr'>humani</span> <span class='ocrx_word' id='word_1_235' title='bbox 706 2554 831 2603; x_wconf 75' lang='lat' dir='ltr'>parte</span> <span class='ocrx_word' id='word_1_236' title='bbox 861 2548 1152 2603; x_wconf 79' lang='lat' dir='ltr'>intelligenda</span> <span class='ocrx_word' id='word_1_237' title='bbox 1194 2556 1313 2592; x_wconf 76' lang='lat' dir='ltr'>sunt.</span> <span class='ocrx_word' id='word_1_238' title='bbox 1374 2549 1526 2604; x_wconf 79' lang='lat' dir='ltr'>Atque</span> <span class='ocrx_word' id='word_1_239' title='bbox 1560 2551 1694 2592; x_wconf 83' lang='lat' dir='ltr'>vitam</span> <span class='ocrx_word' id='word_1_240' title='bbox 1725 2552 1877 2594; x_wconf 78' lang='lat' dir='ltr'>huma·</span> 
     </span>
     <span class='ocr_line' id='line_1_34' title="bbox 310 2605 1878 2707; baseline 0.002 -59"><span class='ocrx_word' id='word_1_241' title='bbox 310 2605 703 2707; x_wconf 43' lang='grc' dir='ltr'>ιὶιιῗιιῗιιεέἓςῧῐέἓὲἶ</span> <span class='ocrx_word' id='word_1_242' title='bbox 735 2619 832 2649; x_wconf 73' lang='lat' dir='ltr'>esse</span> <span class='ocrx_word' id='word_1_243' title='bbox 872 2608 929 2650; x_wconf 79' lang='lat' dir='ltr'>ad</span> <span class='ocrx_word' id='word_1_244' title='bbox 968 2608 1125 2649; x_wconf 80' lang='lat' dir='ltr'>summi</span> <span class='ocrx_word' id='word_1_245' title='bbox 1165 2607 1269 2650; x_wconf 85' lang='lat' dir='ltr'>boni</span> <span class='ocrx_word' id='word_1_246' title='bbox 1309 2610 1457 2652; x_wconf 83' lang='lat' dir='ltr'>ideam</span> <span class='ocrx_word' id='word_1_247' title='bbox 1492 2608 1790 2662; x_wconf 49' lang='lat' dir='ltr'>*philosophus</span> <span class='ocrx_word' id='word_1_248' title='bbox 1825 2610 1878 2651; x_wconf 80' lang='lat' dir='ltr'>in</span> 
     </span>
    </p>
   </div>
   <div class='ocr_carea' id='block_1_6' title="bbox 163 2749 1877 2923">
    <p class='ocr_par' dir='ltr' id='par_1_6' title="bbox 163 2749 1877 2923">
     <span class='ocr_line' id='line_1_35' title="bbox 208 2749 1877 2807; baseline 0.002 -13"><span class='ocrx_word' id='word_1_249' title='bbox 208 2750 283 2802; x_wconf 63' lang='lat'>&#39;⁹2</span> <span class='ocrx_word' id='word_1_250' title='bbox 316 2749 368 2796; x_wconf 80' lang='lat' dir='ltr'>V.</span> <span class='ocrx_word' id='word_1_251' title='bbox 396 2753 496 2794; x_wconf 80' lang='lat' dir='ltr'>libr.</span> <span class='ocrx_word' id='word_1_252' title='bbox 536 2750 616 2794; x_wconf 85' lang='lat' dir='ltr'>IX.</span> <span class='ocrx_word' id='word_1_253' title='bbox 650 2765 693 2806; x_wconf 89' lang='lat' dir='ltr'>p.</span> <span class='ocrx_word' id='word_1_254' title='bbox 735 2751 836 2797; x_wconf 83' lang='lat'>591.</span> <span class='ocrx_word' id='word_1_255' title='bbox 873 2751 928 2794; x_wconf 79' lang='lat' dir='ltr'>E.</span> <span class='ocrx_word' id='word_1_256' title='bbox 973 2765 1013 2806; x_wconf 87' lang='lat' dir='ltr'>p.</span> <span class='ocrx_word' id='word_1_257' title='bbox 1046 2751 1145 2798; x_wconf 80' lang='lat'>592.</span> <span class='ocrx_word' id='word_1_258' title='bbox 1175 2753 1253 2805; x_wconf 61' lang='lat' dir='ltr'>E„</span> <span class='ocrx_word' id='word_1_259' title='bbox 1298 2753 1373 2794; x_wconf 84' lang='lat' dir='ltr'>nbi</span> <span class='ocrx_word' id='word_1_260' title='bbox 1411 2753 1706 2807; x_wconf 82' lang='lat' dir='ltr'>philosophus</span> <span class='ocrx_word' id='word_1_261' title='bbox 1744 2754 1877 2798; x_wconf 73' lang='lat' dir='ltr'>etiam</span> 
     </span>
     <span class='ocr_line' id='line_1_36' title="bbox 163 2806 1876 2865; baseline 0.004 -16"><span class='ocrx_word' id='word_1_262' title='bbox 163 2817 172 2828; x_wconf 91' lang='grc'><em>·</em></span> <span class='ocrx_word' id='word_1_263' title='bbox 342 2807 422 2863; x_wconf 74' lang='grc' dir='ltr'>τὴν</span> <span class='ocrx_word' id='word_1_264' title='bbox 460 2809 510 2852; x_wconf 74' lang='grc' dir='ltr'>ἐν</span> <span class='ocrx_word' id='word_1_265' title='bbox 547 2806 666 2865; x_wconf 75' lang='grc' dir='ltr'>αὐτῷ</span> <span class='ocrx_word' id='word_1_266' title='bbox 702 2811 920 2852; x_wconf 75' lang='grc' dir='ltr'><em>πολιτείαν</em></span> <span class='ocrx_word' id='word_1_267' title='bbox 960 2810 1030 2852; x_wconf 79' lang='lat' dir='ltr'>vel</span> <span class='ocrx_word' id='word_1_268' title='bbox 1062 2808 1141 2865; x_wconf 72' lang='grc' dir='ltr'>τὴν</span> <span class='ocrx_word' id='word_1_269' title='bbox 1170 2810 1333 2852; x_wconf 76' lang='grc' dir='ltr'><em>ἑαυτοῦ</em></span> <span class='ocrx_word' id='word_1_270' title='bbox 1393 2808 1519 2853; x_wconf 80' lang='grc' dir='ltr'><strong><em>πόλιν</em></strong></span> <span class='ocrx_word' id='word_1_271' title='bbox 1549 2819 1876 2856; x_wconf 66' lang='lat' dir='ltr'>commemorat.</span> 
     </span>
     <span class='ocr_line' id='line_1_37' title="bbox 344 2868 987 2923; baseline 0.003 -14"><span class='ocrx_word' id='word_1_272' title='bbox 344 2869 475 2911; x_wconf 75' lang='lat' dir='ltr'>Adde</span> <span class='ocrx_word' id='word_1_273' title='bbox 505 2870 606 2914; x_wconf 86' lang='lat' dir='ltr'>libr.</span> <span class='ocrx_word' id='word_1_274' title='bbox 636 2869 695 2912; x_wconf 88' lang='lat' dir='ltr'>X.</span> <span class='ocrx_word' id='word_1_275' title='bbox 728 2882 768 2923; x_wconf 86' lang='lat' dir='ltr'>p.</span> <span class='ocrx_word' id='word_1_276' title='bbox 803 2869 902 2913; x_wconf 84' lang='lat'>608.</span> <span class='ocrx_word' id='word_1_277' title='bbox 936 2868 987 2911; x_wconf 91' lang='lat' dir='ltr'>B.</span> 
     </span>
    </p>
   </div>
   <div class='ocr_carea' id='block_1_7' title="bbox 243 2937 1469 2996">
    <p class='ocr_par' dir='ltr' id='par_1_7' title="bbox 243 2937 1469 2996">
     <span class='ocr_line' id='line_1_38' title="bbox 243 2937 1469 2996; baseline 0.005 -15"><span class='ocrx_word' id='word_1_278' title='bbox 243 2937 311 2991; x_wconf 58' lang='grc' dir='ltr'>*ἢ</span> <span class='ocrx_word' id='word_1_279' title='bbox 342 2938 476 2986; x_wconf 74' lang='lat' dir='ltr'>Cous.</span> <span class='ocrx_word' id='word_1_280' title='bbox 505 2941 922 2996; x_wconf 81' lang='lat' dir='ltr'>Morgenstern.</span> <span class='ocrx_word' id='word_1_281' title='bbox 955 2942 991 2982; x_wconf 92' lang='lat'>1.</span> <span class='ocrx_word' id='word_1_282' title='bbox 1025 2954 1060 2983; x_wconf 89' lang='lat' dir='ltr'>c.</span> <span class='ocrx_word' id='word_1_283' title='bbox 1092 2954 1133 2995; x_wconf 90' lang='lat' dir='ltr'>p.</span> <span class='ocrx_word' id='word_1_284' title='bbox 1167 2940 1252 2986; x_wconf 88' lang='lat'>114</span> <span class='ocrx_word' id='word_1_285' title='bbox 1282 2964 1334 2973; x_wconf 94' lang='lat'><em>-</em></span> <span class='ocrx_word' id='word_1_286' title='bbox 1369 2940 1469 2987; x_wconf 86' lang='lat'>149.</span> 
     </span>
    </p>
   </div>
   <div class='ocr_carea' id='block_1_8' title="bbox 209 3010 1875 3127">
    <p class='ocr_par' dir='ltr' id='par_1_8' title="bbox 209 3010 1875 3127">
     <span class='ocr_line' id='line_1_39' title="bbox 209 3010 1875 3072; baseline 0.004 -20"><span class='ocrx_word' id='word_1_287' title='bbox 209 3010 313 3064; x_wconf 60' lang='lat'>⁸⁸2)</span> <span class='ocrx_word' id='word_1_288' title='bbox 343 3010 473 3057; x_wconf 71' lang='lat' dir='ltr'>Cous.</span> <span class='ocrx_word' id='word_1_289' title='bbox 506 3011 645 3068; x_wconf 80' lang='lat' dir='ltr'>Gorg.</span> <span class='ocrx_word' id='word_1_290' title='bbox 677 3028 720 3070; x_wconf 86' lang='lat' dir='ltr'>p.</span> <span class='ocrx_word' id='word_1_291' title='bbox 750 3013 852 3059; x_wconf 83' lang='lat'>482.</span> <span class='ocrx_word' id='word_1_292' title='bbox 886 3017 942 3059; x_wconf 84' lang='lat' dir='ltr'>A.</span> <span class='ocrx_word' id='word_1_293' title='bbox 974 3037 1026 3045; x_wconf 91' lang='lat'>——</span> <span class='ocrx_word' id='word_1_294' title='bbox 1062 3012 1112 3056; x_wconf 88' lang='lat' dir='ltr'>C.</span> <span class='ocrx_word' id='word_1_295' title='bbox 1154 3026 1199 3068; x_wconf 84' lang='lat' dir='ltr'>p.</span> <span class='ocrx_word' id='word_1_296' title='bbox 1239 3012 1341 3059; x_wconf 79' lang='lat'>404.</span> <span class='ocrx_word' id='word_1_297' title='bbox 1381 3013 1434 3060; x_wconf 87' lang='lat' dir='ltr'>B.</span> <span class='ocrx_word' id='word_1_298' title='bbox 1468 3029 1510 3071; x_wconf 88' lang='lat' dir='ltr'>p.</span> <span class='ocrx_word' id='word_1_299' title='bbox 1546 3016 1648 3062; x_wconf 73' lang='lat'>506.</span> <span class='ocrx_word' id='word_1_300' title='bbox 1688 3016 1746 3058; x_wconf 90' lang='lat' dir='ltr'>D.</span> <span class='ocrx_word' id='word_1_301' title='bbox 1777 3029 1875 3072; x_wconf 79' lang='lat' dir='ltr'>sqq.</span> 
     </span>
     <span class='ocr_line' id='line_1_40' title="bbox 337 3069 882 3127; baseline 0.006 -17"><span class='ocrx_word' id='word_1_302' title='bbox 337 3069 478 3125; x_wconf 81' lang='lat' dir='ltr'>Legg.</span> <span class='ocrx_word' id='word_1_303' title='bbox 511 3070 584 3114; x_wconf 81' lang='lat' dir='ltr'>m.</span> <span class='ocrx_word' id='word_1_304' title='bbox 617 3086 660 3127; x_wconf 87' lang='lat' dir='ltr'>p.</span> <span class='ocrx_word' id='word_1_305' title='bbox 689 3072 791 3118; x_wconf 87' lang='lat'>689.</span> <span class='ocrx_word' id='word_1_306' title='bbox 825 3073 882 3114; x_wconf 92' lang='lat' dir='ltr'>D.</span> 
     </span>
    </p>
   </div>
   <div class='ocr_carea' id='block_1_9' title="bbox 251 3140 1156 3199">
    <p class='ocr_par' dir='ltr' id='par_1_9' title="bbox 251 3140 1156 3199">
     <span class='ocr_line' id='line_1_41' title="bbox 251 3140 1156 3199; baseline 0.006 -17"><span class='ocrx_word' id='word_1_307' title='bbox 251 3140 307 3194; x_wconf 54' lang='grc' dir='ltr'>ψ)</span> <span class='ocrx_word' id='word_1_308' title='bbox 336 3141 548 3188; x_wconf 82' lang='lat' dir='ltr'>Lib.1x.</span> <span class='ocrx_word' id='word_1_309' title='bbox 582 3158 622 3199; x_wconf 80' lang='lat' dir='ltr'>p.</span> <span class='ocrx_word' id='word_1_310' title='bbox 651 3145 753 3190; x_wconf 81' lang='lat'>583.</span> <span class='ocrx_word' id='word_1_311' title='bbox 788 3145 842 3187; x_wconf 88' lang='lat' dir='ltr'>B.</span> <span class='ocrx_word' id='word_1_312' title='bbox 877 3167 932 3177; x_wconf 89' lang='lat'><em>-</em></span> <span class='ocrx_word' id='word_1_313' title='bbox 964 3142 1066 3188; x_wconf 84' lang='lat'>588.</span> <span class='ocrx_word' id='word_1_314' title='bbox 1099 3145 1156 3187; x_wconf 83' lang='lat' dir='ltr'>A.</span> 
     </span>
    </p>
   </div>
   <div class='ocr_carea' id='block_1_10' title="bbox 235 3213 1874 3329">
    <p class='ocr_par' dir='ltr' id='par_1_10' title="bbox 235 3213 1874 3329">
     <span class='ocr_line' id='line_1_42' title="bbox 235 3213 1874 3314; baseline 0.002 -54"><span class='ocrx_word' id='word_1_315' title='bbox 235 3213 316 3266; x_wconf 64' lang='grc' dir='ltr'>ἥ)</span> <span class='ocrx_word' id='word_1_316' title='bbox 344 3214 402 3314; x_wconf 72' lang='lat' dir='ltr'>X.</span> <span class='ocrx_word' id='word_1_317' title='bbox 431 3215 535 3260; x_wconf 76' lang='lat' dir='ltr'>libr.</span> <span class='ocrx_word' id='word_1_318' title='bbox 562 3216 648 3259; x_wconf 72' lang='lat' dir='ltr'>lx.</span> <span class='ocrx_word' id='word_1_319' title='bbox 679 3228 721 3272; x_wconf 79' lang='lat' dir='ltr'>p.</span> <span class='ocrx_word' id='word_1_320' title='bbox 752 3217 854 3262; x_wconf 85' lang='lat'>580.</span> <span class='ocrx_word' id='word_1_321' title='bbox 881 3214 1127 3259; x_wconf 77' lang='lat' dir='ltr'>D.-583.</span> <span class='ocrx_word' id='word_1_322' title='bbox 1163 3218 1230 3260; x_wconf 72' lang='lat' dir='ltr'>A..</span> <span class='ocrx_word' id='word_1_323' title='bbox 1273 3215 1408 3260; x_wconf 78' lang='lat' dir='ltr'>conf.</span> <span class='ocrx_word' id='word_1_324' title='bbox 1438 3216 1578 3274; x_wconf 82' lang='lat' dir='ltr'>Legg.</span> <span class='ocrx_word' id='word_1_325' title='bbox 1609 3219 1668 3261; x_wconf 90' lang='lat'>11.</span> <span class='ocrx_word' id='word_1_326' title='bbox 1702 3233 1743 3274; x_wconf 84' lang='lat' dir='ltr'>p.</span> <span class='ocrx_word' id='word_1_327' title='bbox 1774 3220 1874 3265; x_wconf 81' lang='lat'>663.</span> 
     </span>
     <span class='ocr_line' id='line_1_43' title="bbox 392 3286 1271 3329; baseline 0.006 -15"><span class='ocrx_word' id='word_1_328' title='bbox 392 3303 403 3314; x_wconf 92' lang='lat'>.</span> <span class='ocrx_word' id='word_1_329' title='bbox 435 3286 531 3329; x_wconf 71' lang='lat' dir='ltr'>sqq.</span> <span class='ocrx_word' id='word_1_330' title='bbox 1263 3291 1271 3302; x_wconf 90' lang='lat'><strong>·</strong></span> 
     </span>
    </p>
   </div>
   <div class='ocr_carea' id='block_1_11' title="bbox 172 3340 1519 3459">
    <p class='ocr_par' dir='ltr' id='par_1_11' title="bbox 172 3340 1519 3459">
     <span class='ocr_line' id='line_1_44' title="bbox 200 3340 1519 3403; baseline 0.007 -21"><span class='ocrx_word' id='word_1_331' title='bbox 200 3340 228 3392; x_wconf 80' lang='lat'><em>†</em></span> <span class='ocrx_word' id='word_1_332' title='bbox 296 3346 314 3396; x_wconf 88' lang='lat'>)</span> <span class='ocrx_word' id='word_1_333' title='bbox 347 3343 395 3389; x_wconf 77' lang='lat' dir='ltr'>V.</span> <span class='ocrx_word' id='word_1_334' title='bbox 425 3345 525 3386; x_wconf 83' lang='lat' dir='ltr'>libr.</span> <span class='ocrx_word' id='word_1_335' title='bbox 562 3344 634 3390; x_wconf 84' lang='lat' dir='ltr'>vl.</span> <span class='ocrx_word' id='word_1_336' title='bbox 668 3358 710 3400; x_wconf 86' lang='lat' dir='ltr'>p.</span> <span class='ocrx_word' id='word_1_337' title='bbox 739 3345 840 3390; x_wconf 74' lang='lat'>485.</span> <span class='ocrx_word' id='word_1_338' title='bbox 874 3346 927 3388; x_wconf 90' lang='lat' dir='ltr'>D.</span> <span class='ocrx_word' id='word_1_339' title='bbox 959 3346 1012 3390; x_wconf 79' lang='lat' dir='ltr'>E.</span> <span class='ocrx_word' id='word_1_340' title='bbox 1047 3345 1106 3390; x_wconf 85' lang='lat' dir='ltr'>X.</span> <span class='ocrx_word' id='word_1_341' title='bbox 1138 3358 1181 3400; x_wconf 85' lang='lat' dir='ltr'>p.</span> <span class='ocrx_word' id='word_1_342' title='bbox 1214 3347 1313 3392; x_wconf 85' lang='lat'>618.</span> <span class='ocrx_word' id='word_1_343' title='bbox 1348 3346 1383 3388; x_wconf 90' lang='lat' dir='ltr'>C</span> <span class='ocrx_word' id='word_1_344' title='bbox 1423 3362 1519 3403; x_wconf 85' lang='lat' dir='ltr'>sqq.</span> 
     </span>
     <span class='ocr_line' id='line_1_45' title="bbox 172 3398 1437 3459; baseline 0.005 -18"><span class='ocrx_word' id='word_1_345' title='bbox 172 3398 263 3451; x_wconf 79' lang='lat'>†††</span> <span class='ocrx_word' id='word_1_346' title='bbox 295 3401 316 3452; x_wconf 89' lang='lat'><strong>)</strong></span> <span class='ocrx_word' id='word_1_347' title='bbox 346 3400 399 3442; x_wconf 84' lang='lat' dir='ltr'>V.</span> <span class='ocrx_word' id='word_1_348' title='bbox 431 3402 526 3444; x_wconf 81' lang='lat' dir='ltr'>libr.</span> <span class='ocrx_word' id='word_1_349' title='bbox 563 3403 620 3446; x_wconf 91' lang='lat'>11.</span> <span class='ocrx_word' id='word_1_350' title='bbox 655 3417 682 3457; x_wconf 82' lang='lat' dir='ltr'>p</span> <span class='ocrx_word' id='word_1_351' title='bbox 727 3404 813 3449; x_wconf 78' lang='lat'>358</span> <span class='ocrx_word' id='word_1_352' title='bbox 846 3419 941 3459; x_wconf 71' lang='lat' dir='ltr'>sqq.</span> <span class='ocrx_word' id='word_1_353' title='bbox 975 3416 1112 3458; x_wconf 74' lang='lat' dir='ltr'>usque</span> <span class='ocrx_word' id='word_1_354' title='bbox 1141 3404 1197 3447; x_wconf 73' lang='lat' dir='ltr'>ad</span> <span class='ocrx_word' id='word_1_355' title='bbox 1228 3405 1328 3448; x_wconf 77' lang='lat' dir='ltr'>lun·-</span> <span class='ocrx_word' id='word_1_356' title='bbox 1367 3405 1437 3449; x_wconf 68' lang='lat' dir='ltr'>lv.</span> 
     </span>
    </p>
   </div>
  </div>
 </body>
</html>
