2098 3658
298 203 401 254 5223
905 198 1395 252 PLATONIS

213 343 259 398 C
301 347 503 411 ούτου,
546 343 691 400 ἀλλὰ
749 345 891 418 πρός
948 368 1007 415 γε
1064 345 1131 413 δι’]
1188 344 1321 409 τοὺς
1377 343 1668 408 τοιούτους
1712 344 1991 418 ἄρχοντας

285 429 473 507 ἰδιώτῃ
534 428 873 506 ψεύσασθαι
916 428 1127 486 ταύτὸν
1170 433 1260 485 καὶ
1304 433 1490 530 μεῖζον
1534 427 1841 500 ἁμάρτημα
1883 430 1990 504 φή-

286 535 454 586 σομεν
515 514 547 581 ι’]
609 536 887 585 καμνοντι
948 516 1096 586 πρὸς
1165 513 1362 586 ἰατρὸν
1423 512 1454 581 ὴ
1527 513 1793 569 ἀσκοῦντι
1851 513 1991 586 πρὸς

286 572 659 669 παιδοτρίβην
710 621 831 669 περι
888 601 999 653 τῶν
1043 604 1142 655 τοῦ
1189 596 1366 654 αὑτοῦ
1410 597 1668 669 σώματος
1711 599 1990 670 παθημά-

286 705 395 738 των
439 684 535 755 μῆ
565 683 798 751 τάληθῆ
843 687 1030 753 λέγειν,
1077 681 1112 751 ἢ
1159 682 1298 753 πρὸς
1342 680 1683 753 κυβερνήτην
1725 687 1844 752 περὶ
1892 687 1992 750 τῆς

283 768 418 832 νεώς
466 790 522 822 τε
567 771 660 822 καὶ
704 771 816 821 τῶν
857 771 1084 822 ,ναυτῶν
1119 767 1195 840 μὴ
1236 767 1310 821 ,τα
1360 764 1503 822 ὄντα
1548 771 1792 835 λέγοντι,
1839 767 1991 832 ὅπως

283 849 318 919 ἢ
378 851 554 916 αὐτὸς
608 850 643 919 ἦ
690 874 774 916 τις
817 854 938 906 τῶν
971 853 1292 919 ξυνναυτῶν
1333 851 1582 923 πράξεως
1623 859 1745 923 ἔχει.
1828 852 1990 919 Ἀλη-

286 940 557 1001 motata,
599 941 725 1010 ἔφη.
800 932 902 991 ’Ὰν
946 934 1028 1008 ἄρ’
1080 935 1256 992 ἄλλον
1301 935 1428 991 τινὰ
1477 935 1737 1014 λαμβάνῃ
1767 936 1989 1014 ἶψευδό-

190 1035 245 1087 D
282 1043 454 1094 μενον
500 1027 560 1077 ἐν
610 1024 672 1098 τῇ
716 1019 872 1077 πόλει
914 1024 1026 1076 τῶν

1033 1107 1087 1160 οἳ
1131 1107 1445 1177 δημιοεργοὶ
1492 1109 1625 1170 ἔασι,

451 1190 656 1260 μάντιν
701 1187 734 1257 ἢ
779 1191 984 1262 ἰητῆρα
1028 1192 1215 1245 κακῶν
1263 1186 1294 1256 ἢ
1343 1196 1573 1245 τέκτονα
1619 1188 1851 1261 δούρων,

282 1274 506 1330 κολάσει
550 1271 623 1338 ὡς
666 1273 1002 1344 ἐπιτήδευμα
1050 1275 1345 1343 εὶςάγοντα
1391 1274 1601 1339 πόλεως
1647 1272 1823 1344 ὥςπερ
1854 1274 1988 1337 νεώς

282 1357 696 1432 ἀνατρεπτικόν
740 1380 796 1413 τε
842 1362 935 1412 καὶ
979 1357 1269 1430 ὀλέθριον.
1342 1358 1473 1413 Ἐάν
1506 1381 1580 1428 γε,
1615 1351 1650 1426 ἦ
1691 1358 1742 1413 δ’
1796 1357 1988 1424 ὅς,ὲπι’

282 1465 341 1512 γε
385 1443 532 1514 λόγῳ
578 1446 712 1514 ἔργα
759 1446 1002 1509 τελῆται.

399 1609 448 1650 D.
515 1609 573 1648 οἱ·
596 1607 929 1662 δημιοεργοὶ
963 1607 1110 1661 ἔασι]
1146 1609 1243 1649 Ald.
1274 1608 1376 1650 Bas
1401 1610 1440 1652 1.
1459 1610 1501 1653 2.
1524 1616 1567 1650 et
1597 1609 1725 1650 codd.
1748 1622 1836 1650 non
1857 1610 1983 1662 pauci

281 1665 542 1735 δημιουργοί
565 1680 661 1708 eum
695 1669 777 1708 Par
827 1668 882 1707 A.
918 1668 1036 1707 unde
1068 1667 1206 1707 Schn.
1239 1666 1372 1710 Turr.
1404 1675 1448 1708 et
1479 1669 1629 1708 Herm.
1663 1673 1934 1738 receperunt.

394 1720 603 1779 Ἐάνγε,
628 1717 655 1778 ἦ
686 1721 732 1765 δ’
771 1722 851 1772 ὅς,
887 1723 983 1765 ἐπί
1010 1723 1097 1778 γε]
1135 1724 1184 1765 V.
1213 1720 1314 1765 Ἐάν
1343 1739 1405 1778 γε.
1450 1727 1606 1767 Ambr.
1633 1727 1796 1778 Angel.
1827 1722 1983 1777 ἐάνπερ

279 1797 339 1837 γε.
400 1784 521 1825 Flor.
565 1796 604 1824 a.
648 1796 692 1823 Χ.
725 1780 895 1836 ἐάνπερ
957 1782 1049 1825 Sed
1079 1783 1242 1835 duplex
1274 1797 1322 1836 γε
1352 1785 1425 1824 hie
1455 1786 1637 1825 minime
1666 1786 1982 1837 importunum.

354 1854 468 1958 TU
487 1853 570 1902 65,-
601 1853 1000 1910 σωφροσύνης]
1037 1853 1114 1895 δαί
1141 1857 1236 1896 Par.
1273 1858 1331 1896 A.
1362 1855 1483 1897 Flor.
1513 1853 1565 1896 α’.
1601 1855 1725 1898 Stob.
1749 1856 1889 1897 Serm.
1923 1856 1979 1896 V.
2064 1887 2067 1898 .

311 1944 322 1954 .
381 1927 424 1957 ο.

279 1928 306 1967 p
390 1987 446 2028 Ε.
511 1986 595 2026 καὶ
627 1986 751 2038 περὶ
783 1982 998 2026 ἐδωδὰς
1029 1981 1290 2038 ἦδονῶν,·]
1340 1984 1451 2026 Flor
1499 1997 1541 2026 x.
1574 1986 1699 2027 addit
1730 1980 1979 2037 ἀπέχεσθαι.

279 2058 319 2085 v.
354 2050 508 2086 annot.

334 2186 384 2228 G.
439 2183 465 2241 ἢ
501 2183 769 2229 ἀσκοῦντι
801 2187 941 2243 πρὸς
971 2202 1085 2228 παι-

276 2244 577 2315 δοτρίβην]
633 2247 772 2288 Recte
821 2248 1086 2289 Phavori-

1177 2182 1201 2228 ὁ
1235 2184 1378 2239 ἅρχων
1401 2187 1476 2241 τῆς
1494 2184 1673 2236 πόλεως,
1690 2201 1729 2228 v.
1749 2187 1977 2229 Phaedon.

1174 2259 1217 2299 Ρ.
1252 2247 1320 2290 62.
1353 2246 1409 2286 D.
1445 2249 1677 2298 Protagor.
1709 2259 1752 2298 p.
1787 2245 1890 2290 319.
1922 2246 1975 2288 D.

274 2317 401 2345 nus.
434 2299 554 2345 α’σκῶ
577 2304 739 2358 κυρίως
757 2303 1088 2358 ἑπὶγυμνασιάς
1171 2317 1212 2357 Ρ.
1243 2304 1344 2348 324.
1395 2305 1443 2347 Ιὶ.
1475 2318 1518 2357 p.
1550 2303 1651 2347 334.
1686 2305 1735 2344 C.
1768 2302 1904 2353 Gorg.
1935 2318 1976 2357 p.

275 2359 449 2416 λέγεται.
510 2362 669 2416 Neque
698 2376 797 2404 rara
818 2370 886 2404 est
916 2366 1085 2404 intran-

275 2421 409 2461 sitiva
439 2421 564 2462 verbi
596 2422 878 2473 significatio,
906 2435 963 2463 se
997 2434 1082 2462 ex-

274 2491 489 2530 ercere,
551 2480 834 2520 meditari.
895 2479 1082 2520 Lachet.

270 2551 315 2590 p.
355 2535 457 2581 184.
506 2537 561 2577 Ε.
613 2537 862 2590 Xenoph.
915 2537 1081 2590 Cyrop.

272 2595 336 2643 ll,
377 2595 428 2644 1,
470 2593 550 2639 29:
599 2593 715 2648 ’πρός
768 2609 816 2649 γε
856 2593 940 2648 μὴν
978 2591 1084 2636 τούς

272 2654 509 2704 πολεμιόυ.<ιἱ
542 2653 989 2724 μεγαλοφρονέστεροι
1016 2657 1079 2707 γί-

272 2725 450 2781 γνονται
481 2711 530 2752 οὶ
552 2726 605 2751 αν
633 2710 890 2763 ξυνειδιῦσιν
908 2711 1082 2752 ἑαυτοῖς

270 2762 326 2810 εὖ
377 2765 626 2840 ἠσκηκότες.
685 2770 806 2812 Ibid.
858 2770 999 2822 VIII,
1037 2758 1080 2822 8,

270 2826 350 2872 243
406 2823 589 2878 ὁμοίους
646 2825 751 2869 τούς
803 2824 1082 2881 α’νασκήτουε

273 2891 363 2926 τοῖς
394 2879 605 2940 ἦσκηκόσι
641 2886 838 2928 ἔσεσθαι.
871 2887 1079 2927 Ceterum

271 2941 546 2998 παιδοτρίβαι
596 2957 632 2984 s.
674 2946 952 2986 doctores
993 2957 1077 2997 pa-

270 3004 540 3044 laestrici
567 3052 571 3056 Β
595 3003 816 3044 debebant
863 3004 1078 3053 iudicare,

270 3067 416 3100 utrum
446 3073 634 3114 corpora
664 3074 833 3112 eorum,
852 3062 929 3114 qui
951 3073 1077 3101 exer-

272 3118 362 3158 ceri
400 3119 587 3172 vellent,
627 3119 686 3160 ad
725 3120 902 3160 labores
950 3131 1075 3171 gym-

270 3174 468 3218 nastieos
495 3182 645 3217 essent
680 3177 846 3218 idonea
886 3190 968 3217 nee
996 3189 1076 3217 ne:

273 3233 476 3273 v.Erast.
494 3247 537 3286 p.
560 3233 658 3277 134.
688 3235 733 3275 A
767 3248 831 3288 sq.
865 3239 908 3276 et
938 3236 1078 3286 intpp.

273 3292 330 3332 ad
369 3291 667 3343 Aristoph.
710 3292 859 3333 Nubb.
900 3306 940 3332 v.
976 3291 1078 3335 969

329 3347 388 3389 D.
436 3345 688 3400 λαμβάνῃ
720 3347 1079 3400 ψευδόμενον

273 3407 359 3460 —]
404 3405 604 3451 Transiit
644 3419 671 3447 a
701 3407 862 3458 plurali
892 3420 1076 3448 numero

273 3458 329 3506 ad
361 3465 654 3517 singularem:
688 3477 788 3505 nam
818 3466 1079 3517 intelligitur

1167 2362 1266 2406 505.
1301 2363 1359 2403 D.
1390 2363 1579 2414 infrap.
1618 2362 1716 2406 413.
1751 2363 1806 2402 D.
1842 2362 1976 2403 V111.

1168 2434 1213 2474 p.
1244 2421 1346 2465 558.
1394 2421 1452 2461 A.
1490 2421 1570 2462 lX.
1603 2435 1646 2474 p.
1681 2420 1781 2464 590.
1814 2421 1868 2462 E.
1901 2421 1975 2471 al„

1168 2479 1268 2520 coll.
1319 2478 1512 2520 Matth.
1563 2476 1641 2519 Gr.
1689 2479 1728 2530 ᾗ.
1783 2478 1886 2522 303.
1931 2479 1974 2522 3.

1167 2536 1318 2578 Genus
1349 2537 1564 2589 loquendi
1594 2537 1632 2578 B
1645 2550 1668 2578 e
1680 2550 1709 2577 n
1723 2550 1747 2578 e
1763 2538 1790 2578 d
1803 2539 1818 2578 i
1831 2551 1853 2579 e
1866 2543 1884 2577 t
1894 2551 1923 2577 u
1933 2551 1975 2578 m

1167 2609 1298 2648 quum
1330 2595 1545 2647 fugisset,
1578 2597 1828 2649 importune
1869 2609 1974 2636 eon·

1164 2654 1268 2694 iecit
1316 2650 1552 2704 λαμβάνῃς.
1604 2678 1659 2684 -
1699 2649 1974 2706 λαμβάνῃ,

1166 2712 1196 2755 i.
1218 2725 1259 2764 q.
1282 2708 1597 2782 καταλαμβάνῃ.
1634 2710 1775 2765 Gorg.
1805 2725 1848 2764 p.
1870 2711 1972 2756 473

1165 2759 1218 2810 Β.
1247 2766 1326 2810 ἐὰν
1355 2763 1516 2810 α’δικῶν
1534 2765 1777 2823 ανθρωποε
1806 2769 1972 2823 ληφθῇ,

1165 2828 1242 2868 ubi
1275 2829 1416 2881 plura.

1225 2885 1281 2925 οι
1311 2884 1673 2939 δημιοεργοί]
1706 2886 1854 2928 Hom.
1888 2884 1970 2927 od

1166 2943 1322 2995 XVII,
1352 2942 1438 2986 383
1470 2956 1537 2995 sq.

1219 2974 1341 3041 Ἐάν
1379 2995 1437 3054 γ’,
1489 2997 1517 3054 ἦ
1556 2994 1597 3039 δ’
1651 2997 1732 3049 ὅς,
1780 2998 1872 3040 ἐπί
1913 3016 1971 3055 γε

1166 3055 1335 3112 λόγῳ]
1396 3058 1576 3112 Duplex
1635 3072 1683 3111 γε
1735 3060 1969 3113 utrobique

1163 3117 1304 3168 pollet
1340 3117 1385 3157 vi
1424 3129 1503 3158 sua
1541 3117 1732 3169 ideoque
1774 3124 1891 3158 reete
1922 3132 1968 3159 se

1162 3174 1311 3215 habet.
1343 3174 1748 3216 Multaistiusmodi
1768 3177 1968 3228 exempla

1164 3233 1420 3284 collegimus
1452 3234 1509 3274 ad
1544 3233 1713 3274 Phileb.
1744 3247 1787 3287 p.
1814 3234 1885 3277 62.
1912 3235 1967 3275 E.

1164 3287 1476 3342 Siquidem,
1530 3291 1697 3343 inquit,
1739 3298 1967 3345 praeter
2043 3323 2046 3327 -

1163 3361 1470 3389 sermonem
1542 3350 1709 3390 etiam
1768 3363 1966 3403 perpe-

1165 3410 1391 3448 trantur
1451 3407 1726 3448 facinora.
1821 3408 1965 3449 Prave

1162 3464 1277 3504 enim
1317 3464 1425 3505 haee
1471 3464 1858 3507 Schneiderus
1898 3467 1963 3506 in-
