2098 3658
165 741 219 793 Ι)
265 730 494 782 ναντίον
538 726 913 791 διατεθῶσινς

268 162 367 214 288
878 152 1354 208 PLATONIS

261 303 430 361 Ἀλλὰ
476 307 529 356 τί
574 300 720 372 μήνῑ,
764 306 887 377 ἔφη.

987 300 1442 366 Κινδυνεύουσιν,
1485 293 1558 370 ἦν
1601 300 1651 357 δ’
1702 301 1822 370 ἐγώ,
1863 302 1969 372 ἀμ·

264 390 480 465 φότερα
542 390 642 453 τῆς
701 389 887 461 ψυχῆς
942 392 1098 441 ἕνεκα
1154 384 1218 440 τὸ
1277 394 1536 457 μέγιστον
1599 385 1966 442 καθιστάναι.

271 476 400 538 Πῶς
445 468 542 538 δή;

635 469 749 524 Οὐκ
793 477 1043 570 ἐννοεῖς,ἱ
1084 469 1266 535 εἶπον,
1322 468 1396 534 ὡς
1462 474 1821 526 διατίθενται
1869 470 1972 526 αὐ·

262 580 364 625 την
423 577 528 623 την
585 551 843 609 διάνοιαν
907 559 960 612 οἳ
1011 552 1085 609 ἂν
1127 550 1482 631 Ργυμναστικῆ
1547 559 1648 626 μὲν
1709 552 1800 610 διὰ
1843 558 1970 654 βίον

265 639 584 714 ὀμιὶήσωσι,
630 642 898 710 μουσικῆς
945 643 1001 696 δὲ
1046 635 1122 710 μὴ
1150 638 1445 739 ἅψωνται;
1493 637 1525 705 ἢ
1573 638 1696 695 ὅσοι
1743 636 1816 695 ἂν
1842 639 1972 696 τού-

989 724 1158 787 Ίίνος
1203 727 1274 789 δέ,
1319 746 1352 790 η
1400 721 1447 777 ὁ’
1501 721 1579 790 ὅς,
1622 730 1743 799 πέρι
1770 728 1971 794 λέγειςς

261 808 617 883 Ἀγριότητός
654 830 711 863 τε
752 812 844 864 καὶ
888 808 1291 880 σκληρότητος,
1345 829 1417 874 ην
1463 807 1512 862 δ’
1563 808 1700 878 ἐγώ,
1758 831 1849 864 και
1897 801 1970 863 αὖ

267 899 545 968 μαλακίας
601 913 658 947 τε
714 896 805 947 καὶ
864 893 1222 966 ἡμερότητος.

1780 890 1802 908 et
1960 898 1970 914 ‹

1775 915 1865 948 on
1918 916 1972 948 Οι

1291 889 1498 963 ’Έγωγε
1513 935 1525 958 ,
1580 897 1686 969 ἔφη
1702 912 1714 924 ·

258 984 361 1051 μὲν
405 979 747 1054 γυμναστικῇ
803 974 1032 1050 άκράτῳ
1085 977 1425 1049 χρησάμενοι
1483 977 1814 1051 ἀγριώτεροι
1867 982 1970 1034 τοῦ

259 1069 487 1129 δέοντος
541 1061 981 1132 ἀποβαίνουσιν,
1055 1067 1109 1118 οἱ
1172 1065 1227 1116 δὲ
1283 1065 1518 1139 μουσικῇ
1586 1062 1972 1134 μαλακώτεροι

751 1144 772 1165 ss

260 1142 332 1205 αὖ
394 1153 680 1218 γίγνονται
739 1171 773 1214 η
831 1146 903 1213 ὡς
958 1146 1188 1202 κάλλιον
1233 1145 1444 1210 αὐτοῖς.

1534 1150 1647 1201 Καὶ
1691 1147 1805 1218 μὴν
1824 1189 1836 1212 ,
1899 1140 1970 1214 ἦν

259 1234 307 1290 δ’
368 1232 498 1305 ἐγώ,
556 1231 620 1288 τό
680 1253 739 1300 γε
795 1229 994 1307 ἄγριον
1038 1229 1102 1286 τὸ
1149 1234 1452 1302 θυμοειδὲς
1494 1227 1568 1286 ἄν
1612 1234 1712 1298 τῆς
1755 1230 1970 1308 φύσεως

377 1453 430 1497 D.
494 1454 579 1493 και
607 1451 1025 1523 σκληρότητος,
1071 1446 1131 1507 ἦν
1173 1448 1218 1493 δ’
1252 1448 1373 1506 ἐγώ,
1418 1453 1506 1492 καὶ
1537 1446 1600 1493 αὖ
1629 1454 1702 1506 μ.]
1734 1454 1880 1508 Vulgo
1903 1446 1968 1524 fin

264 1509 311 1551 δ’
342 1509 428 1564 ἐγώ
460 1517 560 1565 post
594 1506 857 1565 ημερότητος
888 1512 1198 1565 interponitur,
1237 1509 1354 1563 quod
1396 1523 1492 1551 cum
1539 1511 1740 1552 Bekkero
1781 1525 1836 1554 ex
1877 1513 1968 1554 eius

261 1569 392 1612 codd.
426 1569 517 1610 fere
549 1570 749 1610 omnibns
782 1572 960 1613 mutavi.
1021 1570 1153 1611 Aetio
1194 1570 1316 1621 plura
1358 1567 1424 1609 hic
1467 1569 1718 1610 conturbata
1765 1572 1967 1613 videban-

259 1634 355 1680 tur,
388 1627 574 1696 ideoque
607 1628 879 1669 scribendum
916 1630 1145 1669 censebat.
1186 1623 1458 1680 Ἀγριότητός
1496 1641 1537 1666 τε
1578 1642 1646 1667 και
1684 1629 1970 1684 σκληρότητος

260 1700 329 1725 και
377 1679 435 1726 αὖ
475 1686 683 1735 μαλακίας
725 1699 767 1725 τε
799 1701 866 1726 και
905 1682 1176 1739 ἡμερότητος.
1214 1682 1277 1725 ὅτι
1312 1699 1351 1724 οι
1382 1683 1458 1734 μὲν
1488 1709 1543 1714 —
1577 1681 1738 1728 αὐτοῖς.
1774 1689 1842 1729 καὶ
1871 1686 1967 1742 μήν,

261 1738 314 1798 ἦν
349 1741 392 1783 δ’
425 1741 532 1796 ἐγώ,
564 1742 615 1784 τό
646 1757 694 1797 γε
733 1741 888 1798 ἄγριον
917 1766 974 1775 —
1006 1741 1144 1793 εικός,
1185 1750 1232 1784 nt
1269 1740 1333 1783 ὅτι
1363 1748 1582 1796 spectaret
1613 1744 1668 1785 ad
1702 1760 1870 1801 praegr.
1905 1747 1967 1787 λέ-

259 1810 370 1856 γεις,
409 1814 464 1843 ex
503 1815 589 1855 quo
633 1815 762 1841 τοιτο
806 1799 886 1857 γὰρ
926 1802 1034 1857 λέγω
1076 1801 1312 1843 eruendum
1355 1805 1486 1842 esset.
1547 1801 1702 1854 Neque
1736 1804 1835 1846 mihi
1867 1807 1965 1848 olim

260 1864 382 1902 locus
415 1860 584 1914 integer
615 1860 867 1903 videbatur.
906 1873 1021 1903 nunc
1051 1872 1106 1901 ne
1136 1860 1345 1902 literulam
1378 1858 1548 1912 quidem
1584 1861 1680 1902 loco
1710 1863 1965 1906 movendam

256 1932 432 1961 censeo.

258 2103 354 2131 nem
395 2090 556 2144 recepit
602 2089 801 2130 Astius
853 2089 892 2130 in
935 2090 1074 2143 prima

256 2148 467 2190 editione.
544 2146 633 2188 Sed
679 2151 800 2188 recte
853 2149 1075 2200 optativus

260 2207 436 2259 ponitur
488 2206 554 2246 vel
607 2195 824 2257 praesenti
877 2211 1076 2259 tempore

262 2262 573 2314 antecedente,
615 2262 686 2303 ubi
725 2262 825 2304 nihil
866 2263 947 2303 nisi
981 2276 1073 2304 me-

262 2334 355 2362 rum
389 2321 575 2362 alicuius
609 2321 832 2361 consilium
860 2321 1075 2374 animique

262 2379 471 2432 cogitatio
514 2391 567 2420 ex
609 2379 705 2420 eius
751 2379 888 2432 ipsius
929 2385 1075 2420 mente

263 2437 550 2490 significatum
625 2436 869 2489 praesentis
928 2449 1071 2478 rerum

262 2493 521 2535 conditionis
562 2494 679 2539 ,ratio
721 2495 832 2535 nulla
876 2492 1073 2536 liabetur.

262 2552 321 2593 Et
358 2551 440 2594 hoc
478 2552 652 2605 quidem
706 2553 805 2593 loco
850 2553 1072 2603 optativus

260 2610 361 2651 ideo
412 2607 659 2661 adhibetur,
710 2610 808 2662 quia
866 2608 1072 2652 Socrates

259 2681 344 2709 non
377 2681 401 2710 e
433 2681 512 2709 sua
555 2668 690 2721 ipsius
732 2668 946 2709 sententia
979 2672 1070 2710 re'm

258 2726 403 2777 affert,
434 2724 511 2767 sed
547 2725 803 2775 consilium,
844 2725 960 2778 quod
992 2739 1069 2779 gy.-

257 2783 492 2825 mnastices
515 2782 765 2824 conditores
780 2783 950 2835 sequuti
968 2784 1069 2836 sint,

258 2854 312 2882 ex
343 2842 536 2895 ipsorum
571 2845 717 2883 mente
739 2840 911 2882 indicat.
952 2841 1069 2882 C'on-

259 2899 511 2941 structionis
547 2911 683 2953 genus
709 2898 838 2940 docta
870 2898 1069 2953 disputa-

259 2957 377 2998 tione
409 2969 656 3009 magnoque
686 2955 842 3010 ingenii
873 2959 1070 2998 acumine

258 3014 488 3055 illustravit
524 3048 526 3050 .
563 3014 861 3068 Reisigius
934 3007 1067 3056 Gom-

259 3076 411 3112 mentt.
453 3071 567 3113 critt.
609 3071 663 3113 ad
702 3071 912 3126 Sophocl.
955 3070 1067 3114 Oed.

260 3127 356 3168 Col.
398 3142 439 3181 p.
471 3129 557 3173 168
589 3143 681 3183 sqq.
767 3129 949 3172 Accedit
986 3127 1069 3170 hoc

260 3186 357 3226 loco
400 3184 518 3238 quod
561 3183 769 3240 praesens
811 3186 1068 3228 καθιστᾶσιν

254 3243 382 3285 simul
397 3245 703 3296 complectitur
719 3246 942 3297 praeteriti
956 3251 1064 3287 tem-

255 3300 377 3353 poris
409 3301 495 3342 vim
530 3306 574 3342 et
605 3301 976 3372 significationem.

313 3334 673 3399 διατίθενται
746 3354 913 3415 αυτὴν
974 3374 1066 3413 την

252 3414 544 3468 διάνοιαν]
624 3417 799 3471 ipsam
877 3424 1064 3460 mentem

1160 2087 1303 2142 (eben
1344 2100 1419 2129 am
1455 2087 1704 2141 Gciste)·
1747 2102 1843 2131 narn
1886 2090 1964 2132 nu·

1158 2149 1224 2187 ius
1255 2147 1394 2200 gratia
1427 2146 1620 2186 musicae
1651 2153 1695 2188 et
1727 2150 1965 2203 gymnasti-

1160 2218 1241 2246 cae
1283 2204 1555 2257 disciplinam
1605 2204 1847 2269 institutam
1898 2207 1962 2248 di-

1158 2267 1299 2304 xerat.

1218 2348 1271 2390 D.
1360 2343 1708 2402 Αγριότητός
1769 2365 1821 2390 τε
1880 2350 1964 2391 καὶ

1160 2406 1288 2458 ouh]
1322 2406 1394 2448 Ad
1427 2406 1505 2448 hos
1522 2408 1739 2459 genitivos
1768 2422 1821 2450 ex
1840 2414 1963 2450 ante-

1160 2464 1421 2506 cedentibus
1450 2464 1732 2517 repetendum
1756 2470 1824 2508 est
1854 2467 1963 2519 περί,

1159 2535 1238 2563 usu
1281 2523 1558 2565 creberrimo.
1594 2536 1633 2563 v.
1657 2523 1718 2571 ¹ad
1751 2523 1888 2578 Gorg.
1918 2539 1962 2578 p.

1158 2580 1258 2627 449.
1293 2579 1344 2621 E.
1378 2580 1582 2633 Sympos.
1601 2594 1642 2633 p.
1663 2581 1760 2625 202.
1787 2582 1834 2624 B.
1866 2582 1962 2624 Me-

1159 2651 1259 2680 non.
1302 2651 1343 2691 p.
1376 2637 1447 2682 80.
1478 2639 1527 2680 C.
1567 2638 1738 2681 Politic.
1784 2653 1828 2693 p.
1858 2638 1960 2685 268.

1158 2697 1210 2741 D.
1243 2695 1344 2740 295.
1377 2697 1429 2738 Β.
1487 2697 1553 2738 De
1587 2697 1858 2750 ingeniorum
1891 2698 1959 2740 di-

1158 2756 1385 2806 versitate,
1423 2767 1546 2807 quam
1587 2753 1653 2795 hic
1683 2757 1834 2798 statuit
1865 2754 1958 2809 plri-

1143 2811 1392 2865 ‘losophus,
1446 2825 1487 2853 v.
1538 2811 1713 2870 Politic.
1767 2826 1809 2867 p.
1858 2813 1960 2857 306.

1154 2871 1198 2911 A
1229 2882 1325 2923 sqq.

1208 2953 1430 3010 Ἔγωγε,
1478 2955 1602 3009 ἔφη·
1649 2950 1730 2994 ὅτι
1773 2955 1829 2996 οἱ
1865 2955 1961 3007 μὲν

1156 3022 1408 3068 γυμναστ.
1437 3013 1522 3066 -]
1553 3012 1654 3055 Non
1685 3021 1798 3065 erat,
1841 3014 1958 3083 quod

1154 3070 1261 3112 haec
1298 3071 1432 3112 verba
1475 3071 1514 3111 in
1547 3069 1710 3111 fraudis
1744 3072 1957 3139 suspicio-

1151 3141 1249 3170 nem
1277 3128 1615 3170 adducerentur.
1650 3127 1757 3169 Nam
1793 3123 1860 3170 ὅτι
1888 3141 1958 3171 re-

1151 3186 1292 3227 fertur
1308 3186 1362 3227 ad
1390 3186 1568 3227 verbum
1592 3186 1820 3238 remotius,
1839 3187 1956 3240 quod

1151 3252 1206 3285 ex
1234 3243 1595 3297 praecedentibus
1627 3242 1768 3285 denuo
1789 3245 1956 3286 intelli-

1149 3301 1336 3356 gendum
1383 3301 1649 3355 relinquitur.
1736 3301 1955 3355 Repeten-

1151 3358 1246 3401 dum
1288 3363 1355 3400 est
1395 3357 1546 3403 ἐννοῶ.
1618 3358 1813 3400 Similem
1856 3371 1950 3400 ora-

1149 3415 1275 3458 tionis
1334 3417 1519 3459 formam
1572 3415 1952 3459 animadvertimus

2092 3319 2098 3406 ἕ
