2106 3594
286 122 480 178 CXIV

286 266 490 338 dialogi
560 265 718 318 initio
785 264 1135 336 perspicuum
1201 271 1304 318 est.
1399 265 1587 332 Atque
1633 262 1774 316 hane
1817 261 1981 315 ratio-

285 358 409 393 nem
455 337 627 390 multa
673 346 805 390 sunt
854 354 995 405 quae
1041 354 1108 388 eo
1145 335 1366 407 egregie
1404 335 1654 388 muniunt
1691 341 1749 387 et
1785 333 1981 388 confir-

285 416 451 478 mant,
492 406 660 476 quod,
699 407 793 461 illa
815 408 1066 479 probata,
1103 424 1224 460 sese
1262 405 1518 460 videntur
1554 406 1755 459 habere
1793 405 1981 458 rectis-

283 481 430 536 sime.
515 479 689 546 Nam‚
740 486 804 532 ut
854 479 1087 549 primum
1140 478 1386 532 dicamus
1437 477 1505 531 de
1560 477 1763 549 Lysia,
1824 476 1981 530 euius

282 551 576 619 silentium,
624 557 687 603 ut
746 550 910 604 modo
971 549 1233 619 diximus,
1297 549 1556 603 excitavit
1614 547 1983 620 suspicionem

281 623 580 695 pueritiae,
629 619 860 676 interest
894 621 987 675 ille
1025 641 1155 676 sane
1207 621 1548 675 sermonibus
1604 620 1983 691 quadragena-

283 695 428 760 rius3
477 713 582 747 nec
616 702 802 747 tamen
839 693 1147 747 mirandum
1184 701 1289 760 est,
1331 691 1481 762 quod
1518 691 1702 745 rhetor
1738 690 1982 760 SiculuS‚

279 766 600 838 praesertim
645 784 836 820 recens
885 765 1127 834 advena,
1175 765 1410 818 illorum·
1440 765 1660 816 minime
1706 765 1984 835 particeps

283 839 376 907 fit,
428 857 596 907 quum
631 837 730 890 uni
768 837 872 890 arti
907 837 1212 891 rhetoricae
1251 855 1472 908 operam
1511 834 1752 902 dederit,
1793 855 1827 888 a
1863 835 1983 906 phi-

281 909 534 980 losophia
578 909 740 981 plane
787 909 997 964 alienus
1045 909 1336 976 manserit,
1398 908 1562 960 sicuti
1613 926 1680 960 ex
1727 906 1983 960 Phaedro

280 981 502 1053 dialogo
535 980 876 1052 intelligitur.
951 982 1147 1051 Itaque
1194 980 1354 1033 Plato
1392 979 1500 1032 isto
1538 978 1773 1033 hominis
1820 978 1983 1032 silen-

279 1054 358 1106 tio
395 1053 708 1124 designavit
736 1053 854 1106 eius
889 1053 1172 1124 ingenium
1222 1071 1255 1104 a
1289 1049 1715 1122 philosophandi
1749 1069 1982 1104 consue-

280 1124 473 1178 tudine
509 1124 767 1190 alienius;
805 1124 956 1195 quod
1003 1144 1102 1178 eur
1146 1124 1226 1176 ita
1262 1123 1484 1192 fecerit,
1534 1123 1592 1175 in
1630 1121 1983 1194 Prolegome·

280 1196 366 1250 nis
410 1194 482 1249 ad
534 1195 848 1249 Phaedrum
905 1195 1276 1267 exposuimus.
1363 1195 1451 1248 Ae
1501 1194 1693 1248 similis
1749 1195 1984 1247 fortasse

280 1268 420 1322 ratio
459 1274 544 1322 est
578 1267 933 1340 Euthydemi‚
974 1267 1198 1321 alterius
1237 1266 1444 1338 Lysiae
1480 1265 1663 1320 fratris
1684 1306 1700 1334 .,
1736 1266 1827 1320 cui
1863 1264 1986 1335 phi-

279 1339 547 1410 losophus
593 1346 650 1392 et
694 1340 714 1392 i
754 1339 802 1392 si
850 1347 1056 1392 mutam
1107 1357 1397 1410 personam
1444 1338 1712 1391 attribuit.
1785 1337 1984 1406 Itaque

282 1411 350 1464 de
401 1411 573 1483 Lysia
618 1359 841 1480 quigem
876 1411 1014 1464 nihil
1051 1419 1137 1464 est
1173 1429 1259 1463 am
1299 1410 1407 1464 lius
1446 1409 1595 1479 quod
1633 1409 1799 1462 alicui
1834 1416 1984 1462 reete

320 1483 458 1536 ossit
490 1482 807 1552 scrupulum
857 1482 1100 1536 iniicere.
1174 1482 1248 1535 Vi
1291 1500 1476 1536 eamus
1514 1481 1687 1552 igitur
1721 1481 1883 1534 etiam
1915 1479 1985 1534 de

279 1503 528 1610 1goaram.
616 1554 674 1607 Is
723 1573 858 1607 vero
906 1553 1130 1627 Olymp.
1166 1551 1334 1607 XCll.
1373 1553 1423 1606 2.
1464 1553 1567 1606 fuit
1603 1553 1719 1606 fere
1756 1571 1984 1626 sexage-

280 1626 485 1680 narius.
569 1623 697 1693 Qua
743 1633 924 1679 aetate
963 1645 1124 1679 nemo
1163 1633 1248 1679 est
1284 1625 1418 1695 quin
1455 1632 1653 1695 sponte
1690 1623 1878 1678 videat
1914 1624 1984 1679 ab

281 1717 347 1751 eo
385 1705 441 1751 et
476 1697 827 1768 gravissimas
871 1697 994 1752 illas
1032 1697 1099 1751 de
1137 1697 1372 1751 hominis
1414 1704 1471 1750 et
1509 1696 1748 1750 civitatis
1786 1704 1986 1751 natura

280 1776 448 1838 atque
472 1769 866 1822 constitutione
894 1769 1293 1841 disputationes
1327 1768 1532 1838 suscipi
1571 1775 1626 1820 et
1649 1767 1982 1838 colloquium

281 1839 407 1895 eum
458 1838 707 1911 Cephalo
755 1839 824 1894 de
875 1841 1176 1895 senectutis
1225 1839 1495 1894 molestiis
1531 1839 1620 1892 vel
1681 1838 1983 1894 commodis

282 1911 495 1966 institui
548 1912 812 1983 potuisse.
898 1912 1021 1966 Nee
1071 1931 1203 1966 vero
1251 1911 1337 1964 his
1387 1910 1727 1965 sermonibus
1774 1912 1983 1965 ineom-

280 1983 442 2037 mode
490 1980 696 2036 Critias
745 1991 1000 2036 narratur
1042 1982 1265 2037 affuisse
1313 1990 1506 2054 utpote
1555 1989 1611 2036 et
1645 1982 1765 2054 ipse
1799 1983 1982 2054 reipu-

282 2055 456 2109 blicae
513 2055 725 2126 peritus
776 2061 832 2108 et
888 2053 1106 2110 Socrati
1154 2055 1267 2108 fere
1304 2062 1488 2108 aetate
1526 2073 1642 2125 par.
1715 2053 1851 2108 Fuit
1884 2074 1981 2109 au-

281 2133 389 2180 tem
441 2126 606 2179 etiam
643 2134 761 2179 tum
813 2126 870 2179 in
905 2126 1064 2194 vivis,
1108 2125 1555 2196 quandoquidem
1591 2145 1715 2180 eum
1757 2125 1980 2199 Olymp.

278 2196 493 2254 XCIV.
547 2201 593 2250 1.
625 2215 726 2246 =
763 2200 887 2252 404.
932 2217 982 2251 a.
1034 2197 1164 2251 Chr.
1211 2218 1266 2250 n.
1303 2198 1547 2252 occisum
1586 2217 1704 2252 esse
1745 2206 1980 2252 constat.

279 2290 331 2324 v.
379 2268 694 2340 Xenoph.
744 2269 890 2322 Hell.
943 2270 996 2324 ll.
1047 2272 1115 2338 4,-
1176 2272 1261 2323 12.
1318 2269 1578 2324 Justin.
1615 2270 1687 2323 V.
1726 2271 1778 2323 9.
1816 2270 1980 2324 sicuti

276 2341 443 2394 etiam
479 2338 549 2393 de
586 2341 851 2395 Nicerato
889 2348 949 2394 et
983 2339 1344 2395 Polemareho
1374 2341 1667 2395 memoriae
1700 2341 1980 2413 proditum

280 2420 384 2480 est,
425 2431 566 2481 quos
602 2412 930 2484 Xenoph.
971 2412 1188 2466 Hellen.
1228 2412 1301 2465 11.
1342 2414 1395 2482 3,
1452 2414 1536 2466 39.
1611 2413 1764 2484 Lys.
1804 2422 1978 2468 contr.

280 2483 533 2539 Poliuch.
593 2503 648 2554 p.
709 2485 828 2539 602.
891 2483 1082 2539 Reisk.
1141 2484 1272 2537 Dio
1290 2484 1371 2537 do
1389 2505 1433 2537 r.
1498 2483 1631 2539 Sic.
1695 2485 1861 2539 XIV.
1925 2487 1976 2541 5.

279 2555 644 2608 Plutarch.
686 2554 755 2609 de
792 2574 890 2609 esu
925 2574 1074 2610 carn.
1112 2556 1190 2609 II.
1227 2558 1279 2608 4.
1347 2556 1482 2629 Lys.
1519 2575 1566 2610 e.
1603 2556 1887 2611 Eratosth.
1921 2578 1976 2629 p.

280 2628 403 2680 394.
452 2627 583 2680 item
631 2645 680 2681 a.
717 2629 841 2682 404.
878 2643 926 2680 a.
967 2626 1099 2681 Chr.
1137 2647 1188 2680 n.
1227 2628 1457 2700 periisse
1495 2636 1732 2685 narrant.
1807 2626 1977 2695 Quod

279 2717 412 2753 vero
474 2699 735 2752 Timaeus
795 2705 849 2751 et
896 2699 1286 2754 Hermocrates
1345 2699 1487 2752 Tim.
1547 2718 1602 2769 p.
1666 2701 1751 2753 20.
1824 2698 1888 2754 C.
1945 2720 1979 2754 a

279 2769 456 2823 Critia
491 2769 749 2824 dicuntur
782 2769 1023 2842 hospitio
1059 2772 1232 2826 fuisse
1269 2771 1512 2840 excepti3
1551 2769 1774 2843 Olymp.
1808 2770 1978 2827 XCll.

280 2844 330 2896 2.
381 2861 489 2895 τε,
532 2844 656 2895 411.
705 2861 753 2897 a.
805 2840 957 2896 Chr.
994 2862 1051 2897 n.
1108 2862 1221 2898 non
1276 2841 1442 2896 modo
1489 2839 1694 2896 Critias
1741 2842 1979 2898 Athenis

277 2920 645 2967 commoratus
696 2919 808 2983 est,
847 2915 958 2984 qui
999 2914 1288 2969 decretum
1344 2912 1413 2966 de
1471 2913 1763 2968 Alcibiade
1822 2933 1978 2968 revo—

278 2983 486 3067 canda,
534 2984 722 3066 statim
763 2994 892 3057 post
927 2986 1257 3069 abrogatum
1295 2982 1550 3052 Quadi-in
1591 2991 1841 3039 entorum
1878 2985 1977 3040 im-

276 3062 798 3184 ἷὲῗὲῒῑεῗίἓῖιὲἓῗ
821 3053 1479 3202 ἒὲῗῗῗῖἇαζὶνξὴρῖῧιῖοά
1518 3055 1976 3182 οςῗιὶὲῖὲὲἷῖιῗηῖ

277 3198 561 3270 profectus
578 3197 918 3271 (Xenoph.
941 3198 1090 3254 Hell.
1108 3198 1169 3254 ll.
1186 3201 1240 3263 3,
1256 3199 1383 3264 36.);
1409 3216 1469 3252 se
1536 3198 1700 3252 etiam
1719 3199 1976 3254 Timaeus

275 3277 332 3325 et
342 3269 734 3324 Hermocrates
749 3288 814 3324 eo
827 3277 1073 3343 tempore
1089 3269 1326 3325 Athenis
1337 3269 1593 3324 videntur
1612 3289 1734 3325 esse
1752 3272 1975 3339 versati,

277 3341 440 3397 sicuti
465 3339 829 3396 Boekhius
867 3340 1172 3397 Comment.
1197 3340 1244 3396 I.
1272 3361 1325 3413 p.
1359 3341 1406 3397 6.
1447 3359 1531 3412 sq.
1559 3360 1628 3396 ex
1665 3341 1972 3414 Thucyd.
