2098 3658
165 1011 218 1063 D
262 1019 506 1072 Ναυτῶν
550 1015 758 1089 ἄρχων.

256 119 319 170 72
867 113 1340 170 PL-ATONIS

169 260 214 312 C
252 263 369 327 οἶός
426 263 459 314 τ’
514 255 590 337 ᾗς.

686 263 800 318 Οὶέι
842 261 951 335 γὰρ
1005 259 1079 320 ἄν
1119 285 1214 333 με,
1259 262 1449 325 εἷπον,
1497 258 1639 316 οὕτω
1683 264 1948 330 μανῆναι,

252 345 384 412 ὥςτε
429 348 608 415 ξυρεῖν
653 351 938 418 ἐπιχειρεῖν
985 351 1181 403 λέοντα
1210 350 1300 401 καὶ
1329 354 1698 419 συκοφαντεῖν
1728 345 1947 415 Θρασύ-

252 451 463 502 μαχον;
537 430 662 483 Νῦν
719 432 885 499 γοῦν,
940 436 1069 506 ἔφη,
1113 435 1485 502 ἐπεχείρησας,
1530 428 1693 483 οὐδὲν
1735 426 1814 483 ὢν
1859 432 1950 483 καὶ

255 517 453 568 ταῦτα.

529 510 733 579 ”Αδην,
797 506 864 581 ἦν
907 513 950 570 δ’
991 513 1136 585 mi,
1185 536 1295 568 των
1339 511 1628 569 τοιούτων.
1672 511 1786 566 ἀλλ’
1839 518 1953 568 εἰπέ

254 617 375 668 μοι·
421 594 451 652 ὁ
498 585 575 667 τῷ
622 595 839 668 ἀκριβεῖ
884 598 1033 668 λάρῳ
1073 598 1290 670 ἰατρός,
1332 595 1398 652 ὃν
1435 595 1564 669 ἄρτι
1610 600 1805 664 ἔλεγες,
1851 595 1954 650 πό-

264 701 427 751 τερον
480 701 856 781 χρηματιστὴς
912 689 1082 748 ἐστιν,
1139 679 1172 750 ἢ
1233 705 1343 737 των
1403 678 1731 751 καμνόντων
1776 684 1955 749 θερα-

265 762 498 832 πευτής;
560 769 649 821 καὶ
712 770 828 837 λέγε
887 765 987 822 τὸν
1044 769 1120 835 τῷ
1177 763 1298 821 ’όντι
1342 764 1538 834 ἰατρὸν
1581 761 1739 819 ὅιτα.

257 847 602 919 καμνόντων,
653 854 776 924 ἔφη,
826 851 1196 921 θεραπευτής.

1832 767 1956 820 Ίῶν

1295 850 1366 904 Τι’
1411 852 1467 904 δὲ
1510 847 1847 919 κυβερνήτης
1865 869 1883 915 3
1925 846 1953 902 ὁ

258 932 457 1004 ὀρθῶς
509 932 848 1006 κυβερνήτης
907 938 1127 998 ναυτῶν
1183 931 1368 1005 ἄρχων
1414 938 1590 996 ἐστίν,
1638 931 1669 999 ἢ
1717 932 1956 1001 ναύτηςς

850 1018 1055 1086 Οὐδὲν,
1105 1018 1276 1089 οἶμαι,
1329 1021 1495 1073 τοῦτο
1542 1014 1958 1085 ὑπολογιστέον,

355 1168 426 1209 -C.
479 1166 654 1222 ’Ἀδην,
687 1163 822 1224 ἦνδ’
852 1169 906 1225 ἐγ
917 1167 975 1220 ω’,
992 1174 1008 1220 ]
1043 1169 1240 1212 SicPar.
1260 1172 1315 1210 A.
1351 1171 1453 1211 Vat.
1489 1167 1538 1210 Θ.
1570 1170 1682 1209 Ven.
1716 1166 1770 1209 H.
1805 1168 1958 1210 Ambr

259 1225 380 1267 Flor.
401 1240 441 1267 a.
462 1227 502 1266 b.
520 1243 553 1267 c.
574 1241 617 1268 Χ.
652 1242 693 1268 α.
725 1228 758 1281 β
805 1225 857 1283 γ’.
892 1230 1062 1281 Vulgo.
1089 1225 1260 1281 Ἄδδην.
1292 1242 1335 1268 v.
1370 1229 1510 1280 intpp.
1542 1227 1599 1267 ad
1630 1225 1819 1278 Gregor.
1855 1223 1956 1266 Cor.

258 1297 301 1336 p.
331 1284 431 1328 323.
463 1286 531 1328 ed.
564 1285 787 1329 Schaefer.
849 1287 959 1327 Mox
990 1287 1124 1338 vulgo
1156 1287 1411 1327 distinctum
1443 1290 1560 1328 erat:

260 1338 391 1395 νήτης
421 1337 445 1382 ὁ
479 1337 633 1396 ὀρθῶς
663 1358 700 1383 κ.

263 1469 407 1521 λέμιοι.
468 1471 764 1512 Rarissimam
805 1485 902 1513 esse
938 1485 1067 1512 usum

262 1531 507 1580 praesentis
538 1531 772 1581 temporis,
813 1531 1067 1570 observavit

265 1587 567 1627 Elmsleius
599 1588 657 1627 ad
703 1586 861 1640 Oedip.
894 1587 991 1628 Col.
1023 1601 1067 1630 V.

266 1644 394 1687 1024.
437 1645 512 1696 qui
551 1646 773 1697 quomodo
813 1646 868 1686 ab
900 1647 1067 1686 aoristo

267 1709 310 1743 et
355 1703 505 1743 futuro
558 1703 759 1754 differat,
813 1704 1067 1756 disputavit.

264 1761 516 1802 Herman.
558 1762 616 1800 ad
654 1759 764 1800 Oed.
808 1761 904 1801 Col.
958 1763 986 1801 1.
1028 1774 1064 1802 c.

263 1817 358 1858 Nos
393 1819 430 1858 si
473 1819 615 1871 audis,
646 1818 770 1859 illum
804 1820 849 1859 in
886 1820 941 1859 iis
972 1825 1068 1859 tan-

266 1882 359 1916 tum
392 1876 540 1915 verbis
571 1876 799 1916 ferendum
833 1877 1068 1927 iudicabis,

265 1946 376 1986 quae
387 1934 570 1986 propria
580 1934 735 1974 aoristi
748 1934 890 1974 forma
903 1940 1068 1983 carent,

265 1992 384 2044 quod
417 1994 548 2030 etiam
581 1992 627 2030 in
650 1992 829 2031 verbum
851 1989 1071 2031 δύνασθαι

264 2054 446 2095 eatenus
494 2050 722 2099 convenit,
768 2050 887 2100 quod
928 2051 1068 2090 Attici

264 2119 355 2147 non
403 2108 610 2147 dixerunt
670 2102 943 2158 δυνήσωμαι,
992 2109 1070 2148 sed

263 2165 412 2217 potius
427 2161 624 2216 δυνηθῶ.
655 2165 792 2216 Apud
805 2165 1072 2217 Sophoclem

264 2223 294 2262 l.
327 2235 364 2262 c.
398 2217 660 2272 ἐπεύχωνται
691 2222 926 2262 soloecum.

325 2278 375 2320 C.
396 2278 582 2331 ξυρεῖν
600 2276 905 2332 ἐπιχειρεῖν
925 2279 1071 2321 λέον-

267 2337 352 2389 τα]
403 2337 696 2378 Scholiastes:
748 2339 952 2408 παροιμία
1004 2336 1071 2378 ἐπὶ

271 2395 355 2435 τῶν
395 2388 497 2434 καθ’
537 2392 703 2434 ἑαυτῶν
746 2409 781 2435 τι
823 2392 849 2449 ἢ
879 2391 1073 2436 α’δύνατα

270 2456 408 2493 ποιεῖν
466 2449 800 2505 ἐπιχειρούντων
854 2453 1072 2508 λεγομένη.

264 2511 417 2552 Latini
436 2511 540 2550 item
559 2511 710 2550 dieunt
739 2512 962 2552 leonem
992 2526 1072 2553 ra-

266 2569 402 2610 dere
446 2569 518 2608 vel
563 2569 822 2611 tondere.
888 2571 1073 2611 Prover-

268 2627 390 2666 bium
421 2627 699 2666 illustrarunt
727 2629 970 2679 Apostol.
994 2628 1074 2677 lx,

265 2684 339 2726 32.
381 2684 588 2724 Erasm.
631 2678 821 2727 Chiliad.
854 2685 915 2725 ΙΙ.
947 2686 1073 2726 Ceut.

264 2741 306 2786 5.
346 2745 385 2794 ἓ.
424 2741 493 2785 11.
531 2742 585 2783 al.
647 2741 715 2783 Ob
757 2744 908 2784 oculos
958 2745 1075 2784 hunc

264 2800 410 2839 locum
427 2800 583 2839 habuit
611 2800 655 2839 A
670 2801 745 2840 ris
761 2806 777 2839 t
791 2802 844 2840 id
858 2815 911 2842 es
932 2802 1071 2843 Oratt.

272 2857 387 2897 Plat.
433 2858 496 2897 11.
536 2871 579 2909 p.
625 2857 722 2927 143.
764 2854 871 2897 ὥ9θ’
906 2856 988 2912 ὅρα
1017 2856 1073 2930 μὴ

270 2913 419 2954 λέοντα
471 2914 616 2967 ξυρεῖν
670 2914 966 2968 ἐπιχειρῶμεν,
1019 2932 1074 2957 ου

275 2968 559 3041 Θρασύμαχος
603 2979 892 3024 συκοφαντεῖν
922 2973 1073 3026 επιχει-

270 3029 463 3081 ροῦντεθ,
489 3025 591 3069 αλλὰ
612 3029 830 3084 κωμῳδεῖν
850 3030 1073 3086 Περικλέα,

271 3093 317 3126 ut
348 3089 578 3127 annotavit
610 3089 816 3129 Astius.

328 3138 492 3183 ουδὲν
525 3140 597 3183 ὢν
629 3146 717 3185 καὶ
740 3161 797 3186 τα
814 3148 941 3200 υτα.]
961 3147 1073 3189 Sal-

271 3202 463 3242 vinius
494 3202 681 3243 Miscell.
706 3202 835 3244 obss.
862 3206 906 3244 V.
940 3207 986 3245 Ρ.
1022 3206 1071 3246 Η.

269 3272 310 3311 p.
325 3259 427 3302 279.
450 3261 699 3310 corrigebat
726 3256 856 3301 οὐδὲν
883 3258 936 3302 ὂν
967 3264 1011 3316 (i.
1038 3276 1074 3303 e.

271 3311 458 3357 οὐδενὸς
489 3313 633 3370 ὄντος)
660 3319 728 3357 καὶ
762 3315 950 3362 tonitam:
987 3333 1075 3371 quo

270 3375 380 3415 nihil
416 3375 608 3427 ineptius
641 3378 883 3427 excogitari
916 3380 1073 3429 potuit.

1615 1282 1671 1325 Τι’
1698 1282 1769 1332 δέ,·
1801 1283 1957 1337 κυβερ-

1152 1466 1293 1513 Οὔδὲν
1324 1465 1433 1512 εἶναι
1465 1472 1671 1513 dicuntur
1701 1471 1958 1511 homines

1147 1530 1321 1569 nihili
1355 1530 1627 1570 faciendi.
1689 1529 1813 1569 Infra
1842 1529 1960 1571 Vlll.

1148 1601 1191 1639 p-
1236 1587 1337 1631 556.
1382 1587 1442 1626 Ι).
1483 1583 1639 1639 ἄνδρες
1674 1582 1875 1642 ἦμέτεροί
1900 1585 1958 1626 εἰ-

1152 1658 1220 1685 σιν
1266 1638 1458 1684 ου’δένε
1524 1645 1630 1686 lbid.
1669 1659 1712 1698 p.
1755 1643 1855 1688 562-
1889 1643 1958 1688 D:

1154 1703 1529 1756 προπηλακίζει-
1558 1698 1618 1743 ὥς
1650 1699 1783 1743 ουδὲν
1817 1698 1869 1742 ὅν
1873 1712 1961 1742 τας.

1153 1762 1355 1813 S>mpos.
1397 1774 1439 1813 p.
1468 1760 1590 1803 216.-
1611 1762 1676 1806 E:
1714 1756 1873 1813 ἡγεῖται
1905 1783 1960 1790 --

1158 1814 1267 1871 ἡμᾶς
1307 1813 1440 1859 οὐδὲν
1475 1812 1598 1858 εἶναι.
1670 1817 1958 1869 Aristoph.

1151 1877 1320 1917 Eccles.
1362 1890 1405 1916 v.
1458 1875 1554 1919 144.
1597 1871 1651 1916 σὺ
1697 1875 1774 1926 μὲν
1813 1870 1961 1927 βάδιζε

1153 1934 1222 1974 καὶ
1254 1933 1450 1986 κάθησο·
1485 1928 1616 1973 ουδὲν
1646 1931 1727 1986 γὰρ
1765 1928 1815 1975 εἶ,
1856 1933 1961 1974 Ho-

1154 1997 1248 2032 rat.
1281 1991 1392 2033 Sat.
1423 1992 1487 2032 11.
1523 1991 1692 2037 7.102.
1727 1991 1821 2031 Nil
1853 2004 1960 2043 ego

1155 2051 1309 2103 (sum),
1354 2051 1399 2091 si
1461 2051 1635 2090 ducor
1696 2050 1811 2090 libo
1875 2049 1961 2088 fu-

1154 2114 1297 2147 mant
1310 2121 1347 2147 e.
1379 2107 1537 2159 Itaque
1551 2108 1775 2151 hoodicit:
1799 2121 1824 2158 q
1842 2120 1962 2147 uum

1155 2167 1327 2206 etiam
1358 2166 1412 2204 in
1443 2166 1574 2206 istis
1615 2166 1766 2216 (etiam
1808 2165 1964 2205 harum

1154 2237 1299 2264 rerum
1344 2223 1495 2263 habita
1547 2222 1738 2274 ratione)
1789 2223 1963 2263 nihili

1155 2282 1545 2322 aestimandus
1577 2282 1666 2321 sit.
1710 2279 1964 2328 Quodsane

1155 2339 1319 2392 agresti
1349 2340 1589 2379 rusticitati
1628 2339 1736 2379 boni
1768 2338 1962 2390 Thrasy-

1157 2397 1300 2438 machi
1332 2398 1461 2467 plane
1491 2403 1560 2438 est
1590 2397 1877 2438 conveniens.

1217 2449 1315 2494 ἀλλ’
1354 2449 1472 2494 εἶπέ
1517 2466 1634 2504 μοι·
1679 2447 1702 2493 ὁ
1744 2454 1814 2507 τῷ
1854 2448 1964 2506 ἅκρ.

1162 2513 1216 2566 L]
1291 2512 1581 2554 Refutaturus
1641 2511 1965 2564 Thrasymachi

1157 2572 1419 2612 sententiam
1467 2570 1530 2610 sic
1564 2570 1657 2611 fere
1686 2574 1964 2622 argumenta·

1156 2635 1243 2669 tur.
1333 2629 1638 2680 Unaquaeque
1704 2641 1802 2678 ars,
1853 2639 1965 2680 quae

1157 2692 1276 2728 recto
1328 2687 1597 2738 appellatur,
1645 2698 1734 2726 non
1786 2685 1966 2726 aliunde

1159 2757 1374 2796 suspensa
1412 2749 1478 2784 est
1514 2756 1658 2796 neque
1698 2744 1811 2784 alius
1856 2743 1964 2783 artis

1162 2804 1329 2843 auxilio
1371 2803 1442 2842 vel
1482 2814 1565 2854 ope
1611 2801 1791 2852 indiget.
1851 2799 1965 2840 Nam

1159 2862 1244 2905 hoc
1271 2860 1398 2899 unice
1430 2860 1470 2899 ei
1501 2859 1777 2911 propositum
1807 2863 1886 2904 est,
1917 2864 1966 2896 ut

1158 2920 1213 2958 iis
1231 2917 1388 2958 afferat
1409 2918 1594 2957 salutem
1613 2921 1689 2956 aut
1718 2916 1964 2963 utilitatem,

1157 2987 1346 3028 quorum
1376 2986 1509 3014 eausa
1536 2975 1718 3014 inventa
1737 2978 1817 3014 est.
1884 2971 1964 3012 Ve-

1158 3034 1241 3072 luti
1286 3045 1358 3072 ars
1397 3032 1567 3071 medica
1602 3043 1694 3071 non
1740 3031 1826 3071 sibi
1878 3031 1966 3082 ipsi

1160 3090 1372 3139 consulit,
1417 3089 1495 3129 sed
1532 3089 1718 3130 inservit
1764 3089 1975 3140 corporis.

1161 3147 1405 3188 valetudini
1431 3147 1759 3187 conservandae
1791 3151 1868 3186 aut
1897 3158 1964 3186 re-

1161 3205 1432 3253 stituendae3
1479 3217 1551 3244 ars
1600 3204 1835 3255 pastoritia
1875 3216 1965 3243 non

1161 3275 1214 3303 eo
1261 3266 1452 3314 spectat,
1503 3267 1551 3300 ut
1596 3263 1682 3301 sibi
1735 3262 1964 3302 commoda

1162 3331 1292 3372 quam
1344 3319 1533 3370 plurima
1589 3324 1832 3371 comparet,
1886 3319 1964 3359 sed

1162 3378 1309 3430 gregis
1341 3377 1471 3417 saluti
1508 3377 1746 3430 prospicit3
1777 3389 1847 3418 ars
1879 3389 1959 3427 gu-
