2106 3594
1548 165 1799 222 LXVII*

74 312 235 366 huius
274 313 580 366 sententiae
608 308 971 382 explorationi
1010 327 1043 361 a
1080 307 1331 378 Socrate,
1370 306 1651 378 aliquanto
1685 304 1780 361 illo

74 391 256 438 aetate
292 385 519 451 minore,
557 401 709 437 more
746 400 847 435 suo
883 380 1171 435 institutae
1208 386 1435 453 propter
1474 376 1782 451 grandioris

35 456 37 463 '
74 456 271 509 aetatis
298 455 729 509 imbecillitatem
755 453 933 524 impar
953 453 1042 521 sit,
1072 471 1231 506 sacra
1253 452 1502 507 facturus
1525 448 1780 517 discedit,

73 535 243 597 atque
279 533 344 580 ut
387 542 500 580 non
557 527 671 596 jam
717 542 1041 578 reversurus
1100 522 1426 578 disserendi
1452 523 1783 594 partesfftrae

74 598 159 652 dit
215 597 579 653 Polemarcho
633 596 780 665 filio,
834 614 997 666 quem
1035 614 1104 648 ex
1153 595 1412 649 Phaedro
1439 615 1503 666 p.
1542 595 1665 648 257..
1714 591 1787 648 Β..

75 670 326 725 novimus
371 668 444 722 ad
494 667 880 742 philosophiae
917 666 1106 721 studia
1140 667 1479 735 incubuisse,
1513 683 1616 718 nec
1651 682 1785 722 vero

74 742 308 814 Lysiae,
359 741 476 795 eius
511 741 686 809 fratri,
725 747 916 811 utpote
966 759 999 792 a
1037 736 1479 810 philosophando
1517 735 1783 807 alieniori,

75 813 239 867 sicuti
299 811 543 866 indidem
603 812 907 866 certissime
969 818 1203 864 constat.
1288 808 1551 863 .Disserit
1616 807 1787 879 igitur

74 883 471 939 Polemarchus
531 882 731 937 deinde
792 882 1048 938 subtilius
1100 901 1225 936 cum
1261 879 1502 937 Socrate.
1530 878 1598 938 de
1638 878 1789 938 viaet

77 964 275 1011 natura
319 956 582 1010 iustitiae.
681 954 795 1010 Sed
858 952 1318 1025 quemadmodum
1363 951 1610 1023 parentis
1661 969 1787 1009 sen-2,

74 1028 306 1081 tentiam
344 1047 456 1081 non
493 1028 630 1083 satis
669 1027 809 1082 bene
845 1033 1049 1095 tuetur,
1087 1027 1167 1079 ita
1202 1043 1306 1079 nec
1330 1025 1512 1080 varias
1545 1021 1788 1076 iustitiae

78 1098 446 1169 definitioneS,
485 1118 625 1170 quas
661 1100 780 1171 ipse
820 1097 1082 1169 deinceps
1119 1097 1514 1168 profert,⁴zcum
1553 1093 1787 1166 Cephali

75 1171 350 1226 sententia
387 1179 684 1244 cognatas,
734 1170 805 1225 ab
844 1170 1020 1223 acutis
1060 1168 1310 1225 Socratis
1346 1165 1789 1221 dubitationibus

74 1242 359 1298 vindicare
397 1262 463 1297 ac
512 1242 804 1298 defendere
853 1249 1054 1314 potest.
1146 1241 1312 1295 Licet
1359 1239 1505 1293 enim
1554 1235 1789 1292 subinde

75 1334 266 1370 verum
319 1323 642 1387 rectumque
693 1315 956 1386 attingat,
1018 1321 1204 1369 tamen
1257 1324 1434 1381 usque
1497 1310 1657 1381 quasi
1720 1308 1789 1365 de

77 1394 229 1442 statu
264 1406 365 1442 suo
403 1387 660 1442 deiicitur
697 1395 865 1457 atque
903 1383 1605 1454 adversarioquantumvis
1627 1399 1791 1452 saepe

76 1459 274 1513 leviter
319 1459 567 1513 velitanti
605 1461 791 1532 potius
843 1477 1009 1528 quam
1045 1458 1190 1512 serio
1221 1456 1491 1528 pugnanti
1530 1474 1632 1525 per
1671 1473 1786 1509 om-

81 1531 175 1586 nia
221 1530 530 1585 concedere
579 1532 814 1603 cogitur.
898 1529 1171 1583 Nimirum
1221 1528 1422 1582 ductae
1472 1533 1601 1583 sunt
1654 1543 1791 1594 quas

83 1602 173 1656 ille
212 1603 424 1674 profert
460 1601 531 1655 de
569 1602 782 1657 institia
818 1601 1125 1654 sententiae
1163 1618 1352 1653 omnes
1393 1618 1461 1652 ex
1496 1617 1608 1652 uno
1641 1597 1791 1650 vitae

82 1693 186 1729 usu
222 1682 388 1743 atque
424 1693 607 1728 rerum
646 1672 1002 1745 experientia,
1044 1680 1103 1726 ut
1140 1690 1320 1726 merae
1356 1671 1474 1725 sint
1511 1668 1792 1741 opinio*-

84 1764 206 1800 nes
244 1744 459 1813 (δόξαι,
503 1764 642 1815 quas
679 1746 844 1799 Plato
881 1763 1081 1797 vocare
1118 1743 1284 1813 solet)
1323 1761 1502 1812 neque
1541 1741 1612 1794 ad
1660 1739 1793 1796 sci-

80 1817 323 1872 entiae
361 1817 738 1887 (ἐπιστήμης)
787 1815 1100 1869 firmitatem
1137 1822 1193 1867 et
1230 1813 1596 1869 constantiam
1635 1829 1795 1866 acce-

82 1888 254 1958 dant,
328 1887 506 1959 qualis
562 1888 796 1942 Platone
857 1886 1042 1940 iudice
1095 1885 1166 1939 ad
1224 1886 1472 1943 veritatis
1520 1882 1794 1956 cognitio·

83 1980 209 2015 nem
254 1961 446 2030 utique
498 1961 811 2030 requiritur.
898 1957 1271 2026 Quamobrem
1329 1976 1433 2012 nec
1505 1955 1796 2013 dialectica

82 2032 394 2101 subtilitas,
445 2052 554 2103 qua
619 2030 985 2086 Polemachus
1036 2029 1234 2102 pollet,
1289 2029 1362 2085 ad
1396 2029 1519 2084 illas
1556 2026 1795 2082 tuendas

81 2105 217 2159 satis
252 2104 420 2173 valet,
455 2104 780 2176 praesertim
817 2121 986 2173 quum
1016 2109 1080 2156 -et
1100 2103 1224 2174 ipsa
1247 2101 1472 2156 haereat
1498 2100 1565 2154 in.
1595 2100 1796 2161 riman-5·

85 2175 176 2230 dis
211 2177 378 2231 rebus
415 2176 668 2248 singulis,
707 2193 890 2247 neque
928 2173 999 2228 ad
1037 2193 1353 2228 communes
1391 2173 1590 2228 mentis
1615 2171 1795 2226 notio-

85 2266 184 2303 nes
221 2255 390 2318 atque
425 2266 606 2302 rerum
643 2267 744 2319 per
779 2267 838 2302 se
876 2253 1247 2318 spectatarum
1283 2246 1552 2318 imagines
1592 2245 1795 2316 (ἰδέας)

89 2320 391 2375 attollatur.
476 2320 676 2390 Itaque
727 2318 1019 2374 dialectica
1051 2317 1425 2390 disputatione
1449 2317 1581 2372 satis
1611 2316 1796 2387 longa,

85 2400 145 2445 et
205 2391 279 2447 ad
325 2411 443 2446 eam
495 2394 788 2459 rationem,
850 2409 1011 2460 quam
1072 2390 1128 2443 in
1189 2389 1491 2445 Socraticis
1550 2388 1798 2446 Platonis

90 2463 357 2546 dialogis,
406 2462 730 2533 Charmide,
769 2463 1038 2531 Lachete,
1077 2461 1307 2535 Lyside,
1345 2462 1556 2534 Hippia
1592 2461 1798 2515 maiore

90 2543 147 2589 et
182 2555 424 2603 minore,
472 2536 748 2605 Menone,
803 2535 1142 2607 Protagora,
1184 2534 1323 2603 aliis,
1362 2551 1681 2605 expressam
1719 2531 1797 2585 vi—

88 2606 317 2675 demus,
368 2606 619 2662 instituta
655 2607 859 2662 clarum
895 2606 961 2660 fit
998 2626 1064 2660 ac
1100 2606 1479 2679 perspicuum,
1520 2605 1799 2662 notionem

89 2679 360 2748 iustitiae,
424 2678 675 2749 quamvis
724 2696 850 2732 cum
912 2678 1216 2733 honestatis
1280 2686 1448 2749 atque
1507 2676 1800 2748 probitatis

28 2786 29 2792 =
89 2768 259 2805 sensu
308 2751 690 2821 coniunctam,
739 2760 921 2804 tamen
970 2768 1038 2804 ex
1086 2768 1235 2803 mero
1276 2769 1454 2803 rerum
1491 2767 1595 2803 usu
1635 2755 1799 2818 atquc

26 2823 29 2839 ⁵
80 2822 237 2878 >vitae
277 2841 428 2878 more
468 2836 523 2877 et
563 2820 963 2878 consuetudine
1002 2840 1197 2892 parum
1232 2828 1355 2875 tuto
1388 2819 1564 2893 repeti
1603 2819 1798 2886 solere,

28 2935 29 2938 ,
77 2893 539 2966 ⁴quandoquidem
601 2894 728 2949 inde
802 2893 970 2949 ducta
1023 2910 1311 3018 ‘perquam
1381 2892 1454 2948 sit
1523 2891 1800 2948 instabilis

28 2976 29 2979 ’
84 2972 260 3038 atque
300 2967 535 3036 infirma,
571 2975 637 3022 ut
672 2986 783 3022 non
819 2964 984 3020 modo
1062 2963 1326 3020 ialecticis
1355 2963 1601 3033 artibus,
1641 2982 1800 3036 prae-

88 3038 276 3093 sertim
326 3058 360 3093 a
408 3038 809 3111 generaliorum
853 3037 1019 3092 animi
1070 3035 1387 3092 notitiarum
1416 3055 1538 3092 usu
1588 3035 1799 3103 alienis,

88 3108 320 3164 defendi
356 3119 627 3182 nequeat,
676 3110 774 3167 sed
823 3109 983 3164 etiam
1024 3108 1224 3164 levium
1262 3107 1667 3165 dubitationum
1704 3103 1801 3179 ag-

93 3181 467 3253 gressionibus
506 3183 728 3238 omnino
756 3189 974 3236 maneat
1000 3179 1236 3235 obnoxia
1259 3180 1336 3251 ⁸).
1410 3180 1593 3252 (Libr.
1634 3180 1676 3237 Ι.
1711 3197 1801 3239 us-

110 3296 274 3305 ..ι-...ω

179 3356 217 3406 ·)
265 3354 563 3409 Εκροσιιὶωιιο
594 3354 650 3396 de
687 3353 772 3396 hac
803 3352 1050 3395 disserendi
1084 3352 1256 3394 ratione
1287 3361 1314 3392 a
1347 3350 1532 3392 Platone
1565 3351 1804 3393 informata

273 3413 477 3466 Protegat.
513 3414 570 3456 ad
603 3412 751 3465 Lysidi
788 3412 920 3465 Hipp.
955 3412 1054 3452 mai.
1088 3410 1274 3452 chan-mv
1298 3408 1489 3451 Laches
1520 3437 1524 3443 -
1572 3438 1575 3443 >
1771 3429 1773 3434 ,

1370 3507 1467 3558 5*
