2124 3744
355 193 456 243 ²250
963 186 1433 239 PLATONIS

351 335 534 389 ἄλλων
584 332 867 408 φήσομενς
959 330 1161 397 Οὕτως.
1235 326 1362 403 Ἆρ’
1427 323 1529 386 οὖν
1587 332 1680 386 καὶ
1724 329 1789 384 ὃν
1833 333 1935 385 νῦν
1980 331 2045 398 δη

354 423 580 495 κηφῆνα
627 415 1003 488 ὠνομάζομεν,
1047 421 1249 474 τοῦτον
1275 422 1526 486 ἐλέγομεν
1568 412 1669 471 τὸν
1714 419 1824 471 τῶν
1867 417 2050 472 τοιού-

354 525 462 558 των
518 502 737 570 ἡδονῶν
798 504 888 555 καὶ
943 505 1261 573 ἐπιθυμιῶν
1317 505 1685 570 γέμοντα-καὶ
1739 500 2050 572 ἀρχόμενον

350 586 461 643 ὑπὸ
508 591 620 641 τῶν
668 585 744 657 μὴ
789 584 1126 654 ἀναγκαίων,
1173 585 1274 641 τὸν
1318 589 1374 640 δὲ
1418 582 1529 640 ὑπὸ
1579 587 1689 639 τῶν
1730 585 2050 655 ἀναγκαίων

261 673 313 724 D
352 663 624 748 φειδωλόν
668 692 725 725 τε
770 673 863 724 καὶ
906 669 1295 751 ὁλιγαρχικόν;
1376 666 1542 723 Ἀλλὰ
1590 675 1643 724 τί
1683 669 1821 740 μήνς

474 752 615 831 Cap.
663 750 831 809 XIII.
923 756 1113 810 Πάλιν
1154 759 1374 822 τοίνυν,
1421 745 1492 820 ἦν
1534 752 1584 807 δ’
1638 754 1756 824 ἐγω,
1801 758 2051 824 λέγωμεν,

353 837 427 903 ὡς
474 843 528 905 ἐξ
572 838 928 909 ὀλιγαρχικοῦ
975 836 1525 910 δημοκρατικὸςγίγν
1529 859 1664 893 εται.
1711 859 1970 910 ᾳαινεται
1996 842 2051 893 δὲ

353 945 450 994 μοι
493 922 564 977 τά
609 945 667 990 γε
714 921 896 978 πολλοὶ
945 918 1048 978 ὧδε
1092 926 1401 993 γίγνεσθαι.
1496 924 1658 986 Πῶςς
1719 922 1890 978 Ὅταν
1934 931 2055 985 νέος

351 1011 756 1079 τεθραμμένος,
801 1007 874 1072 ὠς
916 1011 1018 1062 νῦν
1065 1005 1131 1074 δὴ
1177 1011 1444 1076 ἐλέγομεν,
1490 1005 1837 1070 ἀπαιδεύτως
1868 1027 1924 1062 τε
1964 1013 2056 1062 καὶ

352 1095 628 1165 φειδωλῶς
671 1091 932 1159 γεύσηται
975 1092 1239 1166 κηφήνων
1282 1094 1532 1160 μέλιτος,
1589 1094 1681 1144 καὶ
1735 1092 2055 1160 ξυγγένηται

352 1176 563 1231 αἴθωσι
618 1179 796 1245 θηρσὶ
852 1181 944 1230 καὶ
995 1181 1225 1250 δεινοῖς,
1286 1171 1655 1238 παντοδαπάς
1713 1172 1919 1241 ἡδονὰς
1964 1180 2053 1230 καὶ

355 1264 608 1323 ποικίλας
651 1263 744 1314 καὶ
787 1266 1069 1324 παντοίως
1112 1257 1343 1331 ἐχούσας
1387 1263 1711 1328 δυναμένοις
1755 1260 2050 1331 σκευάζειν,

266 1341 314 1393 Ε
353 1343 613 1400 ἐνταῦθά
655 1365 766 1399 που
813 1345 934 1400 οἴου
979 1344 1115 1400 εἶναι
1163 1342 1343 1415 ἀρχὴν
1388 1342 1541 1413 αὐτῷ
1587 1345 1898 1413 μεταβολῆς
1942 1344 2055 1398 ὀλι-

353 1432 617 1500 γαρχικῆς
678 1431 776 1494 τῆς
832 1437 891 1483 ἐν
951 1431 1128 1497 ἑαυτῷ
1190 1435 1265 1491 εἰς
1330 1427 1757 1497 δημοκρατικήν.
1858 1427 2055 1494 Πολλὴ

355 1513 600 1582 ἀνάγκη,
648 1517 768 1585 ἔφη.
839 1505 968 1583 Ἆρ’
1041 1506 1171 1573 οὖν,
1234 1509 1407 1583 ὥςπερ
1462 1510 1496 1578 ἡ
1553 1510 1714 1574 πόλις
1765 1514 2058 1582 μετέβαλλε

352 1594 729 1667 βοηθησάσης
771 1598 848 1666 τῷ
894 1602 1057 1668 ἑτέρῳ
1088 1601 1234 1670 μέρει
1256 1596 1563 1667 ξυμμαχίας
1593 1594 1818 1661 ἔξωθεν,
1863 1594 2061 1660 ὁμοίας

353 1680 546 1751 ὁμοίῳ,
601 1678 745 1736 οὕτω
805 1684 895 1735 καὶ
957 1680 986 1737 ὁ
1052 1686 1276 1744 νεανίας
1323 1679 1656 1751 μεταβάλλει
1697 1682 2061 1749 βοηθοῦντος

357 1758 429 1820 αὖ
498 1767 674 1828 ε’ίδους
743 1768 1060 1836 ἐπιθυμιῶν
1128 1766 1336 1831 ἔξωθεν
1394 1767 1470 1834 τῷ
1532 1769 1694 1834 ἑτέρῳ
1753 1768 1865 1818 τῶν
1917 1765 2055 1837 παρ’

356 1854 573 1921 ἐκείνῳ,
628 1851 923 1920 ξυγγενοῦς
979 1872 1034 1905 τε
1089 1854 1178 1904 καὶ
1229 1848 1460 1920 ὁμοίους
1558 1847 1904 1904 [Ιαντάπασι
1957 1855 2057 1919 μὲν

474 2072 524 2113 C.
587 2069 648 2112 ὃν
691 2076 783 2114 νῦν
822 2071 879 2124 δὴ
926 2076 1138 2126 κηφῆνα
1176 2069 1527 2125 ὠνομάζομεν
1578 2070 1665 2123 -]
1709 2072 1764 2111 V.
1796 2068 1846 2110 ὃν
1883 2068 1934 2122 δὴ
1969 2075 2061 2123 νῦν,

359 2130 474 2182 quod
509 2144 562 2171 ex
592 2130 723 2171 codd.
758 2131 932 2183 optimis
965 2137 1009 2172 et
1042 2133 1169 2182 longe
1202 2130 1394 2182 plurimis
1428 2133 1652 2170 mutatum.
1676 2131 1840 2169 Vocem
1873 2133 2059 2182 κηφῆνα,

358 2200 487 2240 quarn
529 2188 756 2229 Bekkerus
789 2194 932 2230 narrat
971 2189 1012 2229 in
1046 2188 1239 2229 editione
1282 2200 1358 2228 sua
1391 2199 1619 2240 operarum
1655 2199 1803 2228 errore
1834 2187 2060 2235 excidisse,

361 2245 598 2286 Florentini
630 2246 723 2287 libri
757 2259 909 2287 omnes
939 2247 1164 2295 omittunt,
1198 2251 1245 2286 ut
1275 2244 1382 2286 haud
1417 2246 1577 2295 sciam,
1617 2258 1669 2285 an
1710 2243 1889 2286 eandem
1925 2246 2057 2286 etiam

359 2304 550 2344 nonnulli
587 2301 717 2347 eodd.
761 2303 947 2345 Bekkeri
986 2305 1268 2356 neglexerint.
1337 2303 1595 2355 Quanquam
1635 2301 1818 2343 dubitari
1859 2315 1942 2343 non
1976 2316 2057 2355 po-

357 2365 472 2413 test,
507 2361 607 2412 quin
636 2361 860 2402 retinenda
893 2361 1034 2408 suerit.
1099 2361 1185 2403 Pro
1218 2359 1298 2402 τὸν
1326 2365 1410 2401 τῶν
1441 2359 1672 2408 τοιούτων,
1703 2359 1820 2413 quod
1853 2361 2059 2402 exhibent

358 2418 459 2459 Par.
495 2421 543 2458 A.
581 2423 686 2472 Ang.
722 2419 839 2460 Flor.
871 2435 909 2473 γ.
923 2451 935 2472 ‚
979 2419 1112 2472 vulgo
1153 2418 1380 2471 legebatur
1409 2422 1493 2459 τῶν
1522 2415 1748 2460 Turonium.
1811 2418 1949 2459 Verba
1981 2419 2060 2459 τὸν

358 2476 403 2516 δὲ
436 2473 521 2516 ὑπὸ
557 2480 640 2516 τῶν
669 2474 1070 2530 ‹imyualow,q=1ae
1099 2478 1143 2516 in
1177 2476 1245 2517 ed.
1277 2476 1537 2518 Bekkerian.
1571 2488 1720 2518 errore
1751 2476 1910 2518 omissa
1942 2483 2057 2527 sunt,

358 2533 660 2575 desiderantur
688 2535 728 2576 in
760 2536 862 2576 Vat.
899 2535 950 2576 Θ.
984 2540 1029 2577 et
1060 2539 1169 2587 Ang.

359 2684 454 2727 quel
489 2675 721 2726 lubidinis,
771 2681 819 2717 ut
870 2678 988 2718 nullo
1036 2676 1167 2718 modo
1253 2677 1352 2728 Ego
1386 2678 1530 2717 locum
1572 2677 1716 2718 malim
1751 2676 1815 2718 sic
1844 2677 2054 2730 interpre-

362 2733 552 2786 extingui
611 2746 745 2786 posue
805 2734 1019 2776 videatur.
1104 2735 1168 2776 De
1253 2735 1358 2776 tari:
1430 2733 1616 2776 Nonne
1678 2735 1837 2776 etiam
1899 2748 2054 2786 quem
2123 2736 2124 2755 ³

360 2791 686 2833 constructione
724 2806 763 2832 v.
808 2792 862 2833 ad
910 2793 1002 2837 libr.
1040 2793 1093 2832 V.
1126 2807 1166 2846 p.
1255 2791 1409 2833 modo
1445 2791 1508 2845 (c.
1539 2793 1576 2836 7.
1599 2798 1643 2834 et
1665 2793 1725 2844 8.)
1757 2792 1934 2833 fucum
1968 2806 2054 2833 no—

360 2848 460 2892 471.
495 2849 547 2889 O.
1253 2850 1617 2901 minabamus,
1665 2851 1798 2892 hunc
1830 2848 2053 2891 ‹liceba-

544 2957 562 2966 ν
1254 2920 1366 2948 mus
1404 2920 1542 2959 eum,
1583 2909 1672 2960 qui
1714 2907 1925 2948 talibus
1969 2921 2054 2947 vo-

429 2965 479 3007 C.
545 2962 640 3017 Ἆρ’
694 2958 789 3006 οὖν
838 2963 920 3002 καὶ
968 2959 1029 3005 ὃν
1074 2968 1167 3004 νῦν
1252 2966 1576 3018 luptatibus
1625 2971 1676 3006 et
1716 2964 2053 3016 cupiditati·

363 3020 421 3072 δὴ
456 3047 509 3052 —-
550 3019 945 3077 ὅλιγαργικόν]
980 3023 1168 3064 Astius
1253 3023 1350 3065 bus
1395 3030 1550 3064 esset
1579 3025 1836 3075 repletus
1869 3023 1930 3062 ab
1963 3023 2053 3063 iis-

363 3080 485 3132 signo
527 3080 822 3134 interrogandi
864 3085 964 3131 post
1001 3079 1168 3141 ὠνομιί-
1256 3093 1359 3134 que
1429 3080 1639 3121 minime
1711 3081 2055 3122 necessariis

363 3135 490 3188 ζομεν
523 3138 666 3190 posito
706 3144 804 3188 post
843 3132 939 3191 Ἆρ’
981 3143 1060 3177 ουν
1099 3141 1172 3178 κιί
1255 3141 1574 3190 regeretur,
1659 3149 1771 3178 eum
1849 3144 2055 3187 autem,
2122 3158 2124 3195 ᾗ

363 3194 688 3247 intelligendum
727 3202 876 3237 censet
923 3193 1039 3236 οὕτω
1086 3194 1170 3249 φή·
1254 3193 1706 3248 quinecessariis
1738 3199 1943 3236 tantum
1978 3197 2054 3236 in·

364 3265 494 3304 σομεν
531 3252 626 3305 περὶ
670 3251 859 3304 τούτου,
908 3250 959 3292 ὃν
1000 3257 1077 3293 νῦν
1114 3252 1164 3304 δὴ
1255 3253 1539 3305 dulgeret,
1572 3265 1794 3304 parcum
1831 3259 1882 3293 et
1913 3254 2055 3306 prin-

364 3311 531 3361 κηφῆνα
561 3308 856 3363 ὠνομάζομενς
897 3315 944 3351 ut
981 3323 1167 3363 sequen-
1255 3312 1474 3363 cipatus
1515 3322 1809 3363 paucorum
1843 3310 2056 3352 studio-

365 3365 425 3406 tia
463 3366 622 3406 τοῦτον
662 3390 717 3396 -
761 3366 1042 3420 ὀλιγαρχικόν
1094 3381 1167 3409 ex·
1253 3366 1402 3409 sum?
1462 3412 1467 3416 ,

365 3422 605 3475 plicationis
645 3437 775 3466 causa
809 3425 1034 3467 subiuncta
1067 3426 1164 3466 sint.
1325 3424 1430 3477 Cap.
1457 3424 1571 3466 Xlll.
1605 3423 1651 3464 D.
1697 3425 1897 3465 αἴθωσι
1930 3427 2059 3478 θηρ-
