2098 3658
296 152 394 202 118
852 144 1435 200 ARGUMENTUM

292 291 513 344 remotis
549 288 800 341 omnibus
835 286 1085 340 utilitatis
1111 287 1438 354 rationibUS,
1478 306 1579 356 per
1618 305 1676 340 se
1700 287 2000 358 spectanda

294 380 411 415 esse
458 359 698 414 iudicata
749 377 924 428 eoque
971 359 1189 412 nomine
1251 359 1418 411 etiam
1479 358 1778 411 iniustitiae
1839 376 2000 427 prae-

295 433 498 486 stantia
529 430 901 483 demonstrata
928 437 1028 498 est,
1069 437 1216 484 certe
1253 448 1341 483 res
1383 430 1489 481 iam
1529 448 1592 483 eo
1635 436 1717 482 est
1740 427 1998 497 deducta,

294 511 355 555 ut
401 502 549 572 quod
597 521 697 571 pro
745 501 1017 553 iniustitia
1061 501 1241 554 adhuc
1291 499 1401 554 dici
1449 501 1655 570 possit,
1702 500 1837 552 nihi!
1887 520 2000 552 am-

299 574 456 644 plius⁴
495 591 782 644 superesse
819 571 1088 641 videatur,
1126 573 1369 626 iustitiae
1408 581 1587 624 autem
1627 570 2001 624 defendendae

307 653 362 696 ct
410 643 770 709 illustrandae
822 644 1207 697 necessitatem
1269 644 1556 696 maximam
1595 642 1868 696 exstitisse
1907 662 2002 714 ap-

295 723 500 787 pareat.
585 715 680 768 Ad
731 714 868 768 haec
920 735 1050 769 vero
1111 716 1270 768 etiam
1323 714 1568 783 accedit,
1635 713 1784 784 quod
1843 714 2002 767 simul

296 787 458 840 etiam
506 788 596 840 via
639 795 693 840 et
742 787 881 840 ratio
929 794 1188 857 tanquam
1242 786 1528 858 designata
1567 805 1631 838 ac
1666 786 2004 856 praescripta

297 867 400 924 est,
443 877 550 929 qua
573 859 628 910 in
652 857 978 911 illustranda
1012 859 1223 911 iustitia
1260 857 1588 910 versandum
1626 858 1713 925 sit,
1757 857 2003 926 quando-

301 929 519 999 quidem
567 930 741 1000 ipsam
788 931 905 982 eius
952 931 1062 983 vim
1113 938 1166 982 et
1202 937 1446 981 naturam
1500 948 1618 982 esse
1668 929 2004 1000 investigan-

302 1001 425 1054 dam
474 1002 773 1054 clarissime
819 1003 926 1053 iam
974 1001 1313 1073 intelligitur.
1387 1001 1582 1070 Itaque
1621 1000 1704 1053 his
1743 1000 2003 1052 orationi-

298 1073 403 1128 bus
437 1081 589 1144 patet
624 1073 814 1143 utique
863 1073 1004 1126 viam
1043 1091 1163 1126 esse
1200 1071 1463 1142 munitam
1502 1071 1572 1123 ad
1609 1071 2002 1123 instituendam

302 1163 417 1198 eam
457 1143 903 1215 disputationem,
944 1145 1001 1197 in
1039 1162 1147 1213 qua
1183 1143 1448 1212 reliquum
1498 1162 1638 1211 opus
1677 1143 1788 1194 fere
1826 1149 2003 1195 totum

303 1225 570 1269 versatur.
644 1216 854 1268 Verum
906 1216 1039 1269 satis
1087 1214 1155 1266 de
1209 1214 1311 1266 his.
1388 1215 1677 1285 Pergimus
1730 1212 1800 1264 ad
1848 1232 2004 1265 enar-

298 1287 525 1344 randam
559 1288 822 1356 reliquam
859 1287 983 1339 libri
1009 1295 1236 1356 partem,
1278 1284 1434 1337 cuius
1462 1303 1670 1337 summa
1708 1284 1815 1336 huc
1842 1284 2002 1337 redit.

391 1397 393 1400 ι
439 1357 661 1412 Auditis
702 1359 872 1428 igitur
909 1357 1213 1410 Glauconis
1251 1365 1305 1409 et
1342 1355 1624 1408 Adimanti
1670 1356 2005 1409 orationibus

300 1428 579 1498 Socrates,
612 1429 837 1482 laudato
878 1449 1065 1482 eorum
1105 1428 1325 1494 studiO,
1382 1428 1585 1498 quippe
1629 1427 1722 1498 qui
1758 1427 1884 1480 ideo
1922 1429 2004 1479 in-

299 1501 543 1553 iustitiae
580 1520 827 1554 caussam
869 1502 1142 1571 egissent,
1181 1507 1244 1552 ut
1281 1499 1680 1570 diligentiorem
1719 1501 1797 1551 rei
1834 1499 2005 1570 expli-

303 1573 572 1625 cationem
601 1580 667 1625 'ex
695 1573 816 1643 ipso
842 1572 1119 1639 elicerent,
1162 1571 1232 1623 ad
1255 1570 1730 1640 contemplandam
1760 1571 2004 1623 'iustitiae

303 1651 358 1696 et
401 1643 706 1715 iniustitiae
745 1652 993 1696 naturam
1034 1642 1273 1710 accedit,
1326 1642 1488 1694 simul
1525 1642 1686 1694 etiam
1725 1643 2006 1712 expositu·

301 1733 394 1768 rus
454 1714 521 1767 de
569 1716 855 1784 utriusque
916 1715 1173 1768 utilitate.
1263 1715 1326 1767 P.
1377 1716 1496 1767 367.
1547 1713 1613 1765 E.
1653 1745 1722 1752 ——
1763 1715 1881 1770 368.
1932 1716 2002 1768 A.

305 1786 488 1853 Quum
556 1795 736 1839 autem
799 1787 1010 1841 iustitia
1057 1794 1171 1838 tum
1209 1786 1266 1838 in
1303 1784 1535 1856 singulis
1571 1784 1881 1838 hominibus
1922 1785 2005 1837 in-

304 1859 409 1926 sit,
439 1865 553 1910 tum
596 1859 652 1910 in
703 1859 956 1911 universa
1005 1865 1260 1910 cernatur
1316 1856 1566 1923 civitate,
1626 1875 1734 1926 quo
1784 1856 2003 1909 facilius

304 1930 420 1981 eius
451 1938 646 1982 natura
669 1931 1052 2000 perspiciatur,
1092 1929 1324 2003 primum
1363 1928 1440 1979 ait
1464 1927 1836 1998 quaerendum
1865 1946 2002 1997 esse,

304 2001 482 2069 qualis
533 2002 605 2053 sit
649 2002 707 2053 in
757 2002 1008 2069 civitate,
1058 2000 1224 2069 idque
1273 2000 1381 2067 sic,
1435 2009 1496 2051 ut
1535 1999 1807 2052 civitatem
1848 1999 2005 2070 quasi

301 2080 618 2124 nascentem
683 2073 1088 2142 conspicientes
1150 2072 1412 2124 iustitiam
1471 2070 1631 2124 simul
1688 2079 2006 2123 nascentem

301 2143 540 2196 videant.
615 2144 678 2197 P.
729 2147 849 2199 368.
903 2147 974 2196 A.
1012 2175 1082 2183 ψ-
1120 2145 1241 2196 36-9.
1294 2144 1363 2195 Α.
1450 2142 1647 2212 Itaque
1711 2161 1803 2210 ea,
1864 2161 2004 2212 quae

303 2216 580 2283 sequitur,
622 2214 1026 2285 disputatione,
1067 2214 1300 2267 condere
1341 2214 1498 2284 quasi
1536 2214 2004 2267 civitateminsti-

303 2287 444 2354 tuit,
468 2294 541 2339 'ut
580 2287 696 2340 eius
735 2288 814 2340 ori
859 2307 889 2339 o
926 2287 1170 2358 patefiat.
1247 2284 1526 2358 Gignitur,
1565 2286 1770 2355 inquit,
1811 2285 2005 2339 civitas

303 2376 371 2410 ex
418 2358 697 2410 hominum
745 2358 801 2410 in
844 2359 1075 2430 igentia,
1131 2377 1299 2428 quum
1348 2359 1485 2411 alter
1534 2357 1755 2410 alterius
1804 2357 2005 2410 auxilio

303 2429 562 2501 indigeat.
640 2428 915 2497 Quocirca
945 2429 1226 2483 videamus
1264 2448 1355 2498 ea,
1408 2449 1548 2499 quae
1587 2427 1896 2482 hominibus
1935 2427 2006 2481 ad

305 2501 470 2571 vitam
512 2501 822 2572 >degendam
867 2501 1175 2554 necessaria
1222 2508 1367 2554 sunt.
1468 2503 1555 2554 Ac
1602 2501 1835 2572 primum
1885 2500 2006 2569 qui-

306 2571 426 2624 dem
475 2572 720 2626 homines
769 2573 1021 2644 indigent
1071 2573 1368 2641 alimentiS,
1421 2573 1537 2626 sine
1587 2572 1785 2642 quibus
1835 2570 2005 2624 vitam

304 2644 611 2697 sustentare
649 2665 759 2697 non
794 2653 1044 2715 possunt.
1119 2644 1337 2697 Deinde
1375 2646 1442 2698 iis
1482 2663 1621 2715 opus
1658 2650 1743 2696 est
1778 2641 2003 2695 domici-

302 2716 407 2782 liis,¹
449 2715 685 2785 denique
722 2717 885 2769 etiam
927 2716 1299 2785 vestimentis,
1349 2714 1547 2786 quibus
1587 2734 1618 2766 a
1655 2732 1881 2784 corpore
1919 2733 2004 2766 ar-

304 2794 465 2839 ceant
499 2788 610 2840 vim
646 2788 866 2860 frigoris
893 2795 1061 2857 atque
1086 2785 1297 2840 caloris.
1372 2786 1665 2840 Accedunt
1699 2785 1822 2852 alia,
1863 2804 2003 2854 quae

306 2857 375 2908 ad
422 2859 666 2930 corporis
715 2860 921 2912 cultum
972 2860 1268 2929 pertinent.
1355 2858 1631 2926 Quocirca
1681 2857 1905 2925 civitas,
1957 2859 2004 2910 si

306 2928 375 2980 ad
414 2948 479 2981 ea
515 2938 728 2983 tantum
764 2932 1154 3001 respiciamus„
1186 2949 1340 2999 ‘quae
1377 2930 1607 2982 maxime
1646 2934 1777 2980 sunt
1813 2946 2006 2981 neces-

307 3000 476 3065 saria,
524 3009 778 3055 constare
827 3019 974 3056 certe
1013 3001 1237 3055 debebit
1275 3018 1342 3054 ex
1379 3000 1660 3072 agricolis,
1713 2999 1882 3052 fabris
1931 3000 2005 3052 ti-

306 3071 525 3141 gnariis,
554 3074 876 3142 textoribus,
906 3074 1166 3142 coriariis,
1191 3073 1312 3125 aliis
1337 3072 1662 3143 non-paucis
1689 3070 2000 3140 opificibus,

308 3160 536 3211 quorum
593 3163 759 3213 opera
807 3154 863 3198 et
915 3163 1000 3198 ars
1040 3143 1110 3198 ad
1146 3142 1539 3215 comparandas
1578 3143 1724 3195 vitae
1761 3142 2002 3195 necessi-

306 3220 448 3266 tates
482 3215 795 3282 requiritur.
869 3216 946 3269 Et
990 3216 1048 3269 hi
1085 3214 1528 3285 quidemomnes
1577 3233 1730 3267 suam
1770 3214 2002 3285 quisquc

309 3291 486 3336 artem
534 3285 612 3337 ita
657 3286 1015 3357 factitabunt,
1069 3295 1132 3341 ut
1178 3287 1271 3339 alii
1319 3286 1456 3340 alios
1509 3284 1766 3341 adiuvent
1812 3293 2003 3338 mutuo

308 3355 523 3409 auxilio.
599 3355 725 3424 Qua
763 3357 885 3428 ipsa
933 3359 990 3411 in
1026 3377 1094 3412 re⁴
1130 3357 1372 3413 iustitiae
1411 3365 1464 3412 et
1499 3357 1798 3412 iniustitiae
1835 3357 2001 3429 origi-
