2124 3744
340 174 435 223 170

964 173 1437 227 PLATONIS

331 316 403 369 ἂν
454 315 484 381 ὴ
532 317 630 380 τῆς
675 311 855 390 ὅψεως
884 317 1131 387 δύναμις,
1178 318 1246 386 ἢν
1291 324 1541 388 ἐλέγομεν
1571 320 1711 394 πρὸς
1738 320 1884 377 αὐτοὶ
1924 322 2029 391 ἤδη

332 405 399 453 τά
448 401 558 466 ζῶα
605 407 889 468 ἐπιχειρεῖν
946 400 1278 472 α’ἠοβλὲπειν
1332 408 1420 457 καὶ
1469 402 1607 473 πρὸς
1652 405 1798 460 αὐτὰ
1848 404 2030 477 ἄστρα

334 506 389 539 τε
437 486 530 538 καὶ
575 486 886 538 τελευταῖον
944 483 1006 551 5»)
1067 487 1206 557 πρὸς
1248 485 1426 542 αὐτὸν
1484 487 1580 543 τὸν
1637 487 1813 555 ἥλιον.

1884 491 1948 547 οὗ
1960 514 2027 545 τω

331 572 423 623 καὶ
466 567 607 624 ὅταν
654 589 734 631 τις
779 571 854 637 τῷ
901 573 1261 638 διαλέγεσθαι
1320 576 1581 647 ἐπιχειρῇ,
1643 572 1777 629 ἄνευ
1836 580 2028 630 πασῶν

330 656 441 706 τῶν
485 651 806 717 αἰόθ·ήσεω·ν
851 652 940 706 διὰ
991 658 1092 708 τοῦ
1140 657 1308 722 λόγου
1354 656 1427 709 ἐπ’
1484 654 1622 712 αὐτὸ
1671 657 1700 712 ὃ
1727 667 1873 713 ἔστιν
1907 667 2028 714 &xa-

329 759 464 792 στυν
511 734 679 809 ὁρμᾷ,
705 743 707 745 ’

749 735 855 791 κᾶν
898 736 973 806 μὴ
1019 739 1267 816 ἀποστῇ,
1325 745 1454 810 πρὶν
1499 737 1570 797 ἂν
1617 742 1756 799 αὐτὸ
1803 742 1832 798 ὃ
1878 748 2026 798 ἔστιν

447 905 675 946 ἕκαστον
707 898 856 960 ὁρμᾷ,
890 898 983 943 κᾶν
1015 905 1085 960 μὴ
1117 903 1325 959 ἀποστῇ
1341 905 1624 960 -]ἔκαστον
1656 910 1772 950 male
1803 922 1888 951 om.
1923 910 2022 952 Par.

333 968 382 1006 A.
416 963 681 1005 sec.D1·ibn.
718 947 847 1002 Viud.
886 960 935 1003 Φ.
974 962 1155 1035 vat-‘¹¹¹'
1200 965 1315 1006 Fior.
1350 978 1389 1004 a.
1423 978 1459 1005 c.
1493 980 1530 1018 γ.
1580 965 1668 1006 Pro
1699 968 1815 1019 vulg.
1853 967 1919 1006 καὶ
1951 966 2025 1007 ἐὰι

328 1019 389 1074 μὴ
422 1017 493 1064 ἀπ.
530 1021 660 1066 codd.
701 1020 869 1072 plurimi
908 1020 979 1059 καὶ
1010 1019 1065 1075 μή
1106 1018 1199 1074 ἀνι,
1246 1023 1364 1075 quod
1396 1022 1651 1065 Sonnnerus
1692 1024 1732 1064 in
1767 1025 2022 1066 Zimmerm.

330 1080 452 1121 Diar.
486 1080 702 1132 Antiquit
735 1077 863 1118 Stud.
897 1092 935 1120 a.
971 1079 1097 1124 1835
1142 1095 1181 1135 p.
1213 1081 1313 1125 986.
1354 1086 1482 1122 acute
1524 1084 1746 1136 perspexit
1784 1084 1825 1123 in
1859 1079 1937 1122 κᾶν
1967 1081 2023 1135 μὴ

327 1195 426 1249 cipi,
459 1194 643 1248 ideoque
675 1195 788 1239 iiiam
820 1207 961 1238 rerum
995 1198 1133 1238 sensi-

287 1279 292 1283 ·
329 1254 409 1294 bus
453 1253 750 1296 subiectarum
798 1256 1132 1308 spectationem,

330 1311 385 1353 de
416 1323 501 1364 qua
531 1312 572 1351 in
604 1312 814 1365 principio
848 1314 939 1353 iibri
969 1313 1129 1355 dictum

328 1374 419 1420 est,
460 1367 556 1410 nihii
598 1369 712 1410 aliud
746 1370 878 1410 videri
913 1371 992 1412 nisi
1024 1372 1130 1413 ima-

327 1427 469 1480 ginem
502 1425 714 1478 quandam
745 1426 1016 1479 dialecticae,
1049 1441 1131 1482 qua

327 1485 554 1533 efficiatur,
591 1490 638 1525 ut
669 1486 835 1527 animus
876 1500 897 1526 a
931 1487 1130 1528 sensibus

327 1543 527 1595 corporis
570 1544 792 1584 seiunctus
834 1544 886 1585 ad
935 1550 1132 1585 contem-

328 1599 525 1655 plandam
567 1600 705 1654 ipsam
748 1614 887 1642 rerum
936 1609 1132 1644 naturam

328 1659 538 1700 evehatur
561 1671 641 1701 nec
663 1660 781 1712 prius
817 1673 848 1711 a¹
865 1673 969 1702 vero
995 1673 1131 1712 quae-

327 1716 463 1758 rendo
495 1715 695 1770 desistat,
725 1730 852 1769 «niam
872 1719 1006 1772 ipsam
1032 1719 1132 1758 boni

326 1775 468 1816 ideam
519 1773 650 1828 (αὐτὸ
711 1774 736 1816 1‘)
776 1775 889 1817 ἔστιν
928 1775 1129 1830 ἀγαθόν)

326 1835 420 1874 sola
452 1834 715 1886 cogitatione
757 1834 1134 1888 comprehenderit

327 1903 467 1942 eoque
498 1890 552 1931 ad
583 1904 799 1933 summum
832 1906 973 1934 rerum
1008 1893 1131 1934 intel-

329 1948 552 2000 ligibilium
585 1949 802 2003 fastigium
837 1951 1094 2004 pervenerit.

384 2004 526 2047 οὕτω
588 2007 681 2047 καὶ
735 2005 874 2049 ὅταν
925 2019 1011 2049 tas·
1061 2011 1132 2062 τῷ

326 2064 781 2119 διαλέγεσθαι-]
808 2066 943 2107 haud
968 2079 1132 2107 secus

327 2122 494 2162 etism
515 2123 742 2174 'quando
765 2125 1005 2176 quisarti
1026 2123 1132 2166 dia-

326 2180 568 2221 lecticae
601 2193 823 2234 operam
861 2183 979 2234 dat,
1012 2182 1133 2225 sine

325 2237 464 2278 omni
509 2251 768 2280 sensuum
809 2241 1130 2294 perceptio-

327 2309 388 2335 ne
428 2295 665 2337 rationis
711 2311 813 2350 ope
848 2299 913 2338 ad
959 2299 1128 2351 ipsum

325 2353 489 2405 illud,
554 2354 691 2406 quod
741 2355 980 2409 quidque
1033 2369 1130 2410 per

327 2424 382 2452 se
426 2416 530 2462 est,
580 2415 917 2463 connititur,
969 2426 1028 2454 ac
1078 2414 1127 2456 si

327 2482 426 2510 non
503 2468 742 2513 desistat
817 2472 1125 2525 priusquam

324 2529 496 2579 ipsum
532 2541 617 2580 per
649 2543 709 2568 se
754 2530 944 2571 bonnm
981 2543 1126 2572 men-

326 2587 390 2627 tis
410 2587 766 2639 cogitatione
789 2588 1130 2641 perceperit

325 2642 385 2684 ad
432 2643 605 2697 ipsum
656 2644 813 2687 finem
864 2647 1127 2701 pervenit

325 2703 468 2752 eius,
503 2702 642 2755 quod
677 2709 764 2745 est
796 2704 1125 2756 cooitabile,

324 2761 486 2801 sicuti
527 2761 624 2801 ilie
664 2767 821 2803 antea
861 2762 922 2804 ad
965 2763 1124 2804 finem

325 2819 464 2868 eius,
509 2818 651 2871 quod
700 2826 786 2862 est
825 2820 1127 2874 adspecta-

323 2875 452 2917 biie.
513 2875 726 2918 Turbavit
765 2877 830 2920 hic
869 2879 1011 2919 omnia
1045 2880 1124 2919 mi-

323 2934 505 2975 serrime
549 2935 728 2987 argutiis
773 2939 860 2976 suis
903 2936 1125 2978 Schnei-

325 2991 512 3043 derus,
551 2993 622 3044 qui
655 3000 871 3035 commate
903 3001 1004 3047 post
1037 2992 1124 3034 ἐπι-

323 3049 440 3101 χειρῇ
471 3049 640 3091 subiato
679 3064 773 3093 cum
813 3055 971 3094 Λεῑίο
1017 3054 1123 3092 scri-

325 3107 409 3158 psit
459 3105 596 3159 ὁρμᾶν
645 3122 695 3149 ac
743 3110 900 3152 deinde
943 3111 1011 3152 καὶ
1069 3108 1125 3163 μὴ

326 3159 494 3215 ἀποστῇ
539 3168 769 3218 evuinaiit.
838 3168 974 3210 Quasi
1023 3181 1124 3208 iero

325 3227 442 3262 recte
474 3223 552 3262 dici
594 3227 805 3274 potuerit.
852 3241 913 3281 τῳ
957 3224 1124 3267 διαλέ-

327 3279 523 3331 γεσθαι
553 3279 775 3353 ἐπιχειρεῖν
806 3282 889 3324 διὰ
925 3285 1019 3325 τοῦ
1047 3281 1123 3323 λό-

327 3351 428 3389 γου
461 3333 596 3390 ὁρμᾶν
628 3337 699 3380 ε’πι
723 3340 778 3381 u!
809 3342 1017 3384 Nimirum
1051 3355 1124 3382 ve·

325 3409 371 3435 re
395 3397 614 3448 perspexit
629 3397 763 3451 Stop
778 3398 867 3440 han
882 3413 907 3440 n
922 3415 942 3439 s
962 3404 1121 3442 rectam

324 3453 533 3494 rationem
575 3453 771 3506 flagitare
816 3458 882 3497 καὶ
933 3457 1022 3500 ἐὰν
1071 3452 1124 3506 μὴ

1221 1191 1400 1247 ἀποστῇ.
1423 1195 1550 1245 Quod
1574 1201 1732 1244 tamen,
1750 1209 1879 1248 quum
1897 1197 2025 1238 codd.

1220 1255 1374 1307 optimi
1413 1253 1640 1296 exhibeant
1680 1254 1747 1296 καὶ
1786 1253 1864 1308 μὴ,
1910 1267 2022 1296 unus

1219 1316 1346 1354 etiam
1379 1312 1628 1365 suppeditet
1664 1313 1731 1352 καὶ
1765 1309 1817 1366 ἢν
1847 1309 1927 1366 μή,
1964 1314 2024 1353 si-

1218 1370 1303 1410 cuti
1336 1369 1436 1410 olim
1473 1371 1756 1422 scripsimus,
1796 1370 1909 1411 haud
1944 1370 2022 1412 du-

1219 1428 1289 1468 bie
1321 1427 1360 1467 in
1396 1423 1474 1466 κᾶν
1505 1425 1561 1479 μὴ
1594 1429 1846 1469 mutandum
1881 1428 1971 1471 suit.

1277 1485 1384 1536 Cap.
1418 1485 1540 1527 ΧΙΙΙ.
1584 1485 1637 1526 Β.
1679 1481 1734 1527 H
1761 1484 1817 1525 δέ
1847 1500 1929 1540 γε,
1963 1480 2025 1538 ἦν

1219 1536 1263 1581 δ’
1295 1539 1416 1595 ἐγώ,
1449 1541 1607 1583 λύσις
1637 1542 1712 1596 -]
1747 1543 1890 1586 Locus
1922 1557 2024 1597 per·-

1218 1598 1422 1652 difficilis,
1454 1599 1567 1642 unde
1601 1602 1729 1643 etiam
1754 1601 1916 1645 factum
1939 1606 2022 1650 est,

1218 1662 1267 1698 ut
1297 1659 1425 1700 variis
1464 1663 1706 1700 tentaretur
1743 1660 2020 1700 coniecturis.

1219 1715 1523 1757 Cornnrius
1555 1717 1669 1758 enim
1702 1723 1804 1771 post
1833 1716 1925 1758 ἐκεῖ
1949 1717 2024 1767 μέν

1218 1773 1396 1814 inseruit
1447 1771 1566 1825 ὄψις,
1620 1779 1665 1815 et
1705 1787 1784 1828 pro
1830 1776 1899 1816 καὶ
1938 1773 2025 1816 ἐκεῖ

1210 1829 1332 1885 Δπρὸς
1369 1831 1445 1882 μὲν
1486 1829 1534 1872 τὰ
1579 1829 1667 1884 ζῶά
1705 1846 1748 1872 τε
1786 1832 2019 1886 legendum

1219 1891 1428 1931 coniecit:
1477 1891 1544 1930 καὶ
1582 1893 1672 1930 ἐκεῖ
1703 1889 1777 1941 μὲν
1819 1888 1930 1944 πρὸς
1972 1889 2017 1931 τὰ

1216 1944 1322 2000 ζῶά
1336 1962 1397 1988 τες
1441 1947 1594 1989 deinde
1626 1949 1888 2002 interpunxit
1916 1955 2021 2003 post

1216 2006 1327 2058 φῶς,
1375 2013 1417 2047 et
1448 2018 1558 2058 quae
1590 2005 1796 2060 deinceps
1819 2019 2021 2078 sequun-

1217 2070 1285 2103 tur
1315 2064 1379 2104 sic
1411 2063 1722 2107 conformavit.
1765 2059 1829 2104 ἐπ’
1861 2060 2019 2105 α’δυνα-

1215 2122 1289 2175 μίᾳ
1321 2120 1367 2162 δὲ
1399 2123 1478 2161 τοῦ
1507 2121 1692 2174 βλέπειν,
1725 2120 1836 2175 πρὸς
1867 2121 1914 2164 τὰ
1938 2124 2019 2163 κτλ.

1218 2180 2019 2234 MorgonsternioSymboii.Critt.

1216 2250 1258 2290 p.
1287 2237 1408 2278 XIV.
1434 2251 1497 2291 sq.
1533 2238 1834 2280 Cornarius
1867 2251 2019 2281 vocem

1214 2294 1290 2344 μέν
1329 2294 1626 2338 commodiore
1675 2298 1769 2337 ioco
1811 2297 2019 2350 posuisse,

1215 2360 1259 2394 et
1289 2351 1334 2393 δέ
1373 2361 1472 2407 post
1505 2351 1616 2405 πρός
1655 2361 1773 2395 recte
1811 2355 2022 2396 abiecisse

1214 2412 1410 2458 viderun-
1439 2412 1543 2452 iliud
1576 2418 1718 2453 autem
1757 2412 1895 2454 eidem
1937 2425 2019 2453 non

1216 2470 1449 2522 probatur,
1493 2470 1611 2522 quod
1654 2467 1754 2521 ὅψιε
1788 2475 1834 2512 et
1863 2468 1910 2510 δὲ
1941 2471 2018 2511 τοῦ

1214 2533 1314 2581 post
1354 2523 1566 2583 ἀδυναμίᾳ
1605 2529 1696 2570 sine
1738 2541 1867 2570 causa
1899 2529 2019 2570 adie-

1212 2587 1334 2627 cerit.
1393 2587 1612 2629 Quocirca
1646 2587 1708 2627 vir
1738 2587 2018 2628 doctissimus
2085 2619 2087 2621 ,
2118 2592 2121 2657 1

1212 2648 1352 2684 totum
1395 2646 1535 2685 iocum
1583 2644 1675 2697 ipse
1722 2646 1783 2685 sic
1826 2644 2018 2685 scriben-

1212 2703 1314 2742 dum
1347 2704 1537 2743 censuitz
1567 2697 1621 2743 ‘H
1647 2700 1694 2742 δέ
1724 2699 2015 2770 γε-ἐποῖνο-

1213 2757 1301 2808 δος,
1335 2761 1402 2800 καὶ
1435 2758 1520 2800 ἐκεῖ
1549 2759 1625 2811 μὲν
1658 2758 1768 2814 πρὸς
1799 2756 1846 2800 τα
1865 2758 1952 2812 §aiei
1976 2774 2016 2799 τε

1212 2819 1281 2858 καὶ
1314 2817 1439 2885 (pomi,
1469 2823 1707 2871 (commate
1746 2818 1904 2868 illato.)
1935 2818 2018 2864 καί,

1212 2875 1260 2916 τὸ
1295 2877 1373 2916 τοῦ
1405 2873 1528 2928 ἡλίου
1569 2876 1665 2927 φῶς
1695 2874 1769 2916 ἐπ’
1798 2870 2014 2928 οἶδυιαμίᾳ

1211 2933 1405 2986 βλέπειν,
1443 2931 1555 2987 πρὸς
1588 2930 1635 2972 τὰ
1668 2931 1714 2972 ἐν
1745 2930 1871 2973 ὕδασι
1904 2947 2010 2986 φαν-

1212 2990 1423 3044 τάσματα,
1455 2991 1647 3032 ἐνταῦθα
1679 2989 1724 3030 δὲ
1761 2989 1873 3044 πρὸς
1904 3005 2014 3042 φαν-

1213 3049 1400 3100 τάσματα
1429 3050 1542 3097 θεῖα,
1576 3049 1645 3088 καὶ
1676 3047 1798 3089 σκιὰς
1828 3051 1911 3089 τῶν
1940 3047 2012 3090 ὅν-

1212 3123 1310 3159 των,
1344 3103 1426 3148 ἀλλ’
1459 3103 1542 3147 οὐκ
1571 3104 1758 3147 εἰδώλων
1792 3105 1929 3158 σκιάς,
1962 3103 2016 3147 δι”

1209 3165 1358 3218 ἑτέρου
1378 3162 1536 3217 φωτός,
1570 3162 1629 3204 ὠς
1651 3164 1760 3218 πρὸς
1782 3165 1902 3220 ἥλιον
1923 3167 2012 3217 κρί-

1210 3238 1313 3275 νειν,
1345 3220 1713 3275 ἀποσκιαζομένας
1736 3248 1766 3252 -
1796 3225 1911 3264 πᾶσα
1931 3220 2011 3263 αὕ-

1212 3297 1258 3336 τη
1305 3277 1330 3334 ἡ
1366 3283 1625 3334 πραγματεία
1662 3284 1741 3325 κτλ.
1787 3286 1894 3325 Ast.
1937 3295 2012 3321 vo-

1210 3353 1301 3381 cem
1334 3340 1435 3380 θεῐα
1467 3341 1647 3380 mutavit
1682 3343 1723 3381 in
1743 3340 1827 3380 θέα
1851 3347 1894 3380 et
1915 3344 2014 3380 ante

1211 3398 1326 3438 πᾶσα
1338 3404 1646 3450 -πραγματειά
1659 3398 1929 3439 inserendum
1945 3400 2019 3436 καί

1209 3453 1466 3508 suspicatur.
1505 3457 1590 3498 lam
1613 3470 1714 3496 vero
1748 3469 2011 3498 commemo-
