2106 3594
1715 143 1857 198 LIX

133 286 256 356 fuit,
284 286 363 340 ita
385 286 550 341 etiam
576 285 832 353 Graecis,
848 284 1228 357 imprimisque
1247 282 1686 338 Atheniensibus
1714 285 1849 352 suiS,

134 359 383 429 scripsit3
414 357 474 412 id
496 355 649 428 quod
664 375 839 482 qruum
866 355 1087 410 aliunde
1111 364 1229 410 tum
1253 355 1519 425 imprimis
1550 373 1620 409 ex
1646 354 1721 410 iis
1752 374 1849 426 ap·

132 438 309 500 paret,
339 448 481 499 quae
503 429 627 483 libr.
722 469 736 483 .
766 447 821 499 p.
847 429 955 483 469
978 427 1044 482 Β.
1062 429 1272 481 -471.
1295 426 1361 482 Β.
1389 425 1457 480 de
1481 426 1626 481 bello
1653 425 1850 480 adver-

133 519 228 555 sus
274 500 571 571 populares
613 498 857 572 gerendo
913 498 1244 570 disputavit.
1307 498 1431 552 Imo
1470 498 1636 551 etiam
1669 504 1849 553 totum

133 572 368 639 Politiae
402 590 544 643 opus
594 571 811 642 patriae
847 570 1015 624 saluti
1064 578 1121 623 et
1156 569 1405 623 felicitati
1442 568 1714 623 iuvandae
1753 568 1850 623 de-

131 643 395 698 stinatum
430 661 551 697 esse
586 642 776 697 voluit.
849 640 1014 709 Quod
1044 641 1312 712 imprimis
1342 641 1387 694 ii
1421 641 1531 695 loci
1558 649 1851 710 testantur,

131 713 229 768 ubi
272 713 583 786 vulgarium
630 713 983 784 imperiorum
1030 713 1166 766 vitia
1216 719 1273 766 et
1317 722 1532 766 errores
1569 713 1753 784 arguit
1790 720 1848 765 et

132 793 400 856 quantum
452 785 753 855 patriarum
803 784 1087 838 civitatum
1137 782 1384 838 conditio
1422 790 1479 836 et
1514 784 1746 838 fortuna.
1776 783 1845 837 ab

44 862 45 866 ’
132 857 372 928 optimae
417 857 657 911 civitatis
704 857 956 927 exemplo
1005 855 1268 923 distaret,
1333 854 1488 981 {ravi
1551 873 1617 907 ac
1678 853 1851 909 disera

130 936 191 981 ta
248 928 496 982 oratione
569 927 999 995 demonstravit,
1076 927 1222 981 sicut
1293 926 1333 978 li
1373 945 1436 979 ro
1509 925 1644 980 Vlll.
1719 925 1848 979 Rei-

130 998 283 1071 publ.
345 999 463 1052 fieri
510 998 875 1053 meminimuS.
944 999 1073 1052 Hoc
1110 1005 1293 1051 autem
1332 997 1456 1068 quis
1496 1015 1703 1067 quaeso
1741 997 1850 1050 sibi

130 1069 464 1141 persuadeat
507 1071 588 1124 ita
639 1071 708 1124 ab
749 1091 815 1125 eo
851 1070 1069 1125 institui
1118 1069 1399 1141 potuisse,
1438 1068 1544 1122 nisi
1581 1069 1702 1139 ipse
1741 1068 1848 1122 sibi

130 1141 500 1212 persuasisset
562 1151 865 1213 praecepta
919 1140 1253 1196 et-consilia
1304 1159 1435 1209 sua,
1495 1140 1847 1210 quantumvis

129 1232 384 1286 magnam
432 1226 644 1285 partem
701 1234 735 1268 a
772 1213 1048 1268 communi
1083 1212 1367 1266 hominum
1403 1230 1508 1266 usu
1548 1211 1847 1266 abhorren-

128 1284 236 1353 tia,
285 1293 467 1338 tamen
516 1304 708 1339 revera.
744 1285 1007 1340 salutaria
1052 1291 1218 1354 atque
1270 1282 1541 1337 eiusmodi
1580 1302 1728 1351 esse,
1787 1292 1850 1336 ut

129 1355 203 1418 ad
248 1356 423 1429 ipsius
469 1356 616 1410 vitae
667 1358 955 1412 veritatem
1007 1356 1292 1410 transferri
1351 1354 1615 1427 possent?
1678 1353 1846 1422 (Quin

130 1426 293 1482 etiam
354 1426 492 1482 illud
551 1448 664 1483 non
720 1428 942 1483 videtur
1000 1426 1316 1494 dubitasse,
1370 1427 1490 1480 fieri
1551 1425 1846 1497 aliquando

132 1517 329 1570 posse,
394 1507 458 1553 ut
504 1499 628 1554 talis
673 1500 989 1571 respublica
1039 1499 1255 1569 qualem
1292 1497 1667 1566 fundavisset,
1708 1498 1765 1551 in
1805 1497 1847 1550 i-

168 1589 285 1624 sam
320 1569 599 1624 hominum
623 1571 789 1626 vitam
813 1569 1271 1625 introduceretur.
1345 1570 1664 1623 Arbitratur
1704 1569 1848 1622 enim

191 1661 222 1695 e
268 1641 350 1695 Re
390 1641 504 1696 ubl.
555 1642 645 1697 Vl.
707 1663 761 1715 p.
792 1644 943 1710 .„498.
994 1642 1068 1695 D.
1109 1673 1178 1680 —
1227 1642 1350 1696 502.
1402 1639 1467 1696 C.
1557 1640 1700 1697 Ibid.
1748 1639 1846 1694 IX.

131 1721 271 1768 extr.
382 1712 550 1768 olitic.
612 1734 666 1785 p.
729 1715 851 1768 293.
901 1714 1025 1768 300.
1118 1712 1297 1785 Legg.
1358 1711 1452 1766 1V.
1502 1733 1556 1784 p.
1609 1714 1731 1767 709.
1769 1710 1840 1766 E.

128 1802 251 1854 sqq.
280 1785 402 1840 711.
427 1783 495 1839 B.
522 1783 586 1839 C.
615 1804 730 1839 rem
752 1784 899 1840 effici
935 1784 1127 1866 utique
1158 1803 1345 1855 posse,
1372 1783 1419 1838 si
1458 1783 1681 1854 quando
1715 1783 1846 1837 sub-

127 1854 255 1910 latis
293 1854 697 1939 impedimentis
744 1876 843 1911 rex
891 1855 1092 1927 aliquis
1139 1855 1354 1910 iuvenis
1405 1855 1548 1908 bene
1597 1861 1842 1908 moratus

129 1927 210 1981 rei
260 1926 562 1999 periculum
611 1928 795 1982 facere
830 1927 983 1982 velit.
1057 1929 1214 1982 Haec
1254 1926 1438 1982 onmia
1475 1946 1608 1980 vero
1649 1926 1842 1980 certis-

129 1997 267 2054 simo
315 2008 639 2072 argumento
687 2008 944 2073 putamus
993 2016 1146 2064 esse,
1196 1999 1305 2071 ipsi
1353 1996 1572 2069 quidem
1625 1997 1847 2052 Platoni

128 2070 350 2142 penitus
396 2071 566 2125 fuisse
613 2071 691 2125 ita
736 2090 1089 2144 persuasum,
1158 2078 1222 2124 ut
1281 2070 1675 2142 rempublicam
1731 2089 1844 2124 non

128 2149 333 2196 temere
381 2162 415 2196 a
460 2162 519 2197 se
556 2142 836 2197 conditam
886 2163 1037 2213 esse,
1086 2141 1187 2198 sed
1237 2163 1428 2197 revera
1477 2140 1606 2196 inde
1663 2161 1846 2196 rerum

129 2212 371 2268 civilium
424 2214 620 2269 melius
658 2214 1119 2270 instituendarum
1156 2222 1322 2285 atque
1361 2212 1846 2289 gubernandarum

129 2303 283 2340 exem
324 2286 436 2339 lum
473 2286 615 2341 sumi
650 2306 814 2359 posse
853 2287 1230 2342 arbitraretur.

269 2306 463 2428 thue
485 2357 622 2413 haec
649 2358 870 2430 quidem
918 2358 967 2412 si
1003 2367 1151 2414 recte
1191 2365 1289 2412 aut
1314 2357 1507 2413 saltem
1545 2356 1843 2430 probabili-

128 2434 215 2483 ter
250 2427 533 2502 disputata
569 2439 724 2496 sunt;
771 2438 969 2504 sponte
1008 2431 1114 2485 iam
1157 2429 1531 2503 appariturum
1570 2448 1690 2484 esse
1731 2429 1845 2483 exi-

128 2499 435 2569 stimamus,
483 2500 877 2574 philosophum
926 2502 1183 2575 prudenti
1233 2520 1364 2556 sane
1428 2501 1659 2556 consilio
1721 2520 1846 2555 cum

129 2571 322 2644 optimi
367 2570 603 2627 hominis
639 2573 827 2644 specie
864 2581 920 2628 et
954 2574 1195 2646 imagine
1234 2572 1473 2645 optimae
1510 2572 1844 2646 reipublicae

129 2643 409 2715 exemplar
445 2643 501 2698 in
539 2664 708 2698 unum
751 2645 1117 2702 coniunxisse.
1193 2646 1281 2700 Ita
1322 2645 1465 2698 enim
1504 2644 1846 2700 demonstra-

129 2714 237 2783 vit,
289 2714 439 2786 quod
487 2715 667 2788 ipsum
704 2716 753 2770 ei
792 2717 898 2771 fuit
928 2717 1304 2789 propositum,
1357 2736 1468 2769 non
1517 2714 1680 2770 modo
1733 2715 1844 2769 sin-

206 2786 290 2841 los
327 2786 597 2855 homines,
646 2787 746 2841 sed
788 2789 950 2842 etiam
990 2789 1276 2843 universas
1315 2787 1568 2841 civitates
1610 2786 1843 2841 excultis

169 2858 481 2913 umanitatis
519 2858 877 2915 facultatibus
916 2858 1159 2914 eiusdem
1198 2859 1419 2914 virtutis
1458 2879 1520 2913 ac
1561 2859 1844 2913 felicitatis

131 2930 370 2984 existere
470 2949 595 2986 osse
653 2931 970 3004 participes.
1070 2929 1224 2999 Quid
1293 2929 1443 3001 quod
1497 2931 1606 2985 isto
1677 2937 1842 3003 pacto

129 3001 292 3055 etiam
332 3000 433 3057 dec
457 3002 660 3071 aravit,
712 3024 880 3075 quum
920 3003 1152 3076 singulis
1190 3001 1502 3058 hominibus
1540 3010 1658 3056 tum
1696 3021 1844 3056 com-

131 3072 382 3127 munitati
430 3074 710 3129 hominum
761 3076 907 3129 civili
968 3074 1073 3128 hoc
1122 3093 1244 3129 esse
1294 3075 1639 3146 propositum
1680 3093 1843 3146 opor-

131 3152 278 3214 tere,
330 3154 393 3199 ut
442 3145 512 3199 ad
567 3144 746 3201 ideam
785 3147 914 3202 boni
949 3145 1183 3217 ideoque
1221 3145 1383 3200 etiam
1421 3145 1493 3200 ad
1532 3144 1842 3201 similitudi-

133 3233 255 3270 nem
300 3235 422 3270 cnm
466 3215 607 3287 deo,
658 3218 728 3272 ad
777 3239 939 3291 quam
989 3217 1219 3273 Theaet.
1258 3239 1309 3292 p.
1356 3220 1470 3272 176.
1507 3237 1628 3301 sqq.
1668 3218 1842 3270 omni-

133 3285 237 3341 bus
274 3287 589 3344 enitendum
627 3310 746 3347 esse
786 3299 996 3359 censet,
1036 3289 1244 3346 viribus
1283 3290 1590 3346 coniunctis
1631 3289 1843 3344 enitan-

137 3368 240 3412 tur.
