2106 3594
1765 148 1900 223 cix

205 294 414 347 tatibus
438 294 510 346 sit
531 291 886 344 suffecturum
911 293 984 361 ⁸).
1058 291 1236 359 Quam
1276 300 1424 344 certe
1469 291 1903 344 communionem

205 367 473 418 bonorum
520 363 614 415 vix
661 362 844 415 dicere
890 363 1110 430 licebit,
1151 381 1317 433 quum
1356 380 1458 417 nec
1490 361 1566 433 *ad
1602 380 1791 416 omnes
1829 363 1904 414 ci-

204 455 300 490 ves
346 435 617 506 pertineat
663 439 765 487 nec
812 434 829 486 i
872 434 949 488 sis
1010 434 1334 488 custodibus
1392 434 1537 487 bona
1596 434 1905 489 communia

200 508 527 562 tribuantur.
601 506 831 576 A-ristop
875 524 1005 559 anes
1042 514 1227 559 autem
1263 507 1530 560 bonorum
1570 506 1904 560 communio-

199 598 322 633 nem
361 598 396 632 a
442 576 761 631 mulieribus
795 578 1011 631 institui
1049 578 1209 631 iussit
1245 596 1383 645 eam,
1422 595 1562 645 quae
1601 577 1908 646 aequaliter

197 650 270 704 ad
312 667 502 704 omnes
548 648 818 720 pertinet,
869 650 950 702 ita
994 658 1059 701 ut
1107 667 1375 721 pauperes
1426 647 1654 717 divites,
1708 650 1904 703 summi

197 720 389 789 infimi,
442 720 694 775 omnibus
731 720 878 774 vitae
916 721 1214 775 commodis
1265 718 1571 789 aequaliter
1617 721 1904 792 perfruan-

197 803 288 847 tur
334 793 679 860 maximaque
713 792 876 846 simul
919 792 1137 846 luxuria
1172 791 1443 846 diffluant.
1517 789 1645 859 Quo
1685 793 1904 846 omnino

196 865 411 919 notavit
456 862 730 947 perditam
754 864 1060 933 nequitiam
1086 864 1510 918 Atheniensium
1550 863 1800 917 mollitiei
1839 882 1904 918 ac

197 955 262 990 ac
300 935 547 990 luxuriae
583 934 953 989 miserandum
1000 936 1056 989 in
1101 935 1330 990 modum·
1371 933 1703 989 deditorum.
1761 935 1904 989 Tum

198 1008 359 1061 Plato
407 1006 672 1061 custodes
719 1007 1058 1078 reipublicae
1105 1016 1272 1077 atque
1318 1006 1519 1061 milites
1557 1025 1626 1060 ne
1662 1026 1905 1077 unquam

195 1079 520 1152 gravissimo
567 1079 780 1132 muneri
814 1078 1054 1134 tuendae
1091 1079 1329 1134 civitatis
1380 1077 1575 1133 deesse
1614 1086 1903 1150 cogantur,

194 1151 430 1224 publicis
452 1151 726 1205 sumtibus
762 1150 832 1204 ali
870 1151 1062 1216 iussit3
1104 1151 1254 1222 quod
1277 1151 1441 1222 longe
1469 1169 1629 1205 secus
1655 1168 1716 1204 se
1739 1150 1906 1205 habet

194 1221 342 1295 apud
400 1222 852 1295 Aristophanem.
954 1223 1026 1277 .Is
1086 1224 1229 1276 enim
1292 1241 1482 1277 omnes
1545 1241 1721 1276 novae
1798 1223 1903 1277 rei-

232 1295 449 1349 ublicae
508 1295 659 1349 cives
717 1314 1035 1349 communes
1099 1294 1290 1366 epulas
1354 1295 1693 1348 celebrantes
1751 1294 1902 1349 facit.

194 1315 451 1436 benique
505 1366 671 1420 Plato
708 1366 1033 1422 custodibus
1079 1367 1195 1420 suis
1236 1367 1571 1439 promiscua
1612 1367 1904 1420 connubia

191 1438 273 1492 ita
309 1437 585 1507 concedit,
623 1446 690 1492 ut
726 1458 791 1492 ea
825 1439 1248 1511 magistratuum
1281 1438 1572 1511 prudentia
1610 1438 1903 1492 instituan-

190 1518 282 1564 tur
317 1518 376 1563 et
407 1519 702 1593 regantur,
750 1509 988 1580 ideoque
1022 1511 1412 1581 intemperanti
1449 1509 1683 1564 lubidini
1717 1510 1901 1564 nullus

191 1581 345 1636 locus
392 1581 766 1652 relinquatur3
816 1581 1223 1654 Aristophanes
1274 1591 1456 1636 autem
1495 1582 1748 1636 omnibus
1787 1601 1902 1637 om-

190 1654 319 1706 nino
358 1653 573 1707 civibus
612 1653 985 1725 imprimisque
1022 1653 1340 1708 mulieribus
1372 1652 1665 1708 nefandam
1702 1653 1808 1707 hoc
1844 1654 1901 1707 in

190 1743 392 1797 genere
440 1724 714 1778 licentiam
764 1725 977 1779 tribuit.
1080 1724 1241 1793 Quae
1300 1726 1513 1793 omnia,
1576 1725 1739 1779 sicuti
1796 1725 1902 1778 alia

190 1796 379 1863 multa,
418 1805 681 1866 quantum
731 1796 954 1850 valeant
989 1796 1059 1850 ad
1096 1796 1534 1851 labefactandam
1573 1797 1901 1851 contrariam

189 1868 550 1936 sententiam,
596 1886 757 1922 nemo
804 1869 910 1922 erit
961 1868 1175 1938 opinor,
1229 1869 1370 1938 quin·
1411 1868 1573 1923 facile
1622 1868 1742 1939 ipse
1783 1869 1900 1922 ani-

189 1937 510 1993 madvertat.
583 1940 667 1992 At
697 1957 848 2007 vero,
875 1940 1110 2010 inquieS,
1153 1940 1247 2009 qui
1285 1939 1507 1994 tandem
1544 1940 1628 2008 fit,
1666 1949 1729 1994 ut
1754 1940 1900 1995 inter

193 2011 440 2066 Platonis
465 2011 686 2065 decreta
702 2019 869 2081 atque
890 2011 1454 2066 Lacedaemoniorum
1468 2012 1726 2066 instituta
1743 2020 1900 2066 tanta

187 2082 488 2138 similitudo
506 2082 838 2153 intercedat,
867 2103 977 2155 qua
999 2082 1253 2138 effectum
1279 2091 1381 2153 est,
1408 2092 1470 2138 ut
1495 2083 1776 2152 Comicus,
1825 2085 1898 2138 ri·-

186 2154 324 2210 dens'
357 2154 788 2210 Atheniensium
821 2159 1249 2226 λακωνομανιάν
1283 2155 1681 2228 philosophum
1719 2155 1900 2211 ridere

183 2227 339 2281 visus
371 2226 485 2282 sit?
519 2227 724 2281 Facilis
758 2246 890 2282 vero
927 2227 999 2282 ad
1018 2228 1163 2283 hanc
1199 2229 1574 2299 quaestionem
1611 2228 1899 2300 responsio

184 2307 289 2354 est.
360 2298 582 2353 Etenim
626 2299 785 2354 Plato
826 2318 995 2369 quum
1032 2301 1321 2370 intereas,
1351 2319 1494 2371 quae
1531 2307 1665 2355 tunc
1690 2308 1895 2370 essent,

185 2371 468 2439 civitates,
527 2371 760 2425 maxime
807 2371 1077 2442 Doricae,
1137 2373 1412 2444 inprimis.
1456 2371 1779 2427 Cretensem
1841 2380 1896 2427 et

188 2441 553 2511 Laconicam,
604 2443 836 2497 multum
892 2453 1175 2517 praestare
1226 2445 1442 2500 videret
1491 2443 1742 2514 adeoque
1801 2463 1896 2499 eas

118 2542 126 2547 ·
186 2515 330 2569 inter
417 2532 576 2568 ravas
626 2514 861 2586 optimas
916 2536 1038 2571 esse
1086 2517 1445 2572 arbitraretur
1480 2517 1593 2587 **);
1630 2516 1894 2587 plurimas

185 2585 378 2659 reipub
404 2586 518 2640 'cae
555 2603 687 2640 suae
701 2595 896 2669 partes
933 2587 1006 2643 ad
1029 2608 1216 2644 earum
1240 2589 1550 2660 exemplum
1578 2586 1892 2659 descripsit,

184 2656 420 2729 ideoque
455 2657 808 2713 Doriensmm
843 2678 1021 2715 mores
1056 2680 1181 2716 cum
1225 2660 1637 2716 sublimioribus
1673 2659 1894 2731 sapien·-

182 2730 292 2785 tiae
340 2730 649 2802 praeceptis
696 2748 762 2783 co
804 2730 992 2785 ulavit.
1079 2733 1167 2786 De
1218 2751 1331 2802 qua
1379 2750 1438 2786 re
1487 2732 1747 2802 quoniam
1784 2731 1892 2786 iam

182 2818 354 2874 supra
387 2800 595 2855 dictum
633 2810 735 2864 est,
793 2821 881 2855 ioc
916 2803 1044 2858 loco
1081 2804 1253 2858 verbo
1292 2803 1569 2859 monuisse
1609 2802 1743 2858 satis
1771 2803 1890 2860 erit.

185 2871 299 2929 Sed
389 2882 568 2927 taeter
616 2871 750 2927 haec
801 2875 982 2928 omnia
1019 2893 1123 2930 ncc
1178 2874 1312 2929 illud
1351 2883 1437 2930 est
1475 2873 1887 2947 negligendum,

185 2943 337 3016 quod
350 2892 523 3000 3²th
550 2946 669 3017 ipse
693 2945 849 3001 Libr.
879 2946 948 3000 V.
980 2967 1032 3018 p.
1064 2950 1192 3003 45⁶2.
1217 2947 1279 3004 Β.
1318 2946 1383 3003 C.
1409 2956 1465 3002 et
1500 2968 1552 3021 p.
1590 2948 1715 3002 457.
1736 2947 1885 3002 A.B.

184 3025 448 3072 memorat
480 3018 763 3089 'poetarum
797 3019 1127 3073 comicorum
1166 3019 1395 3075 dicteria
1430 3020 1488 3074 in
1519 3018 1668 3086 talia,
1698 3020 1888 3089 qualia

185 3087 303 3160 ipse
334 3089 599 3157 sanxerit,
625 3088 880 3144 instituta
902 3089 1107 3146 dudum
1133 3092 1395 3147 coniecta.
1447 3090 1666 3161 Quibus
1706 3091 1886 3146 verbis

363 3232 512 3241 --——-

265 3294 395 3382 Ὗν.
429 3331 526 3374 mna
563 3329 661 3374 vm
703 3338 750 3387 p.
782 3332 881 3378 543.
915 3333 965 3376 B.
1001 3334 1049 3378 τ’,
1085 3332 1151 3374 tv.
1189 3347 1229 3390 p.
1264 3333 1363 3378 419.
1401 3358 1449 3364 --
1483 3333 1582 3378 421.

236 3387 308 3435 ⁸⁴)
338 3386 394 3430 v.
427 3389 525 3432 nur.
563 3389 679 3433 vm.
715 3405 754 3444 p.
786 3392 883 3437 5⁴4.
919 3393 968 3434 c,
1003 3405 1093 3445 „qq
1280 3410 1301 3422 ,.
