2124 3744
205 1050 249 1101 (ἱ

296 211 395 262 194
899 207 1376 260 PLATONIS

300 378 399 418 τας
443 357 535 407 καὶ
583 351 815 415 ἑαυτους
859 366 1229 410 κατακοσμεῖν
1289 353 1386 407 τὸν
1418 357 1722 409 ἐπίλοιπον
1765 356 1890 422 βίον
1935 360 1991 406 ὲν

294 447 442 509 μέρει
493 439 791 536 ἑκάστους,
845 436 907 492 τὸ
951 441 1052 508 μὲν
1097 435 1240 494 πολὺ
1285 436 1426 510 πρὸς
1486 442 1832 512 φιλοσοφίαν
1875 441 1995 490 δια·

295 525 617 594 τρίβοντας,
682 521 822 575 ὅταν
867 525 924 576 δὲ
976 521 1040 576 τὸ
1086 529 1253 621 μέρος
1296 521 1433 597 ἥκη,
1500 519 1641 592 πρὸς
1692 526 1996 584 πολιτικοῖς

296 609 885 677 ἐπιταλαιπωροῦντας
939 610 1030 660 καὶ
1088 609 1369 678 ἄρχοντας
1427 606 1692 670 ἑκάστους
1755 609 1852 671 τῆς
1896 606 1997 659 πό-

296 696 426 754 λεως
470 697 655 755 ἕνεκα,
712 690 811 760 οὐχ
870 688 944 754 ὡς
1000 691 1174 746 καλόν
1219 713 1302 752 τι,
1362 689 1490 744 ἀλλ’
1558 689 1630 755 ὡς
1683 690 1997 759 ἀναγκαῖον

297 775 682 844 πράττοντας,
760 777 852 828 καὶ
923 772 1098 839 οὕτως
1159 773 1365 839 ἄλλους
1431 774 1518 830 ἀεὶ
1591 773 1999 835 παιδεύσαντας

295 855 607 923 τοιούτους,
648 856 1191 923 ἀντικαταλιπόντας
1232 860 1327 925 τῆς
1372 860 1579 923 πόλεως
1612 861 1883 934 φύλακας,
1929 864 2002 920 εἰς

297 941 564 1015 μακάρων
606 942 810 1009 νήσους
854 942 1128 1007 ἀπιόντας
1174 949 1367 999 οἰκεῖν·
1422 955 1662 1013 μνημεῖα
1707 943 1755 998 δ’
1808 942 2002 1004 αὐτοῖς

302 1032 393 1082 καὶ
455 1032 662 1090 θυσίας
720 1025 825 1094 τὴν
880 1026 1048 1102 πόλιν
1105 1032 1343 1098 δημοσίᾳ
1401 1039 1608 1092 ποιεῖν,
1667 1028 1764 1081 ἐάν
1821 1030 1910 1080 καὶ
1965 1025 1998 1092 ἡ

310 1114 513 1167 ,Πυθία
554 1112 874 1210 ξυναναιρῇ,
919 1109 993 1176 ὠς
1038 1106 1311 1182 δαίμοσιν,
1358 1118 1402 1167 εἰ
1450 1115 1518 1168 δὲΥ
1550 1111 1656 1182 μή,
1700 1111 1772 1175 ὡς
1819 1113 1999 1165 εὐδαί-

301 1202 433 1264 μοσί
479 1217 535 1250 τε
580 1218 672 1250 και
716 1200 915 1259 θείοις.
1008 1196 1377 1263 Παγκάλους,
1431 1203 1564 1271 ἔφη,
1621 1194 1755 1259 τοὺς
1798 1193 2001 1265 ἄρχον-

302 1303 420 1344 τας,
464 1272 503 1333 ὦ
554 1280 872 1350 Σωκρατες,
916 1278 1092 1350 ὥςπερ
1137 1279 1604 1352 ἀνδριαντοποιὸς
1650 1279 2002 1350 άπείργασαι.

303 1367 418 1419 Και
468 1363 567 1427 τὰς
614 1363 899 1434 ἀρχούσας
941 1386 1027 1433 γε,
1075 1356 1145 1430 ἦν
1189 1364 1240 1419 δ’
1290 1365 1426 1432 ἐγώ,
1489 1363 1856 1419 ωΓλαύκων.
1889 1386 2003 1434 μη-

303 1453 395 1503 δὲν
439 1446 548 1520 γάρ
595 1469 646 1502 τι
696 1449 820 1503 οἵου
865 1470 930 1517 με
979 1451 1099 1519 περὶ
1139 1447 1362 1518 άνὸρῶν
1399 1454 1669 1517 εἰρηκέναι
1705 1452 1920 1518 μᾶλλον
1966 1446 2003 1500 ἃ

302 1533 492 1601 ε’ίρηκα
537 1528 571 1599 ἢ
621 1537 744 1603 περὶ
788 1536 1090 1600 γυναικῶν,
1149 1531 1278 1587 ὅσαι
1324 1531 1397 1586 ἂν
1440 1533 1632 1587 ἀὐτων
1675 1536 1861 1587 ι’καναι
1905 1531 2007 1595 τὰς

301 1637 497 1692 φυσεις
534 1621 905 1684 ἐγγίγνωνται
988 1615 1227 1688 Ὀρθῶς,
1275 1621 1397 1690 ἔφη,
1443 1617 1590 1688 ε’ίπερ
1618 1616 1750 1685 ἰ’σα)
1753 1639 1791 1671 ε
1819 1616 2005 1670 πάντα

301 1712 419 1765 τοῖς
463 1698 704 1771 ἀνδράσι
732 1700 1182 1767 κοινωνήσουσιν,
1229 1700 1301 1765 ὡς
1341 1701 1666 1772 διήλθομεν.
1763 1702 1836 1756 Τί
1877 1693 2008 1767 οὖνς

302 1789 474 1861 ἔφην·
536 1786 853 1858 ξυγχωρεῖτε
909 1789 1031 1854 περὶ
1087 1789 1186 1852 τῆς
1244 1785 1453 1850 πόλεως
1494 1791 1551 1841 τε
1593 1790 1682 1840 καὶ
1729 1791 2010 1850 πολιτείας

301 1871 376 1942 μὴ
422 1870 783 1925 παντάπασιν
844 1868 991 1941 ἡμᾶς
1036 1869 1200 1941 εὐχάς
1245 1877 1540 1940 εἰρηκέναι,
1597 1868 1739 1924 άλλά
1791 1869 2005 1941 χαλεπά

420 2032 655 2080 ἑαυτούς
687 2034 1087 2088 κάτοικοσαεῖν]
1121 2038 1290 2086 κοσμεῖν
1325 2037 1415 2077 Par.
1442 2037 1490 2074 A.
1527 2034 1630 2076 Ven.
1652 2035 1698 2076 Ξ.
1729 2034 1862 2077 Vind.
1898 2039 2007 2088 Ang.

305 2094 497 2135 Vnum.

422 2150 472 2191 C,
534 2148 557 2201 ἡ
597 2149 784 2190 Πυθία
818 2148 1137 2204 ξυναναιρῇ]
1171 2149 1208 2189 ῐ
1213 2148 1373 2190 audant
1404 2148 1625 2190 Aristides
1657 2149 1781 2190 Orat
1816 2150 1872 2191 de
1903 2150 2010 2192 rhet

309 2209 362 2248 Τ.
397 2208 449 2250 11.
480 2221 519 2260 p.
553 2208 622 2250 11.
672 2211 717 2248 et
757 2206 912 2249 Thom.
952 2206 1012 2249 M.
1044 2221 1079 2249 s.
1114 2220 1151 2249 v.
1193 2202 1353 2247 α’νεῖλεν
1394 2221 1435 2261 p.
1472 2207 1540 2250 67.
1589 2206 1635 2250 ’ἦ
1630 2223 1705 2246 να
1695 2212 1766 2263 ρῇ
1813 2209 1910 2249 Par.
1959 2213 2007 2249 Α.

307 2267 410 2308 vat.
444 2278 499 2308 m.
532 2265 840 2335 ξ’ᾌυναίρῃνθῐ.
876 2264 993 2307 Θ.1”.
1026 2265 1139 2305 Ven.
1171 2264 1224 2308 11.

425 2323 476 2364 D.
538 2319 669 2378 ἄλλῃ
711 2340 732 2373 η
775 2321 1028 2375 εἴρηται]
1068 2323 1219 2374 Vuigo
1262 2320 1341 2362 οὐκ
1379 2320 1489 2377 ἄλλο]
1521 2322 1700 2375 εἴρηται.
1752 2321 1868 2367 Flor.
1901 2338 1940 2366 a.
1971 2339 2009 2369 c

308 2397 349 2436 y.
388 2379 489 2423 Par.
529 2382 587 2424 A.
633 2381 755 2420 Vind.
800 2381 894 2421 Vnt.
933 2393 987 2421 m.
1031 2384 1075 2420 et
1117 2393 1230 2421 corr.
1271 2383 1367 2421 vat.
1406 2379 1458 2421 Θ.
1503 2377 1581 2418 ουίι
1617 2378 1725 2434 ἄλλῃ
1770 2379 1796 2434 ἢ
1828 2382 2010 2436 εἴρηται,

310 2437 426 2491 quod
469 2438 663 2492 suscepit
706 2439 941 2509 Bekkerus
981 2438 1202 2478 Stobaeus
1239 2437 1380 2481 Serm.
1421 2437 1535 2478 XLI.
1571 2451 1610 2490 p.
1642 2437 1742 2480 260.
1783 2437 1863 2479 οὔκ
1905 2439 2013 2496 ἄλλῃ

308 2511 369 2550 πη
400 2497 579 2549 εἴρηται.
613 2496 714 2537 Bas.
744 2495 786 2538 2.
820 2494 872 2535 ου’
907 2499 1044 2540 κακῶς
1075 2497 1267 2551 εἴρηται,
1309 2502 1355 2537 ut
1385 2495 1496 2538 Ven.
1529 2494 1575 2538 Ξ.
1616 2496 1764 2538 habet.
1805 2497 1923 2539 Mon.
1968 2505 2011 2540 et

311 2554 433 2597 Flor.
462 2557 503 2609 β.
539 2551 618 2595 οὐκ
647 2553 753 2610 ἄλλῃ
780 2552 807 2607 ἢ
838 2557 863 2608 ᾖ
897 2556 1082 2609 εἴρηται.

314 2702 431 2746 tum,
483 2700 532 2736 ut
580 2694 769 2737 Phaedr.
828 2710 873 2748 p.
922 2695 1019 2739 249.
1073 2697 1126 2737 D.

316 2752 672 2806 Aristophan.
734 2753 843 2797 Rau.
908 2768 946 2798 v.
1012 2754 1123 2799 658:

313 2807 430 2862 ἰδού,
453 2809 603 2852 σκόπει
623 2826 698 2852 νυν
719 2810 771 2862 ἢν
789 2810 1122 2866 παρακινήσαντ’

315 2868 426 2924 idne·

375 2925 428 2968 Β.
473 2930 851 2980 κατακοσμεῖν
883 2923 983 2966 τὸν
1010 2927 1123 2967 ἐπί-

318 2982 517 3022 λοιπον
546 2983 664 3035 βίον
694 2984 780 3036 -]
819 2985 967 3036 ltaque
996 2997 1124 3026 senes

319 3043 418 3080 sunt
448 3039 583 3080 totius
616 3040 806 3082 civitatis
830 3042 1045 3095 principes
1080 3047 1124 3083 et

321 3096 645 3141 moderatores.
699 3098 784 3140 Hic
817 3112 988 3152 quoque
1021 3099 1124 3141 Pla-

321 3161 463 3195 tonem
494 3154 642 3196 videas
675 3155 1124 3199 Lacedaemoniorum

322 3212 634 3264 rempublicam
651 3213 708 3254 ob
728 3216 881 3255 oculos
901 3214 1123 3266 inabuisse3

322 3280 565 3321 quanquam
595 3270 632 3310 is
665 3272 870 3325 γέροντας
900 3285 1005 3313 suos
1025 3285 1124 3326 per·

319 3325 465 3367 sectos
495 3325 780 3381 philosophos
811 3343 911 3371 esse
942 3331 1095 3374 voluit.

408 3398 544 3423 οταν
592 3382 647 3424 δὲ
688 3384 737 3425 τὸ
784 3389 953 3440 μέρος
1001 3385 1124 3443 ἥκῃ]

319 3439 434 3482 Nos:
489 3453 638 3482 waun
699 3443 782 3483 die
835 3444 1013 3486 Reihe
1063 3457 1124 3486 an

1213 2697 1294 2737 sie
1326 2697 1547 2738 kommt.
1581 2718 1634 2726 —-
1696 2694 1828 2751 πρὸς
1859 2696 2009 2748 φιλο·

1193 2753 1418 2807 ’σοφίαν
1449 2754 1781 2806 διατρίβειν,
1811 2754 1863 2793 in
1899 2758 2009 2793 stu-

1211 2811 1303 2853 dio
1352 2809 1742 2865 philosophiae
1783 2812 2009 2854 versari.

1267 2894 1472 2943 ἄλλους
1533 2895 1622 2939 ἀεὶ
1684 2894 2009 2937 παιδεύσαν-

1210 2970 1306 3000 τας
1336 2951 1664 3005 τοιούτους]
1691 2950 1842 2994 -alios
1874 2969 2007 2996 sem—

1212 3025 1307 3065 per
1354 3017 1642 3066 postquam
1698 3010 2011 3054 institutio-

1213 3083 1275 3111 ne
1303 3071 1452 3112 taies
1483 3067 1848 3111 reddiderint.

1270 3157 1319 3198 C.
1376 3154 1470 3195 ἐὰν
1499 3153 1588 3194 καὶ
1623 3149 1647 3203 ἧ
1679 3152 1739 3193 Π.
1773 3179 1851 3206 -,
1883 3156 1926 3194 εἰ
1959 3157 2012 3198 δὲ

1211 3213 1310 3270 μή]
1362 3213 1427 3254 En
1466 3212 1503 3251 εἱ
1548 3216 1648 3265 post
1695 3211 1768 3252 ἐάν
1807 3215 2010 3265 positum,

1212 3273 1267 3313 de
1309 3283 1395 3324 qno
1439 3270 1638 3322 loquendi
1682 3284 1843 3323 genere
1879 3284 1917 3312 v.
1961 3271 2013 3312 ad

1213 3328 1434 3371 Phaedon.
1456 3331 1498 3381 p.
1517 3327 1587 3371 93.
1606 3328 1660 3369 B.
1690 3330 1828 3382 Gorg.
1850 3341 1891 3380 p.
1913 3328 2011 3372 470.

1211 3389 1270 3428 A.
1302 3384 1560 3440 Ἀναιρεῖν
1613 3386 1668 3427 de
1699 3387 1883 3428 oraculis
1915 3399 2011 3428 ver-

1211 3444 1309 3486 bum
1360 3444 1594 3495 soliemne3
1646 3458 1682 3488 v.
1732 3445 2010 3485 Hennster-
