2072 3730
106 336 229 401 451¹

248 177 352 228 402
880 173 1350 228 PLATONIS

248 321 312 376 οὔ
352 334 409 374 ’τι
453 323 658 388 γέλωτα
707 320 900 394 ὀφλεῖν
944 353 1016 361 ——
1073 323 1334 378 παιδικὸν
1390 320 1497 392 γὰρ
1545 317 1712 376 τοῦτό
1753 340 1810 386 γε
1845 349 1943 383 -··,

246 402 388 458 ἀλλὰ
432 403 509 472 μὴ
554 409 780 478 σφαλεὶς
839 410 935 472 τῆς
975 405 1258 474 ἀληθείας
1305 407 1370 462 οὐ
1415 405 1590 477 μόνον
1635 402 1808 467 αὐτὸς
1846 403 1964 480 ‹ist--

247 491 315 542 λά
368 492 460 543 καὶ
515 489 649 554 τοὺς
691 495 887 564 φίλους
925 490 1471 561 ξυνεπισπασοὶμενος
1522 494 1768 561 κείσομαι
1825 490 1944 558 περὶ

248 571 284 627 ἃ
342 571 539 640 ἥκιστα
581 576 659 630 δεῖ
702 573 1078 650 σφάλλεσθαι.
1149 578 1431 649 προςκυνῶ
1473 578 1530 630 δὲ
1565 573 1944 647 Ἀδράστειαν,

365 726 418 768 P.
449 726 551 771 451.
585 726 648 769 οὔ
680 744 731 768 τι
761 729 968 781 γέλωτα
1009 726 1222 782 ὀφλεῖν]
1286 729 1373 769 Pro
1405 730 1516 780 vulg.
1549 725 1702 779 ὄφλειν
1734 738 1787 767 ex
1819 724 1945 767 Stob.

250 782 398 838 ὀφλεῖν
438 785 664 836 dedimus,
703 790 941 838 praeeunte
982 787 1270 828 Schneidero.
1331 787 1587 837 Quanquam
1631 783 1854 825 Lobeckio
1891 781 1947 823 ad

253 842 420 884 Buttm.
484 842 562 884 Gr.
611 843 662 886 ΙΙ.
714 857 758 896 p·
802 844 901 888 262.
953 845 1022 886 ed.
1061 858 1100 887 n.
1141 845 1293 899 ὅφλειν
1341 844 1477 884 visum
1519 855 1620 884 esse
1668 841 1812 882 Attice
1859 839 1944 880 dici

249 901 548 952 consuevisse,
579 906 643 953 ut,
675 902 799 942 sicuti
832 903 940 944 aliae
970 903 1136 944 formae
1169 903 1398 943 verborum
1437 914 1555 943 mere
1584 900 1774 950 Atticae,
1810 897 1877 939 hic
1903 903 1948 938 et

248 960 338 999 illic
380 964 543 1001 tantum
583 965 800 1001 servatum
845 961 903 1002 sit
936 961 975 1002 in
1005 960 1133 1004 codd.
1193 961 1290 1002 Nec
1319 971 1423 1001 vero
1469 959 1617 1012 negari
1651 962 1799 1011 potest
1829 955 1946 1009 apud

249 1016 576 1071 Thucydidem,
619 1017 980 1070 Demosthenem,
1021 1020 1155 1066 alios,
1199 1018 1358 1072 passim
1393 1015 1520 1057 huius
1551 1016 1747 1057 infinitivi
1780 1013 1948 1055 formae

249 1077 447 1128 exempla
478 1075 672 1129 reperiri.
733 1075 858 1119 Quae
889 1083 1032 1118 tamen
1065 1077 1207 1118 omnia
1235 1075 1417 1117 vitiosae
1448 1075 1722 1117 Graecitatis
1750 1085 1848 1114 esse
1866 1071 1948 1112 do-

250 1139 450 1175 cumenta
488 1139 667 1175 censent
705 1134 859 1175 Elmsl.
895 1134 950 1176 ad
988 1134 1094 1177 Eur.
1141 1135 1314 1177 HeracL
1354 1148 1395 1173 v.
1437 1132 1537 1178 985.
1585 1132 1701 1173 Guil.

251 1246 460 1302 μυθία]
508 1248 754 1290 Falleretur
785 1248 1060 1292 vehementer

251 1306 327 1359 qui
368 1308 504 1352 καλῶς
542 1306 596 1346 ἂν
637 1306 748 1358 εἶχεν
779 1307 1056 1362 scribendum

252 1368 438 1418 putaret.
461 1376 499 1403 v.
515 1363 569 1404 ad
589 1363 792 1418 Sympos.
815 1378 855 1418 p.
879 1365 977 1408 190.
1009 1365 1057 1407 C.

309 1422 362 1465 P.
394 1420 494 1465 451.
540 1420 675 1461 ἀλλὰ
717 1421 784 1476 μὴ
830 1422 1062 1474 σφαλεὶς

253 1483 348 1530 τῆς
377 1477 824 1534 ἅλ.-κείσομαι]
861 1480 1059 1522 Pendent

255 1535 360 1578 llaec
399 1549 482 1578 non
522 1542 610 1578 tam
648 1550 671 1578 a
719 1529 956 1592 σφαλερόν,
1012 1543 1059 1578 ut

252 1595 384 1636 verba
414 1594 470 1635 οὔ
495 1610 542 1635 τι
559 1594 718 1648 γέλωτα
736 1595 902 1649 ὀφλεῖν,
925 1609 1054 1649 quam

251 1667 274 1694 a
308 1651 514 1708 φοβερόν,
545 1653 660 1706 quod
694 1667 788 1695 cum
820 1651 884 1708 μή
915 1660 959 1695 et
990 1654 1056 1694 in-

252 1711 439 1753 dicativo
478 1711 613 1752 futuri
645 1717 941 1753 constructum
974 1717 1055 1755 est.

250 1769 349 1811 Noli
379 1773 527 1812 autem
556 1768 665 1811 hanc
689 1771 1054 1812 constructionem

253 1827 408 1869 mirari.
422 1825 530 1869 Nam
541 1825 604 1881 μή
616 1827 948 1882 ροεῐηιεωεηάἰ
960 1839 1058 1868 ver-

253 1887 306 1927 ba
321 1885 393 1927 ubi
407 1898 503 1927 cum
518 1885 749 1927 indicativo
763 1890 1059 1928 constructum

255 1943 450 1995 infertur,
474 1945 646 1998 proprie
666 1944 956 1997 interrogandi
980 1956 1058 1996 po·

254 2007 416 2044 testate
455 2003 642 2056 positum
681 2007 773 2053 est,
834 2014 871 2042 v,
925 2001 1059 2043 Her-

255 2073 423 2101 mann.
458 2059 511 2101 ad
545 2058 772 2112 Aristoph.
793 2059 1056 2103 Nubb..489.

256 2119 354 2162 coll.
395 2117 449 2159 ad
482 2117 670 2171 Eurip.
712 2117 829 2158 Med.
877 2130 915 2157 ν.
957 2118 1055 2161 310.

255 2176 396 2225 Quum
430 2181 575 2217 autem
607 2173 668 2228 μή
710 2176 773 2216 sic
804 2175 1058 2228 interroget,

260 2240 334 2285 ut,
367 2234 438 2287 qui
471 2247 523 2277 eo
556 2233 708 2284 utitur,
750 2234 785 2273 is
817 2245 865 2274 se
896 2232 1057 2285 aliquid

262 2293 402 2334 vereri
430 2298 504 2332 aut
535 2291 651 2332 nolle
674 2291 900 2345 significet,
932 2305 1058 2344 aper-

261 2357 347 2392 tum
390 2363 490 2392 esse
517 2349 775 2391 arbitramur
818 2348 924 2389 hanc
956 2361 1060 2390 cou-

260 2408 543 2449 structionem
563 2407 617 2448 ibi
639 2407 853 2460 usurpari,
875 2406 945 2447 uhi
966 2407 1062 2458 quis

258 2467 319 2518 id,
351 2464 469 2519 quod
495 2470 712 2517 vereatur,
744 2479 791 2507 re
835 2476 934 2506 vera
967 2477 1067 2506 esse

262 2527 329 2566 vel
368 2525 508 2566 fuisse
539 2524 608 2564 vel
647 2522 837 2565 futurum
870 2535 969 2564 esse
1001 2523 1064 2562 in-

259 2582 409 2624 dicare
426 2583 540 2624 velit.
574 2582 637 2622 De
653 2580 896 2634 praeteritis
917 2593 1063 2622 exem·

259 2642 326 2695 pla
373 2640 593 2682 attulimus
623 2639 741 2680 alihi.
802 2637 928 2680 Nunc
957 2639 1064 2680 invi-

258 2703 382 2740 tante
408 2698 635 2739 occasione
666 2698 798 2738 futuri
831 2709 954 2738 nsum
988 2709 1064 2737 ex-

258 2756 543 2811 planabimus,
576 2767 630 2797 ne
660 2762 826 2797 temere
865 2754 926 2796 ibi
961 2755 1064 2795 scri-

260 2815 403 2867 psisse
434 2813 676 2864 videamur,
706 2811 767 2866 μή
801 2813 859 2853 ita
885 2824 968 2852 non
989 2825 1061 2853 so·

259 2875 347 2914 lum
389 2886 487 2913 cum
523 2870 740 2925 perfecto,
801 2870 878 2911 sed
929 2870 1059 2912 etiam

260 2943 356 2972 cum
390 2930 580 2980 aoristo,
615 2928 829 2982 praesenti
858 2940 909 2969 ac
939 2929 1060 2969 futu-

259 3002 310 3030 ro
349 2988 552 3041 copulari.
602 2985 763 3029 Phileb.
807 2998 857 3038 p„
887 2985 957 3029 13.
1001 2991 1061 3030 A:

260 3049 488 3099 φοβοῦμαι
531 3045 598 3095 δέ,
637 3043 698 3097 μή
737 3057 858 3088 τινας
906 3041 1063 3095 ἡδονὰς

260 3102 433 3154 ἡδοναῖς
450 3100 690 3157 εὑρήσομεν
711 3102 923 3148 ἐναντίας-ε
964 3114 1002 3142 m
1015 3115 1058 3142 e-

260 3166 359 3201 tuo
404 3166 606 3208 autem,
655 3173 771 3202 num
825 3159 891 3210 (id
945 3159 1061 3212 quod

262 3230 346 3271 ego
384 3216 541 3270 nolim)
580 3217 856 3259 inventuri
895 3218 1061 3258 simus

262 3277 586 3328 voluptates
618 3275 873 3328 quasdam
911 3276 1060 3316 volu-

261 3333 509 3387 ptatibus
568 3333 906 3374 contrariasz
972 3333 1059 3373 ich

260 3393 346 3432 hin
376 3390 506 3432 aber
537 3391 582 3430 in
617 3390 842 3439 Furcht,
876 3398 939 3431 ot)
967 3389 1059 3430 wir

257 3447 556 3491 vielleicht
626 3449 742 3500 (was
812 3448 876 3489 ich
943 3446 1059 3489 nicht

1749 1128 1948 1172 Dindorf.

1143 1247 1337 1298 mochte3
1369 1249 1481 1288 denn
1513 1246 1577 1289 ich
1612 1245 1824 1298 l‘iirchte3)
1856 1246 1946 1288 vel:

1145 1307 1210 1349 ob
1252 1308 1345 1347 wir
1377 1304 1521 1346 nicht
1566 1310 1728 1356 etwa‚
1762 1304 1948 1358 einige

1147 1363 1318 1406 Liiste
1348 1362 1550 1404 andern
1592 1362 1804 1404 Lfisten
1835 1367 1947 1404 ent-

1144 1426 1559 1476 gegengesetzt
1597 1419 1791 1462 finden
1825 1433 1948 1462 wer-

1146 1481 1269 1531 den‘,
1310 1477 1350 1520 h.
1389 1493 1428 1520 e.
1463 1484 1568 1531 puto
1604 1479 1797 1521 futurum
1837 1492 1948 1526 esse,

1145 1544 1192 1579 ut
1208 1538 1455 1591 voluptates
1464 1537 1761 1589 voluptatibus
1777 1542 1947 1578 contra-

1142 1597 1230 1637 riae
1258 1600 1512 1649 appareant.
1553 1594 1782 1640 Lucian.
1824 1595 1946 1639 Diali.

1143 1653 1272 1695 Mort.
1308 1652 1367 1704 X,
1404 1653 1447 1695 1:
1483 1651 1777 1706 ἤι’-ἐμβῆτε,
1808 1652 1947 1704 δέδια,

1142 1710 1199 1765 μὴ
1237 1709 1415 1764 ὕστερον
1454 1709 1763 1763 μεταιόήσετεε
1803 1723 1947 1753 wenn

1142 1768 1226 1811 ihr
1264 1768 1364 1810 den
1408 1767 1638 1810 Nacheu
1679 1770 1947 1819 betretet,

1143 1840 1202 1869 so
1238 1825 1463 1868 fiirchte
1492 1825 1600 1874 ich,
1632 1826 1796 1869 obihr
1821 1828 1948 1868 viel-

1143 1884 1348 1935 leicht‚
1398 1883 1507 1926 oder
1552 1884 1608 1926 ob
1657 1883 1739 1925 ihr
1791 1883 1948 1926 nicht

1145 1948 1301 1989 etwa,
1343 1956 1397 1982 es
1439 1941 1728 1995 spiiterhin
1763 1943 1947 1985 bereu-

1145 2014 1206 2043 eu
1243 1999 1476 2047 wei-det,
1522 2001 1547 2041 i.
1581 2013 1618 2042 e.
1651 2014 1709 2041 so
1743 2001 1950 2042 werdet

1149 2058 1227 2099 ihr
1274 2058 1476 2111 gewviss
1537 2072 1592 2100 es
1652 2058 1947 2112 spiiterhin

1145 2117 1400 2157 hereneu.
1434 2115 1573 2159 Plat.
1597 2117 1759 2170 Cratyl.
1787 2130 1827 2171 p.
1848 2115 1948 2159 393.

1145 2175 1200 2214 C:
1242 2172 1456 2227 φύλατιε,
1496 2172 1557 2226 μή
1598 2190 1656 2226 πῃ
1698 2174 1948 2229 παρακρού-

1144 2233 1279 2285 copul
1315 2246 1374 2273 σε.
1444 2231 1532 2274 Sed
1583 2234 1704 2284 plura
1749 2234 1947 2285 exempla

1145 2288 1442 2344 suppeditabit
1464 2290 1652 2332 Matth.
1685 2291 1761 2334 Gr.
1794 2291 1947 2341 §.519.

1150 2349 1216 2396 7.,
1262 2348 1333 2399 qui
1385 2348 1487 2390 item
1527 2347 1581 2390 de
1620 2349 1786 2400 origine
1827 2348 1948 2390 huius

1149 2411 1394 2447 structurae
1410 2405 1601 2448 breviter
1619 2407 1798 2448 monuit.
1815 2406 1944 2448 Cete-

1152 2477 1243 2505 rum
1290 2463 1345 2505 de
1393 2462 1448 2514 μή
1493 2464 1788 2518 interrogante
1831 2466 1947 2508 conf.

1151 2524 1278 2563 etiam
1319 2533 1430 2573 quae
1469 2522 1635 2564 monuit
1665 2521 1947 2568 'l'hiersch.

1151 2581 1230 2621 Gr.
1262 2579 1300 2632 ξ.
1340 2579 1441 2624 351.
1484 2581 1556 2623 20.
1601 2604 1655 2611 --
1696 2579 1828 2627 τοῦς
1868 2583 1947 2631 φί-

1150 2638 1280 2683 λους
1311 2638 1585 2680 Serranam.
1623 2654 1685 2687 κ.,
1732 2638 1773 2680 h.
1805 2652 1843 2682 e.
1876 2641 1945 2681 la-

1152 2708 1280 2749 psus
1339 2694 1542 2737 traham
1594 2696 1764 2738 etiam
1822 2697 1947 2739 ami-

1150 2767 1247 2794 cos
1280 2765 1434 2796 meos.
1469 2754 1665 2796 Verbum
1687 2752 1946 2795 συνεπισπά-

1148 2814 1338 2860 ono-vm,
1390 2811 1444 2852 ah
1479 2810 1648 2852 athletis
1702 2813 1948 2864 repetitum,

1148 2870 1280 2911 docte
1310 2869 1541 2914 illustravit
1574 2869 1946 2912 Hemster-hus.

1144 2926 1198 2968 ad
1245 2926 1419 2968 Lucian.
1455 2926 1614 2978 Nigrin.
1659 2941 1699 2980 p.
1737 2927 1838 2971 264.
1878 2928 1946 2969 ed.

1148 2985 1296 3028 Lehm.
1327 2983 1381 3024 T.
1418 2985 1454 3024 Ι.
1488 2985 1526 3036 ξ.
1560 2985 1629 3028 11.
1688 3030 1692 3034 ,

1206 3046 1476 3094 nont-unvai
1539 3042 1596 3082 δὲ
1640 3039 1944 3096 Ἀδράστει·

1146 3115 1208 3139 αν
1247 3099 1334 3150 ——]
1395 3099 1528 3149 Oro,
1570 3101 1732 3153 inquit,
1782 3099 1944 3142 Aelra—
2016 3101 2020 3106 ’

1146 3163 1346 3204 steam,
1389 3168 1449 3197 ne
1489 3169 1563 3198 me
1607 3159 1795 3211 puniat
1826 3172 1944 3212 pro·

1145 3214 1942 3268 pterea,quaedicturussum:

1147 3285 1311 3325 spero
1344 3272 1483 3314 enim
1518 3274 1686 3316 minus
1715 3287 1944 3327 peccare

1146 3342 1285 3378 eum,
1339 3331 1423 3382 qui
1464 3331 1673 3373 invitus
1712 3333 1940 3384 aliquem

1144 3387 1475 3436 interficiat,
1518 3402 1676 3442 quam
1728 3391 1816 3442 qui
1848 3391 1940 3430 ali·

1142 3459 1297 3500 quem
1331 3446 1768 3501 ‹lecipiatdeeo,
1803 3448 1941 3502 quod
