2098 3658
270 145 328 193 14

263 282 645 335 detrimentum
682 281 753 332 im
798 288 953 333 ortet.
1033 280 1363 335 Iniustitiam
1416 289 1605 335 contra
1663 281 1970 335 hominibus

262 373 389 406 vere
439 352 622 407 stultis
677 301 979 421 iisdemque
1026 351 1182 405 iustis
1234 354 1528 424 imperare,
1571 361 1626 404 et
1666 353 1760 422 qui
1799 352 1971 423 impe-

262 425 402 478 ranti
440 429 720 492 praestent
755 422 1095 491 obsequium,
1127 443 1219 476 eos
1259 425 1437 477 facere
1479 422 1628 493 quod
1668 423 1796 476 huic
1837 424 1969 476 utile

263 497 336 547 sit
389 513 622 563 eumque
660 494 882 546 beatum
920 494 1086 546 faciat
1137 514 1235 547 sua
1272 497 1288 547 i
1333 515 1515 548 sorum
1554 494 1806 565 neglecta
1844 495 1971 548 bea-

263 567 435 620 titate.
474 566 537 618 P.
578 567 698 618 343.
739 563 933 617 A—C.
974 597 1039 603 —
1078 566 1274 635 ltaque
1293 517 1741 637 Iiljhrasymaehus
1776 565 1969 619 dehinc

261 638 428 708 longa
465 655 530 690 ac
568 636 774 689 diserta
811 636 1054 689 oratione
1093 636 1414 690 iniustitiam
1442 637 1685 690 maximis
1711 637 1965 690 laudibus

261 708 784 778 celebrat,quippe
841 725 1011 776 quae,
1066 707 1358 762 dummodo
1421 709 1671 762 omnibus
1732 709 1969 760 numeris

260 779 514 834 absoluta
565 780 669 848 sit,
710 778 888 848 qualis
939 779 996 831 in
1044 787 1277 851 tyranno
1315 780 1690 851 conspiciatur
1729 779 1805 849 (p.
1847 783 1969 833 344.

259 853 374 904 A-
391 849 483 918 C.)
520 851 692 904 multo
731 850 1033 920 sapientior
1070 851 1160 917 sit,
1188 851 1440 920 validior,
1481 851 1692 905 beatior
1730 851 1967 921 denique

257 941 423 991 quam
457 922 684 975 iustitia.
761 920 874 989 Qui
913 921 1086 989 locus,
1120 930 1182 974 ut
1218 922 1322 976 hoc
1350 942 1447 994 per
1483 923 1827 976 occasionem
1856 943 1969 977 mo-

259 1011 506 1061 neamus,
546 994 675 1046 item
709 1011 774 1046 eo
818 999 914 1058 ,est
949 994 1345 1061 memorabiIiS,
1386 993 1534 1063 quod
1584 992 1966 1065 philosophuS,

261 1084 426 1135 quum
475 1064 581 1118 ista
629 1064 880 1135 scripsit,
921 1072 1106 1134 aperte
1143 1065 1266 1118 iam
1304 1065 1361 1117 in
1398 1072 1577 1118 mente
1621 1064 1813 1118 habuit
1850 1066 1963 1133 illa,

258 1155 398 1205 quae
435 1136 574 1190 libro
611 1144 806 1190 octavo
843 1156 896 1207 p.
937 1137 1059 1189 562.
1098 1137 1170 1190 A.
1208 1154 1326 1206 sqq.
1366 1146 1421 1189 et
1455 1136 1596 1189 libro
1648 1135 1860 1190 decimo
1901 1136 1970 1188 de

257 1207 373 1260 vita
430 1207 652 1279 tyranni
713 1206 1042 1278 disputavit,
1106 1215 1167 1260 ut
1212 1207 1340 1260 hinc
1389 1226 1607 1276 quoque
1657 1209 1969 1260 confutetur

259 1280 534 1332 sententia
583 1278 651 1331 de
689 1279 864 1350 primo
914 1279 1055 1332 libro
1093 1278 1453 1349 Reipublicae
1491 1297 1524 1330 a
1560 1278 1794 1332 Platone
1834 1278 1966 1332 ado-

255 1349 741 1420 lescente—scripto
792 1368 856 1402 ac
893 1357 1087 1421 postea
1125 1349 1342 1402 demum
1378 1349 1634 1403 universo
1676 1350 1826 1420 operi
1864 1350 1963 1403 ad-

257 1421 548 1492 glutinato.
626 1421 899 1474 Nimirum
937 1422 1142 1474 iustum
1169 1421 1416 1491 sophista
1446 1428 1632 1474 censet
1670 1422 1967 1491 potentiori

256 1509 384 1546 essev
414 1491 788 1556 conducibile3
827 1492 1090 1545 iniustum
1138 1500 1322 1544 autem
1369 1491 1491 1562 vult
1539 1492 1644 1545 sibi
1697 1492 1804 1563 ipsi
1840 1513 1968 1563 pro.-

256 1562 434 1616 desse.
523 1563 720 1632 Itaque
782 1563 1044 1617 iustitiam
1091 1569 1253 1616 vocat
1301 1561 1594 1615 admodum
1648 1583 1969 1634 generosam

256 1634 568 1700 stultitiam3
603 1634 929 1688 iniustitiam
983 1641 1164 1687 autem
1215 1641 1279 1689 ut
1312 1634 1585 1705 insignem
1621 1634 1967 1704 prudentiam

255 1704 522 1774 celebrat,
564 1725 727 1776 quam
778 1706 872 1776 qui
918 1706 1136 1777 possint
1185 1723 1435 1758 exercere
1485 1706 1702 1774 plenam
1725 1738 1727 1764 ;
1752 1711 1807 1759 et
1843 1727 1968 1777 per-

254 1778 481 1840 fectam,
509 1778 589 1830 ita
623 1786 687 1830 ut
721 1785 870 1841 totas
907 1777 1156 1831 civitates
1194 1777 1301 1830 sibi
1336 1776 1664 1844 subiiciant,
1704 1796 1798 1832 eos
1838 1797 1966 1832 vere

254 1866 379 1902 esse
415 1848 714 1920 prudentes
754 1868 818 1902 ac
853 1850 1058 1917 bonOS,
1098 1855 1161 1902 ut
1208 1847 1345 1902 adeo
1391 1847 1584 1901 iniusti
1634 1849 1715 1918 (οἱ
1749 1847 1967 1919 ἄδικοι)

255 1920 531 1992 sapientes
581 1929 748 1990 atque
797 1921 929 1974 boni
968 1918 1270 1993 (φρόνιμοι
1308 1922 1400 1972 καὶ
1439 1919 1686 1989 ἀγαθοί)
1726 1920 1962 1974 habendi

255 1993 385 2046 sint.
421 1992 486 2045 P.
525 1993 649 2045 343.
701 1990 944 2044 c—-345.
998 1992 1066 2044 B.
1103 2022 1173 2030 -—
1210 1991 1359 2044 Huic
1397 2009 1528 2044 vero
1566 1998 1677 2044 tam
1716 1993 1871 2063 gravi
1910 2000 1966 2045 et

255 2063 563 2117 vehementi
620 2063 855 2116 hominis
918 2062 1154 2116 orationi
1215 2060 1471 2116 Socrates
1533 2061 1965 2131 prudentissimo

255 2135 482 2188 consilio
521 2134 655 2187 nihil
686 2134 842 2187 valiud
881 2134 1112 2205 opponit
1139 2133 1247 2187 nisi
1271 2133 1576 2187 disserendi
1606 2135 1966 2188 subtilitatem

257 2214 422 2276 atque
458 2205 780 2276 gravitatem
834 2206 900 2259 ab
939 2207 1114 2258 iraset
1152 2204 1454 2275 cupiditate
1493 2205 1740 2259 alienam.
1817 2207 1964 2259 Nam

255 2297 424 2348 quum
459 2278 551 2330 ille
586 2278 839 2331 absoluta
877 2278 1122 2330 oratione
1162 2276 1560 2347 copiosissima,
1601 2277 1756 2346 quasi
1797 2297 1961 2348 opere

254 2350 392 2403 bene
415 2354 670 2420 peracto,
707 2350 817 2402 iam
842 2348 1155 2402 discessum
1185 2348 1530 2418 paravisset,
1572 2347 1668 2401 sed
1745 2350 1960 2406 reci-bus

252 2420 626 2491 praesentium
664 2428 811 2474 esset
855 2427 1141 2487 retentus,
1170 2418 1427 2486 Socrates
1465 2438 1587 2472 eum
1626 2439 1693 2473 co
1732 2427 1961 2490 ortatur,

253 2499 318 2546 ut
353 2492 654 2546 sententiae
701 2510 831 2545 suae
877 2492 1187 2545 accuratius
1233 2490 1639 2544 etiammeddat
1677 2492 1962 2557 rationem,

258 2562 703 2633 quandoquidem
749 2562 821 2616 de
867 2582 933 2616 ea
979 2582 1038 2616 re
1076 2570 1302 2634 agatur,
1343 2581 1497 2631 quae¹
1521 2562 1590 2616 ad
1624 2582 1843 2617 ‘omnem
1879 2564 1962 2616 vi·

252 2634 419 2688 vendi
455 2635 772 2694 felicitatem
807 2635 974 2707 longe
1025 2635 1098 2688 sit
1134 2633 1473 2706 gravissima.
1513 2635 1577 2688 P.
1618 2635 1739 2688 344.
1779 2636 1851 2688 A.
1891 2635 1959 2688 B.

254 2738 335 2750 —>
394 2707 629 2772 Fatetur
676 2714 860 2760 autem
897 2713 1088 2776 aperte
1135 2724 1194 2760 se
1243 2703 1464 2775 quidem
1501 2706 1721 2759 minime
1758 2706 1959 2770 iam-in

253 2784 371 2831 eam
393 2779 739 2832 sententiam
768 2796 896 2832 »esse
933 2776 1279 2849 perductum,
1304 2784 1367 2830 ut
1397 2777 1715 2831 iniustitiam
1752 2778 1961 2832 iusti-tia

251 2849 524 2902 utiliorem
561 2857 617 2902 et
649 2850 1070 2903 fructuosiorem
1115 2856 1237 2903 esse
1275 2848 1567 2918 existimet,
1608 2849 1956 2919 quantumvis

253 2939 317 2972 ea
352 2921 586 2973 maxima
633 2929 816 2974 utatur
861 2921 1064 2975 iniuste
1115 2919 1355 2974 faciendi
1402 2920 1626 2973 licentia
1666 2928 1720 2973 et
1757 2939 1959 2991 oppor-

250 2992 499 3045 tunitate.
563 2990 745 3059 (Quod
769 2996 772 3000 ’
795 2993 899 3046 etsi
947 2993 1223 3046 fastuosus
1247 2990 1520 3061 sophista
1566 2991 1954 3045 molestissime

250 3063 378 3132 fert,
415 3071 599 3116 tamen
648 3063 768 3133 ipse
806 3064 1026 3117 minime
1063 3062 1392 3133 impeditur,
1433 3062 1722 3132 quominus
1765 3070 1958 3121 contra

253 3153 376 3188 eum
430 3133 711 3206 disputare
759 3135 1027 3188 instituat.
1109 3134 1187 3187 Et
1235 3134 1468 3203 primum
1517 3132 1741 3201 quidem
1798 3143 1956 3187 acute

252 3204 417 3260 docet
461 3205 633 3276 ipsius
679 3206 893 3277 imperii
945 3213 1195 3259 naturam
1233 3211 1287 3257 et
1323 3204 1620 3271 rationem,
1661 3203 1955 3258 dummodo

251 3284 400 3331 recte
444 3276 798 3345 informetur,
837 3277 1158 3347 neutiquam
1207 3295 1325 3329 eam
1380 3294 1532 3344 esse,
1583 3283 1646 3328 ut
1693 3275 1831 3329 illud
1885 3275 1956 3329 ad

252 3349 596 3420 propriorum
647 3347 1055 3402 commodorum
1106 3355 1162 3401 et
1197 3346 1506 3400 utilitatum
1533 3346 1774 3402 studium
1811 3367 1955 3402 com·

251 3425 501 3490 paratum
552 3438 672 3475 esse
721 3426 962 3474 statuere
1009 3418 1188 3474 liceat.
1264 3418 1355 3471 De
1407 3435 1518 3487 qua
1563 3438 1622 3471 re
1661 3419 1804 3473 hune
1842 3419 1953 3472 fere
