2124 3744
254 237 272 284 l
290 234 349 283 18
811 222 1382 278 ARGUMENTUM

248 371 579 442 perlustrato
637 385 821 419 earum
881 363 1077 417 artium
1139 363 1377 428 ambitU,
1439 361 1638 430 quibus
1715 359 1953 412 civitatis

250 439 509 496 custodes
546 435 832 491 erudiendi
872 442 1019 501 sunt,
1060 433 1163 489 hoc
1201 439 1472 502 superest,
1511 439 1572 484 ut
1608 451 1716 500 qua
1740 432 1952 485 ratione

250 520 305 566 et
355 529 465 581 qua
514 509 658 561 vitae
708 514 888 560 aetate
959 505 1209 576 singulae
1272 502 1536 556 colendae
1612 505 1725 556 sint
1787 509 1951 571 atque

252 579 624 646 exercendae,
676 579 867 648 paucis
916 577 1234 646 explicetur.
1325 576 1519 642 Itaque
1558 575 1741 626 statim
1780 593 1812 626 a
1852 593 1952 642 pu-

251 654 408 707 eritia
457 651 620 704 animi
657 650 916 702 iuvenum
953 648 1018 700 iis
1059 647 1266 700 artibus
1305 644 1586 699 imbuendi
1618 653 1777 713 sunt,
1835 649 1955 714 qui-

253 727 353 779 bus
403 722 473 777 ad
529 721 779 792 graviora
828 717 1183 790 percipienda
1233 724 1651 788 praeparentur,
1720 716 1824 770 hoc
1871 722 1956 769 est

250 795 459 849 musica
522 802 577 845 et
632 791 1003 863 gyninastica,
1068 789 1375 857 ceterisque
1425 786 1762 856 disciplinis,
1818 805 1954 856 quas

252 876 377 920 ante
427 864 770 917 dialecticam
810 861 1109 932 posuimus.
1186 860 1252 912 In
1296 859 1494 928 quibus
1532 858 1812 911 tradendis
1850 858 1955 911 hoc

253 934 656 991 observandum
696 941 798 1001 est,
839 941 901 985 ut
937 952 1002 984 ne
1045 931 1164 1000 quis
1203 931 1257 983 vi
1297 938 1351 982 et
1388 930 1713 983 necessitate
1754 928 1823 982 ad
1863 947 1954 982 eas

251 1007 540 1062 discendas
566 1005 902 1074 impellatur:
944 1002 1077 1055 nihil
1105 1002 1265 1071 enim,
1307 1000 1456 1071 quod
1493 1021 1591 1072 per
1626 1001 1736 1054 vim
1775 1000 1955 1053 animo

248 1079 585 1145 inculcatur,
632 1077 857 1128 firmiter
894 1076 945 1127 ei
980 1073 1251 1127 inhaeret:
1303 1074 1411 1126 imo
1455 1073 1638 1125 omnia
1675 1073 1830 1141 quasi
1874 1072 1955 1124 lu·

251 1149 432 1203 dendo
484 1147 801 1214 tradantur,
856 1165 964 1215 qua
1000 1145 1210 1197 ratione
1250 1145 1412 1197 etiam
1452 1143 1557 1195 hoc
1597 1143 1954 1210 obtinebitur,

250 1230 312 1276 ut
350 1238 610 1289 quorsum
649 1219 914 1286 cuiusque
950 1215 1145 1269 tendat
1178 1216 1475 1287 ingenium,
1517 1214 1730 1267 facilius
1771 1215 1956 1267 obser-

251 1300 425 1346 vetur.
466 1321 536 1330 —
609 1290 822 1342 Exacto
876 1295 1055 1340 autem
1097 1306 1238 1339 anno
1278 1287 1470 1339 aetatis
1508 1285 1805 1356 vigesimo,
1863 1285 1957 1354 qui

252 1363 445 1434 optimi
481 1363 623 1413 inter
661 1379 849 1413 omnes
886 1357 1116 1410 iudicati
1154 1359 1355 1410 fuerint
1398 1356 1805 1423 adolescentes,
1848 1375 1957 1408 non

252 1435 428 1488 solum
467 1431 722 1501 praemiis
763 1430 944 1483 ornari
972 1428 1190 1496 debent,
1231 1427 1329 1481 sed
1367 1428 1526 1480 etiam
1563 1427 1794 1497 amplius
1836 1446 1957 1479 eru-

252 1505 372 1558 diri.
450 1501 618 1570 Quod
657 1501 878 1571 quidem
916 1501 994 1552 ita
1030 1499 1144 1567 fiet,
1184 1507 1247 1552 ut
1287 1518 1425 1568 quae
1452 1505 1612 1551 antea
1650 1498 1716 1551 iis
1757 1497 1958 1551 tradita

251 1584 378 1629 sunt
425 1594 523 1645 per
571 1581 784 1643 parteS,
837 1591 902 1624 ea
949 1572 1006 1623 in
1057 1590 1220 1624 unam
1265 1569 1589 1641 redigantur
1637 1568 1957 1639 disciplinae

250 1649 508 1713 formam,
567 1664 676 1713 quo
726 1643 902 1714 magis
950 1661 1129 1695 rerum
1175 1660 1346 1694 nexus
1393 1659 1684 1710 earumque
1721 1639 1865 1692 inter
1899 1659 1957 1708 se

251 1716 602 1771 cohaerentia
638 1714 1018 1786 perspiciatur.
1095 1715 1284 1781 Atque
1319 1711 1447 1765 hinc
1501 1712 1662 1764 etiam
1710 1710 1848 1764 illud
1899 1731 1958 1773 o-

250 1790 420 1858 ptime
456 1787 814 1857 intelligetur,
854 1805 983 1837 uum
1008 1784 1129 1853 quis
1169 1783 1239 1836 ad
1263 1781 1578 1836 discendam
1619 1782 1958 1836 dialecticam

253 1860 486 1913 idoneus
534 1859 619 1911 sit.
705 1857 826 1910 Hac
867 1856 1255 1908 exercitatione
1294 1874 1471 1927 usque
1509 1854 1580 1907 ad
1617 1853 1958 1926 trigesimum

253 1950 456 1984 annum
511 1929 828 1982 continuata
890 1927 1070 1980 denuo
1123 1926 1516 1997 explorandum
1566 1920 1680 1994 est,
1735 1925 1958 1994 quinam

251 2004 393 2055 inter
444 2018 536 2054 eos
592 1998 779 2052 iudicii
829 1998 1132 2052 subtilitate
1196 2006 1359 2065 atque
1408 1997 1657 2050 acumine
1724 1996 1956 2049 maxime

253 2073 541 2126 excellant.
618 2069 744 2137 Quo
782 2071 928 2122 facto
980 2070 1073 2138 qui
1111 2068 1214 2120 visi
1251 2068 1456 2120 fuerint
1495 2067 1796 2120 acutissimi
1834 2067 1958 2121 seli-

252 2143 419 2215 gendi
467 2150 632 2210 atque
680 2161 779 2210 per
833 2140 1076 2210 quinque
1126 2158 1299 2192 annos
1350 2140 1406 2191 in
1460 2138 1762 2192 dialecticis
1798 2139 1957 2191 insti·-

251 2213 441 2268 tuendi
489 2219 643 2279 sunt,
698 2219 762 2263 ut
813 2211 1032 2280 quinam
1081 2218 1264 2280 spreto
1303 2229 1560 2264 sensuum
1615 2210 1850 2263 ludibrio
1887 2211 1958 2263 ad

252 2305 442 2338 verum
482 2285 796 2352 bonumque
834 2281 1312 2352 contemplandum
1354 2283 1583 2334 maxime
1622 2281 1807 2334 idonei
1846 2283 1958 2335 sint

254 2357 397 2409 clare
436 2361 822 2425 cognoscatur.
899 2353 965 2405 In
1002 2372 1111 2421 qua
1148 2352 1368 2421 quidem
1406 2353 1765 2406 institutionis
1800 2361 1956 2423 parte

253 2427 543 2496 diligenter
594 2424 890 2478 videndum
940 2431 1051 2493 est,
1115 2443 1182 2476 ne
1236 2443 1345 2493 qua
1405 2420 1726 2494 disputandi
1778 2425 1956 2478 rabies

252 2497 682 2550 adolescentium
712 2497 920 2548 animos
958 2498 1208 2566 occupet,
1248 2514 1406 2562 neve,
1449 2494 1578 2547 dum
1612 2495 1679 2548 de
1705 2496 1954 2549 omnibus

251 2569 414 2622 rebus
464 2568 520 2620 in
573 2574 858 2635 utramque
906 2573 1115 2638 partem
1153 2564 1494 2634 disseratur,
1545 2565 1682 2618 nihil
1738 2567 1955 2620 omnino

253 2649 403 2693 certo
458 2639 524 2691 ab
579 2638 890 2691 hominibus
941 2638 1202 2708 cognosci
1250 2656 1410 2706 posse
1448 2647 1652 2690 temere
1691 2637 1795 2690 sibi
1834 2657 1956 2708 per-

254 2710 551 2778 suadeant,
612 2708 848 2776 ideoque
904 2709 1020 2761 veri
1070 2707 1438 2779 investigandi
1498 2727 1734 2761 amorem
1794 2709 1955 2779 plane

254 2782 531 2834 abiiciant.
600 2780 834 2850 'Elapso
873 2787 1052 2832 autem
1103 2787 1350 2849 tempore
1396 2779 1587 2831 harum
1625 2798 1800 2832 rerum
1838 2787 1955 2832 stu-

255 2852 359 2905 diis
411 2850 683 2904 destinato
734 2850 860 2903 inde
910 2851 978 2903 ab
1029 2869 1168 2903 anno
1208 2851 1402 2903 aetatis
1435 2850 1718 2920 trigesimo
1762 2850 1954 2918 quinto

254 2941 428 2992 usque
467 2922 536 2974 ad
567 2922 1082 2992 quinquagesimum
1105 2921 1340 2991 publicis
1383 2922 1682 2991 fungantur
1717 2921 1953 2991 negotiis

257 3002 420 3061 atque
469 2992 801 3063 reipublicae
846 3011 1068 3063 operam
1116 3000 1336 3045 navent.
1424 2990 1589 3059 Quod
1628 2991 1722 3059 qui
1760 2992 1838 3043 ita
1874 2993 1953 3044 fe-

257 3065 456 3130 cerint,
509 3073 570 3123 ut
618 3064 735 3133 spei
781 3062 848 3115 dc
888 3064 1022 3133 ipsis
1061 3070 1349 3133 susceptae
1388 3062 1727 3116 satisfactum
1767 3062 1954 3115 videa—

255 3143 373 3200 tur,
423 3136 461 3187 ii
510 3135 580 3187 ad
629 3153 897 3187 summum
948 3134 1307 3188 institutionis
1357 3132 1633 3203 fastigium
1684 3132 1952 3186 educendi

255 3213 401 3271 sunt,
439 3204 544 3257 hoc
583 3213 668 3258 est
710 3204 780 3266 ad
818 3206 984 3258 boni
1019 3205 1252 3275 ipsius
1290 3203 1838 3273 contemplationem,
1886 3225 1951 3258 ex

255 3293 365 3343 qua
413 3275 604 3329 animis
654 3277 768 3328 suis
816 3276 1037 3346 capiant
1083 3294 1323 3328 summae
1364 3274 1580 3327 virtutis
1627 3282 1793 3343 atque
1830 3295 1952 3346 per-

255 3346 508 3399 fectionis
545 3347 857 3415 imaginem,
894 3345 964 3399 ad
1001 3346 1157 3400 cuius
1196 3344 1600 3400 similitudinem
1642 3365 1809 3415 quum
1846 3347 1973 3417 ipsi.

256 3435 383 3471 suos
435 3435 610 3469 mores
661 3425 1020 3486 componant,
1071 3428 1186 3471 tum
1226 3415 1648 3486 rempublicam,
1689 3416 1758 3470 ad
1797 3418 1951 3470 cuius
