2098 3658
242 143 343 191 :5:54
861 133 1338 186 PLATONIS

244 277 382 344 φίλε,
427 269 598 331 εἶπον,
644 266 742 322 &civ
789 291 844 336 23
894 266 1034 331 θεὸς
1077 267 1270 330 αὐτοῖς
1318 269 1459 339 διδῷ
1510 287 1783 342 σωτηριαν
1831 271 1937 323 τῶν

246 358 430 426 νόμων
477 347 553 408 ὧν
596 357 918 423 ἔμπροσθεν
963 351 1291 422 διήλθομεν.

1346 356 1412 407 El
1456 355 1511 406 δὲ
1564 356 1640 424 μή
1685 377 1764 425 ὶε,
1811 346 1844 421 ἦ
1891 353 1932 408 δ’

240 439 321 512 ὅς,
368 436 545 494 πολλοὶ
595 440 829 491 τοιαῦτα
877 442 1160 506 τιθέμενοι
1203 435 1289 491 αεὶ
1331 441 1423 491 καὶ
1448 438 1942 510 ἐπανορθούμενοι

243 524 343 580 τὸν
382 527 509 594 βίον
539 526 958 585 διατελέσουσιν,
1002 521 1248 592 οἰόμενοι
1274 519 1660 598 ἐπιλήψεσθαι
1699 527 1797 577 τοῦ
1822 527 1944 595 βελ-

244 615 448 665 τίστου.
479 611 722 675 --Λεγειςη
767 611 909 679 ἔφην
949 608 1068 674 ἐγώ,
1117 605 1428 675 βιώσεσθαι
1475 606 1610 671 τοὺς
1652 609 1948 670 τοιούτους

204 744 206 746 ,
244 693 420 766 ὥςπερ
469 691 603 755 τοὺς
645 690 967 762 κάμνοντάς
1010 713 1066 746 τε
1090 695 1182 746 καὶ
1219 690 1319 747 οὐκ
1344 695 1651 756 ἐθέλοντας
1693 690 1778 747 ὑπ’
1812 692 1948 748 oino-

255 785 450 842 λασίας
496 779 722 846 ἐκβῆναι
768 780 1019 848 πονηρᾶς
1060 780 1288 842 διαίτης.
1341 774 1511 831 Πάνυ
1534 780 1636 848 μὲν
1663 769 1779 832 οὖν.
1834 780 1950 831 Καὶ

111 871 215 926 42ss
253 864 363 935 μὴν
409 853 567 918 οὗτοί
610 883 667 931 γε
691 866 990 932 χαριέντως
1019 862 1382 916 διατελοῦσιν.
1430 861 1810 935 ἰατρευόμενοι
1843 859 1951 931 γὰρ

250 949 413 1005 οὐδὲν
473 951 832 1016 περαίνουσι,
893 944 1037 1012 πλήν
1097 968 1154 1016 γε
1216 945 1579 1017 ποικιλώτερα
1639 951 1729 1002 καὶ
1793 949 1951 1018 μείζω

252 1035 475 1089 ποιοῦσι.
534 1028 604 1085 τὰ
666 1029 987 1102 νοσήματα,
1042 1035 1133 1085 καὶ
1192 1031 1279 1086 ἀεὶ
1337 1035 1670 1099 ἐλπίζοντες,
1727 1035 1827 1087 ἐάν
1873 1054 1955 1095 τις

252 1119 556 1194 φάρμακον
601 1116 1009 1192 ξυμβουλεύσῃ,
1064 1113 1174 1170 ὑπὸ
1232 1115 1439 1171 τούτου
1493 1122 1726 1172 ἔσεσθαι
1770 1115 1958 1186 ὑγιεῖς.

258 1204 429 1259 Πάνυ
486 1201 624 1271 γάρ,
681 1207 815 1275 ἔφη,
877 1202 986 1254 τῶν
1036 1199 1180 1256 οὕτω
1228 1202 1557 1269 καμνόντων
1603 1200 1671 1255 τά
1721 1204 1957 1257 τοιαῦτα

263 1287 448 1353 πάθη.
500 1289 566 1340 Τί
612 1289 698 1354 δὲς
740 1279 811 1352 ἦν
858 1283 899 1339 δ’
955 1286 1092 1354 ἐγώ·

1139 1284 1264 1340 τόδε
1311 1283 1499 1340 αὐτῶν
1545 1286 1611 1341 οὐ
1635 1292 1847 1358 χαρίεν,
1893 1284 1950 1340 τὲ

380 1424 436 1467 Ε.
499 1424 626 1475 βίον
662 1422 1110 1473 διατελέσουσιν]
1173 1426 1360 1468 Damnat
1393 1424 1500 1468 banc
1531 1426 1712 1467 sormam
1747 1430 1794 1466 ut
1824 1425 1965 1467 minus

271 1486 453 1525 ›xtticam
497 1483 684 1535 ideoque
715 1484 895 1535 corrigit
926 1481 1194 1523 διατελοῦσιν
1235 1483 1393 1526 colet.
1440 1486 1558 1528 Varr.
1593 1485 1737 1526 Lectt.
1792 1497 1832 1537 p.
1865 1481 1962 1527 242.

269 1541 574 1594 Ampliandum
615 1542 831 1582 duximus.
882 1554 921 1580 v.
950 1539 1176 1583 Matthiae
1226 1542 1304 1583 Gr.
1347 1543 1446 1588 181.
1492 1546 1533 1588 2
1585 1545 1626 1586 b.

1675 1542 1815 1584 Codd.
1848 1547 1966 1584 certe

263 1614 414 1642 omues
447 1597 512 1638 hic
544 1598 583 1638 in
617 1611 708 1640 eon·
714 1600 830 1640 muni
864 1599 1001 1640 forma
1034 1600 1192 1642 tuenda
1225 1603 1486 1655 conspirant.

414 1655 558 1700 .42.6
593 1659 678 1697 καὶ
712 1653 797 1697 ἀεὶ
830 1655 1188 1712 ἐλπιζοντες]
1252 1662 1327 1700 καί
1359 1673 1442 1703 om.
1478 1660 1601 1703 Viud.
1634 1661 1746 1702 Van.

266 1731 294 1758 r.
330 1716 446 1757 Flor.
479 1728 520 1755 n.

1782 1661 1830 1704 Ξ
1868 1659 1967 1702 vat.

383 1769 698 1823 καμνόντων
740 1770 798 1814 τὰ
830 1773 1056 1814 τοιαῦτα
1098 1771 1276 1829 πάθη]
1305 1773 1529 1833 :.Stepl1an
1588 1789 1684 1818 cum
1729 1778 1823 1818 solo
1867 1777 1969 1818 Veu.

274 1833 321 1876 Ξ.
355 1831 402 1872 τὰ
436 1829 578 1872 τοιάδε
598 1845 650 1900 π.

390 1887 513 1930 τόδε
544 1905 608 1930 αι
617 1905 721 1931 των
754 1903 819 1929 ου
850 1889 1063 1942 χαρίεν]
1108 1889 1246 1932 Bekk.
1279 1893 1423 1943 χαρίεν
1452 1905 1532 1945 pro
1562 1893 1674 1946 vulg.
1706 1891 1849 1946 χάριει
1880 1892 1972 1934 sine

276 1948 469 1990 codicum
504 1954 804 2001 praeterquam
851 1948 1000 1989 Ambr.

1040 1948 1177 1989 Lobc.
1220 1947 1342 1989 vind.
1376 1949 1472 1992 EF.
1506 1950 1738 2004 suffragiis.

1807 1955 1973 1992 Accen-

277 2014 364 2047 tum
408 2007 449 2047 in
484 2006 665 2059 primam
706 2006 912 2062 syllabam
958 2005 1013 2046 ab
1046 2007 1203 2048 Atticis
1243 2007 1363 2048 reiici
1404 2009 1547 2049 solere
1592 2014 1765 2050 narrant
1803 2014 1975 2051 veteres

280 2117 433 2172 vsa-‘23¹
472 2135 552 2174 πρ.
597 2121 728 2168 nri„
776 2120 958 2162 sicubi
998 2123 1086 2163 vel

283 2179 564 2231 exigenda
619 2181 707 2220 vel
756 2180 1086 2234 imponenda

284 2236 407 2278 sint.

336 2296 391 2336 E.
434 2294 505 2335 Ec·
538 2293 588 2334 δὲ
629 2293 699 2346 μή
730 2309 805 2349 γε,
864 2288 892 2345 ἢ
925 2294 966 2335 δ’
1001 2292 1086 2350 ὅς]

283 2354 414 2394 Libro
445 2353 507 2394 II.
540 2366 581 2406 p.
608 2351 708 2397 375.
741 2355 817 2404 C.‚
856 2352 928 2395 ubi
960 2356 1090 2406 vulgo

282 2414 331 2463 γέ
358 2412 398 2451 in
431 2410 508 2452 hac
543 2410 728 2454 formula
753 2410 948 2453 additum
971 2414 1088 2466 lege-

283 2471 423 2519 batur,
455 2468 655 2510 codicum
692 2470 958 2512 auctoritate
987 2468 1089 2511 illud

283 2540 380 2568 cum
401 2527 558 2568 Astio
576 2527 832 2571 delevimus.
871 2527 960 2570 Sed
973 2526 1091 2581 quod

283 2587 347 2626 vir
378 2585 657 2626 doctissimus
699 2599 792 2628 eam
827 2586 1091 2629 {vocularum

286 2644 631 2685 couiunctiouem
682 2644 897 2687 citerioris
936 2644 1095 2686 aetatis

287 2702 570 2754 scriptoribus
614 2703 935 2755 relinquendam
986 2702 1093 2743 iudi-

294 2761 426 2811 cavit,
458 2761 500 2801 in
533 2773 586 2800 eo
618 2763 781 2802 erroris
804 2761 884 2804 hoc
905 2762 1005 2815 ipso
1031 2761 1095 2803 lo-

293 2831 346 2859 co
379 2819 642 2871 coarguitur.
681 2818 938 2874 Complures
975 2822 1097 2860 vete-

292 2889 384 2917 rum
408 2876 666 2928 scriptorum
695 2878 832 2929 locos‚
863 2879 907 2919 in
942 2876 1097 2929 quibus

294 2935 327 2973 εἰ
365 2934 410 2973 δὲ
449 2933 506 2983 μή
541 2949 586 2987 γε
626 2939 700 2976 aut
742 2942 906 2977 certam
947 2933 1096 2976 sedem

296 2992 423 3032 babet
452 2998 526 3032 aut
556 2993 836 3044 probabiliter
866 2994 1097 3035 restituen-

306 3048 501 3100 domest,
513 3051 947 3103 collegitDindorf.
965 3051 1099 3092 Prae-

302 3108 378 3148 fat.
398 3107 696 3151 adDemostb.
712 3111 762 3153 P.
780 3112 810 3155 Ι.
837 3125 878 3165 p.
896 3111 1015 3163 Vsq.
1034 3111 1103 3152 ed.

303 3163 472 3205 Teubn.
514 3171 558 3207 et
587 3167 902 3210 Boecklnus
947 3169 987 3210 iu
1034 3170 1106 3210 In-

307 3222 402 3262 dice
421 3223 648 3266 lectionum
671 3239 750 3278 per
770 3233 984 3270 aestatem
1010 3227 1106 3269 anni

307 3280 432 3324 1823.
462 3280 652 3323 Bet-oliui
686 3284 973 3328 habendarum
1005 3300 1046 3340 p
1067 3286 1107 3329 5

305 3339 528 3380 Sententia
569 3342 807 3383 verborum
862 3346 971 3386 haec
1018 3349 1108 3385 estt

305 3396 396 3439 Sin
449 3410 577 3439 vero
611 3413 770 3442 secus
817 3402 1109 3450 evenerit,

1172 2122 1221 2162 in
1276 2121 1463 2163 multis
1518 2121 1571 2162 id
1622 2136 1792 2176 genus
1854 2137 1971 2166 con—

1174 2179 1484 2220 stituendis
1537 2193 1755 2236 semper
1800 2187 1978 2236 atque
2031 2170 2034 2171 ⁷

1174 2251 1369 2282 rursus
1426 2239 1775 2281 emendandis
1834 2247 1977 2282 aeta-

1174 2303 1278 2338 tem
1299 2296 1643 2350 transfigent,
1676 2298 1979 2351 opinantes

1176 2367 1231 2394 se
1274 2353 1351 2405 id,
1395 2354 1538 2406 quod
1577 2357 1843 2409 optimum
1883 2357 1979 2403 sit,

1178 2420 1773 2466 essecousequuturos.
1805 2415 1852 2456 Si
1874 2414 1978 2456 edn-

1176 2471 1288 2512 catio
1328 2470 1443 2510 bona
1488 2472 1759 2525 negligatur,
1802 2485 1981 2514 necesse

1178 2529 1272 2570 fore
1310 2528 1572 2581 arbitratur,
1617 2536 1664 2572 ut
1701 2531 1981 2572 nascentibus

1178 2585 1374 2639 quotidie
1404 2586 1528 2628 novis
1558 2587 1671 2629 vitiis
1717 2601 1856 2630 novae
1886 2602 1982 2643 per-

1178 2650 1314 2698 petuo
1354 2645 1592 2686 condantur
1633 2647 1752 2700 leges
1797 2659 1848 2688 ac
1889 2659 1981 2688 rur·

1181 2715 1254 2743 sus
1286 2706 1520 2745 mutentur.

1238 2760 1290 2802 P.
1323 2759 1422 2803 426.
1474 2762 1775 2813 χαριέντως
1807 2762 1983 2803 διατε-

1182 2819 1237 2858 λο
1250 2821 1276 2859 ῦ
1291 2829 1316 2857 σ
1328 2835 1342 2858 ι
1354 2817 1400 2871 ν]
1416 2817 1558 2863 Schol.
1571 2817 1857 2872 εὐτραπέλοις,
1880 2832 1983 2860 σκω-

1181 2880 1355 2921 πτικῶς.
1397 2899 1450 2904 -
1499 2874 1586 2915 καὶ
1622 2875 1708 2917 ἀεὶ
1746 2878 1984 2927 ἐλπίζον-

1182 2950 1295 2985 τες,
1329 2931 1496 2986 idque
1526 2946 1749 2988 semper
1774 2950 1984 2990 speran-

1184 2999 1272 3034 tes
1303 2997 1383 3034 ctr.
1439 2990 1590 3044 Neque
1628 2993 1737 3034 enim
1771 2998 1842 3034 καί
1871 3000 1989 3036 recte

1185 3053 1545 3103 interpretatum
1558 3052 1661 3091 stiu
1674 3065 1694 3090 s
1715 3066 1792 3105 per
1809 3055 1911 3105 qua
1924 3067 1987 3093 m-

1190 3111 1287 3150 vis.
1333 3109 1469 3150 Usum
1503 3109 1624 3149 vocis
1654 3110 1717 3150 sic
1748 3112 1990 3165 participiis

1190 3167 1457 3222 praemissae
1478 3166 1710 3209 illustravit
1735 3168 1767 3207 V
1781 3183 1804 3209 a
1818 3171 1828 3210 l
1841 3183 1864 3210 c
1877 3171 1900 3211 l<
1914 3182 1988 3210 en.

1191 3225 1246 3267 ad
1281 3223 1444 3266 Phoen
1480 3238 1520 3277 p.
1552 3224 1609 3268 98
1641 3240 1704 3278 sq.

1254 3283 1301 3325 Β.
1345 3279 1460 3323 οὐδ’
1503 3286 1569 3323 oev'
1611 3282 1989 3337 sumant—013-

1193 3341 1246 3381 δὲ
1276 3341 1583 3395 περίαπτα]
1623 3340 1849 3396 Significat
1875 3343 1990 3397 περί-

1195 3414 1332 3446 απτον
1378 3399 1493 3451 quod
1543 3399 1751 3442 Plinius
1796 3402 1993 3445 amule-

2094 3395 2098 3463 l
