2124 3744
455 207 492 247 ,ἑ
520 206 525 212 ’
554 205 559 226 *
614 219 618 230 ·
659 207 690 250 θ’
716 199 937 255 ‘LIBRI
991 199 1294 256 DECIMI.
1771 203 1872 256 353

163 356 363 403 curret.
448 345 594 402 Sunt
644 347 799 400 >euim
846 346 1045 403 iniusti·
1100 346 1303 399 similes
1364 345 1680 398 cursoribus
1693 361 1717 411 ς
1779 345 1874 414 qui

164 439 332 491 quum
378 419 436 472 in
475 417 749 490 principio
787 417 1044 473 curriculi
1082 417 1341 483 ferociter
1370 416 1697 487 prosiliant,
1755 424 1874 469 tum

162 492 220 544 in
267 498 511 545 extremo
562 508 727 544 cursu
775 487 995 561 fatigati
1050 507 1110 542 se
1157 489 1395 560 turpiter
1447 486 1584 540 dant
1634 487 1874 558 ideoque

160 563 427 616 victoriae
477 562 795 632 praemium·
828 561 1059 621 nullum·
1088 567 1516 630 consequuntur.
1579 559 1740 612 'Veri
1778 577 1874 612 au—

161 643 273 688 tem
309 652 564 688 cursores
614 632 1258 704 adfinemperveniunt
1287 640 1353 684 =et
1389 631 1655 684 victoriae
1689 631 1876 702 palma

162 716 446 760 ornantur.
528 706 723 774 'Atque
771 704 879 758 hoc
926 704 1088 759 iustis
1158 703 1294 756 viris
1354 703 1678 774 pler-umque
1740 721 1872 756 con-

161 777 345 850 tingit.
420 777 500 831 Hi
537 777 680 830 enim
720 795 893 845 quum
926 777 1002 829 in·-
1021 775 1362 848 singularum
1400 775 1679 828 actionum
1700 815 1715 843 ,
1757 782 1873 828 tum

160 849 218 902 in
264 849 435 902 totius
485 847 637 902 vitae
681 846 817 901 fine
841 854 898 900 et
930 847 1191 901 laudibus
1229 847 1582 919 celebrantur
1621 854 1679 900 et
1717 856 1873 917 prae?-

159 920 285 973 miis
312 921 380 974 ab
407 919 722 973 hominibus
753 917 1087 973 afficiuntur.
1163 916 1444 990 Quocirca
1477 917 1665 989 iidem,
1693 937 1874 988 ⁴quum

159 991 231 1044 ad
281 999 551 1044 maturam
588 998 824 1045 aetatem
862 991 1250 1062 perv'enerunt,
1289 990 1452 1044 facile
1489 990 1727 1044 honores
1769 1008 1874 1060 pu-

158 1063 335 1117 blicos
390 1062 806 1134 adipiscuntur,
878 1063 1040 1117 beata
1100 1061 1437 1117 contrahunt
1503 1062 1870 1129 matrimonia,

159 1135 486 1189 auctoritate
538 1133 687 1206 apud
725 1134 874 1188 cives
915 1151 1048 1188 suos
1091 1134 1327 1187 maxime
1365 1131 1597 1202 florent,
1638 1142 1695 1186 et
1733 1151 1877 1202 quae

158 1214 292 1261 sunt
338 1205 400 1260 id
445 1225 627 1279 genus
666 1206 789 1259 alia.
875 1205 1122 1260 Iniustos
1163 1214 1344 1259 autem
1383 1206 1706 1277 plerumque
1745 1205 1876 1258 licet

158 1276 633 1346 animadvertere,
680 1276 913 1331 etiamsi
947 1277 1057 1331 diu2
1102 1277 1396 1346 latuerint,
1446 1285 1630 1331 tamen
1668 1275 1740 1329 ad
1779 1296 1872 1330 ex·-

157 1358 391 1404 tremnm
443 1350 697 1404 miseram
744 1348 948 1422 degere
986 1356 1356 1418 senectutem,
1409 1369 1442 1402 a
1475 1349 1709 1404 civibus
1759 1349 1875 1403 suis

158 1421 294 1475 odio'
338 1421 531 1478 haberi
578 1429 636 1474 et
671 1422 1070 1476 contumeliose
1105 1422 1361 1488 tractari,
1413 1425 1523 1475 imo
1561 1421 1724 1474 etiam
1760 1429 1874 1474 tor-

158 1493 342 1563 queri,
383 1494 571 1562 exuri,
612 1495 824 1562 secari,
877 1490 1116 1565 denique
1153 1493 1547 1548 crudelissimis
1588 1492 1875 1565 suppliciis

158 1565 324 1621 affici.
398 1566 462 1619 P.
502 1565 626 1620 612.
667 1566 732 1618 B.
773 1596 843 1608 --
881 1568 1005 1620 613.
1043 1566 1112 1620 E.
1382 1627 1384 1629 ‚
1456 1604 1458 1606 v
1530 1589 1532 1594 ·

299 1636 379 1691 Et
416 1637 554 1691 haec
590 1636 815 1708 quidem
852 1645 983 1691 sunt
1006 1637 1254 1710 praemia
1291 1644 1347 1690 et
1386 1636 1688 1706 mercedeS,
1732 1655 1874 1708 quae

159 1710 277 1763 viro
325 1709 474 1764 iusto
523 1709 583 1762 in
634 1709 737 1764 hac
793 1710 911 1763 vita
957 1729 990 1763 a
1027 1709 1134 1762 diis
1177 1715 1232 1762 et
1268 1707 1583 1763 hominibus
1614 1709 1876 1763 tribuun-

156 1790 276 1849 tur,
330 1789 550 1853 praeter
583 1781 680 1834 illa
717 1782 880 1849 bona,
922 1798 1062 1851 quae
1085 1780 1318 1854 'iustitia
1355 1799 1456 1854 per
1494 1799 1574 1850 se,
1612 1781 1877 1835 detractis

156 1853 399 1907 externis
435 1852 756 1922 commodis,
797 1852 1016 1908 habere·
1047 1853 1168 1907 visa
1204 1860 1304 1907 est.
1362 1853 1534 1907 'Haec
1567 1861 1755 1906 tamen
1790 1854 1875 1906 niss·

158 1924 255 1978 hili
291 1932 424 1979 sunt
459 1943 587 1978 cum
622 1925 732 1979 illis
771 1925 1006 1995 collata,
1064 1943 1204 1994 quae
1243 1925 1420 1978 virum
1451 1925 1658 1980 iustum
1695 1932 1754 1979 et
1788 1925 1875 1978 iln-

156 1998 363 2051 iustum
411 2003 636 2050 manent
683 2005 810 2068 post
854 2005 1104 2051 mortem.
1190 1996 1281 2050 De
1311 1997 1532 2066 -quibus
1581 1995 1756 2070 digna
1790 2004 1876 2051 est

155 2087 297 2139 quae
331 2066 604 2121 ,audiatur
650 2069 974 2123 narratio
1024 2069 1186 2123 Eris
1225 2068 1624 2138 cuiusdam,
1677 2073 1873 2122 Arme-

156 2140 248 2195 nii.
323 2139 492 2195 Hunc
530 2140 675 2194 enim
709 2141 924 2210 ferunt,
981 2158 1154 2211 quum·
1188 2141 1245 2194 in
1282 2138 1511 2213 proelio
1539 2148 1690 2195 esset
1727 2139 1880 2195 occi?

154 2231 282 2280 sus,
332 2211 455 2265 aliis
502 2211 611 2265 iam
660 2212 956 2284 putredine
1013 2211 1259 2281 affectiS,
1322 2211 1537 2266 decimo
1605 2213 1694 2267 die
1746 2221 1876 2285 post

154 2302 397 2357 pugnam
446 2285 796 2338 commissam
844 2285 1175 2339 incolumem
1213 2293 1378 2356 atque
1415 2285 1706 2357 integrum
1747 2301 1871 2339 esse

157 2355 466 2424 sublatum,
515 2363 573 2409 et
626 2374 795 2427 quum
850 2356 941 2411 die
992 2353 1519 2427 duodecimo‘rogo
1560 2358 1874 2429 impositus

155 2435 333 2494 esset,
399 2427 458 2480 in
516 2427 684 2482 vitam
742 2428 986 2484 redisse.·
1056 2427 1186 2496 Quo
1235 2430 1383 2482 facto
1432 2428 1587 2482 illum
1648 2437 1875 2483 narrant

155 2498 225 2553 de
274 2498 441 2553 rebus
501 2499 630 2572 post
680 2508 909 2554 mortem
971 2500 1172 2554 futuris
1222 2500 1359 2554 haec
1408 2500 1523 2555 fere
1572 2519 1696 2555 cum
1761 2501 1877 2555 suis

154 2570 602 2626 communicasse.
684 2572 942 2626 Animam
995 2590 1153 2626 suam
1204 2571 1396 2626 relicto
1435 2591 1667 2643 corpore
1706 2572 1878 2626 multa

157 2652 330 2713 atque
363 2642 503 2696 mira
538 2642 663 2696 loca
698 2662 1047 2717 peragrasse,
1093 2663 1156 2697 ac
1196 2643 1767 2717 pervenissetandem
1804 2642 1877 2698 ad

154 2713 297 2769 duos
335 2721 512 2768 terrae
550 2713 770 2784 hiatus,
822 2716 1025 2786 quibus
1078 2715 1209 2770 item
1262 2715 1373 2769 duo
1410 2717 1467 2769 in
1508 2717 1664 2770 coelo
1703 2735 1876 2788 oppo-
1930 2782 1934 2786 .

153 2786 519 2851 siti1suerint3
574 2805 685 2856 quo
736 2787 1094 2861 significatur
1140 2787 1417 2842 iustitiam·
1446 2806 1547 2860 per
1582 2796 1879 2868 totamre-

153 2877 274 2912 rum
329 2857 740 2912 universitatem
793 2877 1045 2932 regnare.
1142 2860 1265 2913 Per·
1300 2858 1402 2914 hos
1473 2878 1604 2913 vero
1667 2860 1877 2913 animas

152 2928 514 2984 adscendisse
565 2949 632 2984 ac
679 2929 1059 2985 descendisse.
1139 2931 1205 2986 In
1245 2929 1425 2985 medio
1467 2939 1876 2985 autem-eorum

153 3000 371 3056 sedisse
420 3000 662 3067 iudices,
714 3002 808 3073 qui
863 3001 933 3057 de
984 3002 1179 3057 animis
1231 3003 1579 3057 exercuerint
1614 3002 1880 3057 iudicium

154 3072 334 3143 iisque
370 3073 532 3146 signa
569 3074 853 3128 affixerint
889 3073 1029 3128 bene
1083 3073 1167 3128 vel
1205 3073 1345 3128 male
1383 3075 1671 3129 sactorum.
1749 3075 1879 3129 Pias

155 3144 365 3198 animas
402 3143 475 3198 ad
511 3143 793 3199 dexteram
847 3146 902 3199 in
955 3145 1205 3215 coelum,
1255 3146 1455 3218 impias
1503 3146 1880 3202 sinistrorsum

155 3213 227 3268 ad
278 3214 487 3271 inferos
525 3229 658 3272 'esse
708 3218 1011 3292 ablegatas.
1106 3217 1325 3272 Confici
1363 3226 1548 3272 autem
1584 3218 1722 3274 illud
1761 3220 1880 3273 ani-

156 3305 364 3340 marum
416 3286 522 3342 iter
575 3289 808 3344 millenis
871 3289 1059 3361 annis,
1129 3288 1577 3362 descriptumque
1638 3310 1758 3347 esse
1826 3292 1880 3344 in

158 3356 330 3412 denas
408 3358 692 3430 periodoS.
756 3381 986 3432 quarum
1023 3359 1313 3432 'quaeque
1375 3370 1636 3418 centenos
1702 3382 1879 3417 annos

158 3428 568 3501 complectatur.
672 3431 837 3501 Quod
905 3432 1126 3503 quidem
1193 3454 1256 3486 eo
1322 3434 1554 3489 consilio
1620 3436 1699 3489 sio
1754 3454 1880 3488 esso
