2106 3594
1560 144 1818 203 hXXul

107 318 248 370 quae
296 297 551 370 ingruere
583 290 935 362 occoeperit,
976 289 1369 361 rempublicam
1409 286 1678 361 attingere
1715 307 1816 340 no-

108 371 212 424 lint
248 369 430 439 (Libr.
469 366 558 420 Vl.
595 384 648 439 p·.
689 365 816 420 484.
841 394 915 418 .-÷·
938 364 1064 416 497.
1101 363 1244 431 A.).,
1279 360 1516 428 'Quibus
1563 359 1818 420 omnibus

108 435 804 497 subiicitur-deindesatis
851 434 1079 516 copiosa
1125 432 1434 503 disputatio
1490 429 1592 491 de„
1636 448 1818 489 ervet-

109 514 187 568 sis
235 529 377 583 quae
407 527 683 579 regnare.
722 519 1008 576 coeperint
1055 504 1440 575 philosophiae
1488 512 1586 558 stu·
1620 504 1695 558 iis.
1738 503 1816 574 (p.

107 587 231 639 497.
277 585 356 666 Δ...
390 611 460 624 -
494 582 619 634 498.
658 577 753 661 C.)
801 587 859 635 et
917 576 1007 632 de·
1038 578 1091 630 vi
1141 596 1206 660 ac
1240 583 1534 659 ’potestate
1574 574 1822 646 philoso-

102 656 271 782 E‹¹›¹¹2⁸.⁰
286 673 399 795 0¹13.
423 650 780 779 emffssd‘ffl?
819 646 1587 793 {isstzassssbsssszzdffifzi
1614 645 1820 772 αἲξ...-

107 797 291 854 benda
320 795 526 865 studia,
565 795 768 865 quibus
802 800 1014 849 mentes
1053 789 1823 862 animique‹2philosophorum

107 870 528 944 magistratuum
581 864 857 922 formandi
919 864 1046 921 sint.
1144 862 1319 932 Cuius
1356 861 1458 918 :rei
1510 860 1820 944 ¹disputatio

109 939 568 1014 quemadmodum
625 936 987 1009 amplitudine
1044 954 1149 991 sua
1206 935 1372 1006 plane
1418 933 1663 1006 insigms
1699 939 1820 996 est3

108 1014 347 1085 pertinet
393 1012 539 1067 enim
580 1009 712 1065 inde
763 1028 798 1065 a
831 1009 993 1066 Libri
1041 1007 1139 1067 Vl.
1175 1027 1230 1078 p·
1269 1007 1393 1063 502.
1429 1003 1497 1058 C.
1532 1024 1712 1076 usque
1752 1004 1825 1059 ad

106 1086 315 1143 exitum
360 1084 517 1139 Libr.
561 1082 676 1136 Vll.
726 1102 782 1153 p.
834 1083 958 1137 541.
1009 1079 1108 1145 B.;
1163 1079 1243 1134 ita
1299 1077 1541 1133 dubitari
1608 1077 1822 1147 nequit,

107 1158 242 1228 quin
276 1157 445 1211 etiam
478 1153 549 1209 ad
586 1154 826 1210 hominis
872 1151 1067 1225 optimi
1103 1149 1471 1209 eruditionem
1510 1156 1566 1204 et
1601 1149 1824 1206 institu-

106 1231 313 1288 tionem
347 1225 545 1283 retem-i
581 1225 804 1293 debeat,
842 1223 1118 1295 siquidem
1150 1240 1294 1292 quae
1335 1228 1452 1276 toto
1490 1220 1616 1276 loco
1657 1238 1826 1293 expo-

105 1314 315 1355 nuntur
344 1297 578 1355 tam-de
617 1298 856 1353 civitatis
891 1295 1243 1369 principibus
1276 1313 1445 1364 quam
1483 1292 1552 1353 de
1591 1292 1826 1365 singulis

105 1372 418 1428 hominibus
446 1369 528 1426 ad
559 1369 987 1444 philosophiam=
1010 1365 1366 1441 instituendis
1402 1365 1521 1436 pari
1559 1365 1681 1421 iure
1701 1364 1828 1422 'dici

105 1451 422 1518 potuerunt.
494 1443 965 1499 Docetur.autem
1003 1440 1221 1497 futuros
1254 1436 1618 1509 philosophos
1658 1444 1827 1507 atque

145 1516 286 1570 rinei
327 1534 389 1570 es
423 1533 555 1569 non-
579 1513 853 1570 modo-ea
891 1513 975 1569 uti
999 1518 1259 1582 oportere
1290 1509 1660 1578 institutione,
1685 1527 1826 1579 quae

135 1587 218 1642 'br
247 1535 326 1641 uf
344 1584 668 1642 custodibus
690 1585 934 1640 civitatis
955 1583 1030 1638 sit
1051 1581 1410 1664 praescripta,
1441 1579 1541 1637 sed
1563 1580 1828 1642 accedere

109 1658 314 1714 debere
350 1658 514 1713 etiam
551 1656 624 1711 ad
647 1657 963 1729 graviorum
1001 1672 1066 1712 ac
1088 1653 1484 1710 ·sublim10rum
1509 1651 1826 1724 disciplinae-

107 1750 231 1786 rum
263 1729 754 1784 conformationem
796 1729 883 1800 (p.
904 1729 1032 1783 502.
1056 1724 1206 1781 0.-
1223 1726 1348 1781 504.
1374 1724 1485 1794 E.).
1549 1724 1827 1795 Imprimis

106 1821 239 1856 vero
287 1800 347 1855 id
392 1798 670 1873 agendum
718 1818 843 1855 esse
891 1808 1175 1866 monetur,
1226 1805 1290 1851 ut
1315 1796 1415 1851 'illi
1463 1796 1659 1850 animis
1711 1796 1826 1850 suis

107 1874 428 1928 intueantur
464 1871 629 1925 boni
665 1872 910 1942 ipsius
948 1868 1255 1942 speciem
1298 1866 1531 1938 (ideam)
1554 1906 1585 1936 ,.
1613 1866 1683 1921 de
1716 1884 1829 1938 vqua

106 1946 383 2000 uberrima
416 1944 664 1998 oratione
702 1943 995 2015 exponitur
1030 1963 1085 2014 p.
1110 1941 1234 1996 504.
1260 1939 1327 1994 E.
1364 1958 1540 2010 usque
1566 1938 1638 1993 ad
1662 1939 1828 1998 finem

106 2017 234 2073 libri
285 2017 463 2085 sexti,
512 2015 720 2072 notatis
769 2016 934 2070 etiam
982 2033 1049 2069 ac
1084 2010 1379 2084 descriptis
1416 2011 1596 2067 -variis
1636 2011 1828 2084 cogni·
1866 2060 1873 2069 .

108 2089 276 2144 tionis
310 2097 575 2159 tanquam
612 2086 906 2159 gradibus.
949 2085 1019 2142 de
1068 2085 1266 2156 quibus
1320 2083 1639 2155 praeclarus
1671 2083 1828 2142 locus

108 2168 199 2215 est
232 2180 287 2232 p.
326 2162 452 2215 509.
489 2158 554 2214 C.
589 2190 659 2200 --—
697 2162 820 2215 511.
857 2158 926 2215 E.
1001 2158 1141 2213 Eam
1201 2154 1344 2211 enim
1394 2155 1666 2213 evincitur
1717 2173 1829 2211 non

109 2232 275 2287 modo
321 2232 492 2287 menti
556 2231 890 2303 cognitionis
936 2230 1146 2296 lucem,
1186 2227 1286 2283 sed
1324 2228 1488 2282 etiam
1528 2227 1692 2282 rebus
1733 2228 1827 2281 ού-

110 2309 239 2360 σίαν
284 2305 403 2358 sive
453 2304 751 2359 essentiam
812 2301 1026 2358 afferre.
1116 2300 1279 2370 Quae
1332 2318 1597 2370 quorsum
1660 2298 1829 2371 perti-

111 2386 280 2432 neant
314 2384 371 2431 et
407 2394 574 2446 quam
607 2377 719 2431 vim
755 2375 1026 2443 habeant,
1067 2381 1219 2431 certe
1255 2380 1390 2445 post
1428 2390 1528 2440 ea,
1566 2390 1708 2442 quae
1739 2391 1830 2427 su-

151 2468 212 2503 ra
246 2447 688 2519 disputavimus,
734 2446 963 2502 dubium
998 2444 1176 2500 videri
1211 2444 1363 2501 nullo
1402 2442 1570 2506 modo
1605 2445 1827 2515 poterit.

110 2468 477 2592 gignificum
510 2520 657 2574 enim
702 2518 1110 2591 elegantissime
1159 2534 1404 2573 summus
1441 2515 1535 2570 ille
1572 2515 1720 2584 finis,
1759 2514 1830 2569 ad

113 2611 277 2664 quem
322 2591 585 2645 universa
636 2589 918 2646 hominum
971 2590 1088 2644 vita
1136 2597 1253 2643 'tam
1302 2588 1571 2658 cuiusque
1609 2588 1830 2658 privata

115 2682 280 2735 quam
317 2663 560 2718 omnium
597 2661 903 2718 communis
942 2659 1276 2717 contendere
1311 2659 1538 2728 debeat,
1579 2659 1830 2729 quando-

115 2734 340 2807 quidem
374 2733 542 2790 idea
589 2734 758 2788 boni
796 2753 867 2790 ea
897 2742 1011 2802 esti,
1067 2732 1140 2787 ad
1179 2733 1337 2787 cuius
1374 2748 1620 2786 normam
1661 2738 1828 2801 atque

114 2807 293 2880 legem
331 2807 508 2863 omnis
545 2806 825 2861 hominum
872 2805 991 2861 vita
1023 2804 1237 2877 regiket
1274 2802 1571 2876 gubernari
1609 2801 1827 2870 debeat,

117 2877 390 2949 siquidem
460 2898 626 2950 quam
673 2878 942 2932 maximae
1000 2874 1358 2949 perfectionis
1422 2874 1708 2947 particeps
1762 2875 1832 2928 sit

117 2951 316 3007 fiitma.
388 2950 508 3005 Iam
545 2969 677 3005 vero
726 2948 984 3004 absoluta
1026 2947 1219 3003 harum
1259 2965 1438 3003 rerum
1462 2946 1831 3020 explicatione
1922 3000 1926 3004 .

118 3022 406 3095 aptissime
452 3042 520 3078 ac
565 3022 693 3078 loco
744 3038 969 3093 prorsus
1008 3039 1041 3075 o
1084 3027 1322 3092 portuno
1372 3016 1542 3075 inde
1573 3038 1608 3073 a
1642 3018 1831 3080 libro

118 3094 422 3167 septimo
464 3094 633 3149 etiam
681 3112 876 3150 cursus
925 3101 1015 3150 stu
1056 3093 1234 3148 iorum
1270 3089 1619 3163 designatur,
1667 3109 1830 3160 quem

120 3165 183 3232 ii,
216 3166 310 3236 qui
348 3164 420 3221 ad
456 3175 570 3223 tam
607 3166 777 3221 altum
803 3165 1071 3220 scientiae
1110 3172 1168 3217 et
1189 3162 1522 3235 cognitionis
1546 3162 1832 3235 fastigium

125 3236 356 3293 feliciter
407 3238 634 3292 eluctari
682 3237 884 3306 velint,
937 3234 1193 3319 persequi
1241 3254 1308 3291 ac
1349 3243 1535 3290 tenere
1576 3234 1829 3289 debeant.

123 3306 295 3376 Quod
326 3308 551 3380 quidem
585 3328 697 3379 quo
733 3309 948 3364 &cilius
987 3307 1288 3376 efficiatur,
1375 3307 1569 3363 rimum
1610 3306 1831 3378 elegan-

125 3379 336 3434 tissima
389 3381 531 3436 antri
584 3381 923 3438 subterranei
976 3378 1210 3452 imagine
1248 3327 1586 3445 dediaratur,
1627 3386 1830 3448 (quanta
