2098 3658
274 142 374 196 120
486 134 1082 194 ARGUMENTUM
1116 133 1334 189 LIBRI
1376 132 1744 189 SECUNDI.

268 283 449 354 poetis
485 278 799 352 seligendae
836 284 964 332 sunt
990 276 1281 348 diligenter
1309 295 1404 330 eae
1431 277 1791 346 narrationes„
1834 296 1975 347 quae

264 353 512 424 puerulis
561 351 713 405 salvo
758 348 1063 403 honestatis
1124 367 1288 401 sensu
1337 355 1486 400 recte
1544 348 1686 401 tradi
1733 349 1973 419 possint3

306 442 411 477 uae
451 440 581 476 vero
619 420 918 474 mendaciis
956 427 1190 487 scatent,
1231 438 1296 472 ea
1334 419 1516 472 omnia
1551 438 1776 490 prorsus
1813 439 1975 490 repu-

266 444 471 547 dianda
519 500 572 546 et
622 491 870 547 studiose
909 489 1236 561 occultanda
1275 498 1417 544 sunt.
1498 490 1774 557 Quorsum
1810 491 1975 563 perti-

264 573 400 619 nent
433 565 598 618 etiam
638 582 721 632 ea,
761 582 902 633 quae
939 563 1233 628 Homerus,
1273 560 1576 631 HesioduS,
1612 562 1816 632 aliique
1841 582 1975 633 poe-

264 645 354 690 tae
404 643 783 703 narraverunt.
872 634 1019 688 Nam
1068 633 1160 687 isti
1199 633 1305 686 diis
1344 652 1409 685 ea
1445 631 1794 702 affinxerunt,
1835 653 1976 703 quae

266 706 456 762 divino
494 706 716 761 numine
751 724 978 777 prorsus
1014 703 1245 777 indigna
1279 703 1566 773 videntur,
1618 705 1789 758 veluti
1828 705 1978 775 quod

267 786 511 848 narrant,
561 778 814 833 Uranum
862 784 916 830 et
953 775 1195 830 Cronum
1231 776 1463 847 turpiter
1501 796 1673 847 regno
1712 795 1830 831 esse
1867 777 1976 847 pri-

266 857 457 919 vatos,
497 849 631 903 deos
668 848 816 902 haud
854 867 978 901 raro
1017 846 1227 920 flagitia
1265 866 1328 900 ac
1366 847 1572 901 scelera
1620 848 1975 916 commisisse,

269 920 492 976 eosdem
526 921 790 975 maximas
840 920 982 973 inter
1027 938 1086 972 se
1122 919 1434 972 inimicitias
1473 921 1817 989 exercuisse,
1870 920 1978 972 alia

266 993 464 1062 multa,
515 992 716 1063 quibus
762 991 1021 1045 iuvenum
1072 991 1238 1043 animi
1275 990 1435 1043 facile
1475 990 1546 1043 ad
1581 992 1884 1060 nequitiam
1923 999 1978 1044 et

266 1063 683 1135 protervitatem
729 1062 1107 1117 sollicitentur.
1162 1092 1230 1100 —-
1325 1061 1392 1114 In
1436 1062 1733 1135 seligendis
1792 1070 1977 1116 autem

267 1136 336 1190 iis
387 1135 824 1204 narrationibuS,
877 1152 1016 1205 quae
1068 1132 1252 1203 pueris
1289 1131 1608 1201 tradantur,
1659 1133 1716 1186 id
1755 1134 1977 1187 omnino

269 1206 628 1279 spectandum
678 1214 789 1276 est,
838 1213 903 1258 ut
950 1204 1022 1257 ad
1057 1205 1316 1258 virtutem
1354 1204 1730 1272 excitandam,
1769 1224 1979 1277 augen-

269 1278 394 1331 dam
433 1285 489 1331 et
525 1276 987 1332 corroborandam
1024 1282 1372 1344 comparatae
1407 1275 1531 1329 sint.
1617 1276 1815 1347 Itaque
1865 1277 1978 1348 pri-

267 1369 416 1402 mum
451 1349 558 1403 hoc
594 1348 922 1419 requiritur,
972 1354 1035 1400 ut
1072 1345 1208 1399 deus
1256 1346 1312 1398 in
1348 1346 1414 1399 iis
1464 1366 1681 1418 semper
1717 1348 1843 1402 talis
1882 1347 1977 1402 de-

269 1420 558 1490 scribatur,
599 1420 776 1490 qualis
815 1437 1007 1472 revera
1045 1425 1148 1486 est,
1188 1417 1294 1470 hoc
1332 1425 1417 1471 est
1456 1420 1662 1482 bonus2:
1701 1420 1906 1492 quippe
1945 1439 1979 1473 a

270 1491 457 1546 divino
495 1492 716 1545 numine
754 1490 927 1544 omnis
967 1487 1252 1560 turpitudo
1289 1489 1452 1560 plane
1493 1490 1672 1544 aliena
1711 1499 1797 1546 est
1813 1532 1829 1561 ,
1879 1510 1977 1545 ne-

271 1581 378 1633 que
429 1562 591 1616 deum
637 1562 903 1616 malorum
954 1569 1233 1614 auctorem
1279 1560 1395 1613 ulla
1454 1562 1666 1616 ratione
1712 1563 1978 1635 appellari

268 1635 352 1688 fas
391 1642 504 1703 est,
554 1653 664 1704 quo
701 1634 760 1686 in
799 1651 1000 1705 genere
1037 1632 1208 1685 multa
1244 1631 1407 1702 impie
1449 1633 1752 1705 Homerus,
1801 1635 1980 1688 multa

270 1706 435 1760 etiam
482 1713 682 1778 poetae
728 1704 958 1777 tragici,
1000 1703 1097 1773 qui
1133 1704 1444 1757 mortalium
1484 1705 1625 1757 mala
1666 1714 1722 1760 et
1757 1705 1977 1760 calami-

269 1784 412 1831 tates
462 1797 494 1830 a
545 1776 652 1832 diis
700 1776 1013 1845 auctoribus
1060 1782 1316 1846 repetere
1366 1775 1560 1829 solent.
1612 1809 1681 1816 —
1754 1777 1975 1832 Deinde

270 1849 329 1902 in
381 1847 676 1921 seligendis
726 1848 834 1902 illis
872 1854 1159 1917 poetarum
1199 1846 1401 1900 fabulis
1438 1846 1496 1899 id
1535 1866 1757 1918 quoque
1795 1850 1976 1903 curari

272 1927 507 1991 oportet,
525 1929 588 1973 ut
603 1939 673 1973 ne
693 1919 829 1974 deus
852 1918 1067 1973 dicatur
1084 1926 1345 1987 tanquam
1368 1919 1756 1991 praestigiator
1776 1922 1976 1992 aliquis

270 1992 406 2047 alias
454 1999 620 2061 atque
664 1991 801 2045 alias
851 1991 1054 2043 formas
1105 1989 1362 2058 induere,
1415 2009 1583 2059 quum
1618 2011 1819 2046 numen
1856 1994 1974 2048 eius

272 2063 345 2117 sit
384 2063 616 2133 simplex
652 2070 708 2115 et
743 2068 968 2134 propter
1003 2079 1266 2114 summam
1302 2062 1559 2115 virtutem
1598 2082 1662 2117 ac
1694 2072 1975 2136 praestan-

270 2135 402 2188 tiam
436 2133 574 2187 nulli-
606 2153 848 2204 unquam
873 2133 1162 2186 mutationi
1206 2133 1519 2186 obnoxium.
1593 2134 1791 2206 Neque
1828 2139 1974 2191 enim

272 2206 340 2260 ab
379 2205 486 2259 alio
522 2213 783 2274 mutatur,
821 2223 1001 2274 neque
1041 2223 1074 2256 a
1111 2211 1282 2258 semet
1318 2205 1459 2277 ipso,
1500 2206 1755 2275 quoniam
1791 2227 1974 2279 neque

272 2277 392 2331 fieri
426 2284 610 2349 potest
645 2276 883 2330 deterior
919 2294 977 2330 se
1014 2276 1136 2347 ipso
1159 2294 1338 2345 neque
1374 2277 1697 2347 pel-fection
1733 2278 1791 2332 id
1829 2280 1974 2334 enim
2047 2300 2055 2306 ·

270 2356 564 2418 utrumque
585 2348 868 2403 absolutae
883 2347 1238 2419 perfectionis
1258 2347 1471 2401 notioni
1494 2348 1655 2419 plane
1678 2360 1972 2424 repugnat.

271 2419 525 2489 Accedit,
564 2420 714 2491 quod
748 2422 903 2473 netas
943 2427 1026 2473 est
1063 2418 1225 2472 deum
1248 2426 1443 2490 putare
1480 2419 1605 2475 ideo
1633 2422 1767 2476 alias
1806 2432 1972 2494 atque

274 2492 411 2545 alias
433 2492 648 2563 species
673 2509 972 2559 assumere,
995 2497 1058 2544 ut
1081 2490 1362 2544 hominum
1389 2492 1598 2546 animos
1635 2493 1791 2547 fallat
1827 2503 1883 2549 et
1914 2496 1971 2549 in

272 2562 521 2617 fraudem
565 2563 821 2628 inducat3
870 2581 1049 2631 neque
1095 2563 1240 2615 enim
1284 2562 1509 2616 fallendi
1546 2583 1766 2619 causam
1805 2567 1973 2621 babet

273 2635 468 2703 ullam,
518 2642 573 2688 et
606 2633 987 2689 veracissimus
1036 2640 1121 2688 est
1153 2634 1440 2705 omnisque
1488 2636 1757 2691 mendacii
1793 2638 1971 2691 inimi-

276 2725 388 2760 cuS.
464 2707 528 2760 P.
568 2708 688 2761 375.
726 2706 796 2761 E.
837 2738 899 2746 --
944 2707 1065 2760 383.
1105 2704 1168 2759 C.
