2124 3744
310 216 412 267 ⁶266
926 210 1401 264 PLATONIS·

306 357 407 422 ἄν,
451 362 584 432 ἔφη,
633 356 785 428 παρά
833 378 889 425 γε
935 359 1044 411 τῶν
1085 354 1287 429 σμικρά
1341 355 1579 426 ἐχόντων
1621 376 1721 418 ,τις
1775 357 2005 423 βλίσειες

306 441 586 497 Πλούσιοι
631 441 717 506 δή,
764 440 948 512 οἶμαι,
1003 445 1063 497 οἱ
1101 444 1355 496 τοιοῦτοι
1397 442 1706 495 καλοῦνται
1743 438 2007 513 κηφήνων

308 524 545 598 βοτάνη.
593 524 816 596 Σχεδόν
862 547 930 590 τι,
973 528 1096 599 ἔφη.
1140 528 1328 595 Δῆμος
1371 521 1411 578 δ’
1458 522 1534 578 ἂν
1577 523 1659 591 εἴη
1698 529 1887 594 τρίτον
1910 528 2006 589 γέ·-

305 632 432 675 νος,
484 607 605 665 iiam
647 608 957 680 αὐτουργοί
1011 629 1070 664 τε
1127 612 1220 664 καὶ
1277 606 1660 680 ἀπράγμονες,
1726 605 1792 662 οὐ
1854 604 2006 660 πάνυ

304 692 490 751 πολλοὶ
536 699 883 763 κεκτημένον
929 691 958 748 ὃ
1006 691 1072 760 δὴ
1118 690 1379 750 πλεῖστόν
1425 714 1484 748 τε
1524 695 1617 747 καὶ
1660 690 2006 762 κυριώτατον

303 786 362 834 ἐν
406 782 770 848 δημοκρατίᾳ,
814 775 956 833 ὅταν
1001 777 1477 854 περ’-ἀθροισθῇ.
1515 773 1836 846 *Ean-7020,
1882 780 2003 849 ἔφη.

303 862 428 918 ἀλλ’
481 862 547 918 οὐ
595 861 764 929 θαμὰ
810 865 990 917 ἐθέλει
1038 872 1214 917 ποιεῖν
1261 865 1460 925 τοῦτ-ο,
1516 859 1615 915 ἐὰν
1661 858 1737 932 μὴ
1786 859 2007 929 μέλι-τάς

306 969 361 1002 τι
403 945 825 1048 μεταλαμβάνῃ.
898 943 1138 1001 Οὐκοῦν
1183 943 1622 1016 μεταλαμβάνει,
1665 937 1736 1012 ἦν
1780 943 1828 999 ‹5'
1883 942 2004 1012 ἐγώ,

304 1032 446 1098 άεί,
469 1032 616 1087 καθ’
670 1029 807 1087 ὅσον
852 1030 1124 1086 δύνανται
1172 1035 1238 1086 οὶ
1267 1032 1632 1100 προεστῶτες,
1678 1050 1814 1092 τους
1851 1033 2005 1098 ἔχον·

304 1138 406 1180 τας
452 1114 556 1182 τὴν
602 1115 802 1172 οὐσίαν
847 1113 1282 1191 αφαιρούμενοι,
1305 1118 1668 1183 διανέμοντες
1708 1116 1785 1183 τῷ
1833 1112 2006 1182 δήμῳ,

306 1198 370 1256 τὸ
437 1204 694 1256 πλεῖστον
764 1198 926 1256 αὐτοὶ
980 1204 1134 1270 ἔχειν.
1224 1198 1665 1268 Μεταλαμβάνει
1718 1219 1826 1268 γαρ
1887 1188 2004 1262 οὖν,

310 1307 343 1351 η
391 1283 434 1339 δ’
483 1283 561 1350 ὅς,
604 1283 796 1349 οὕτως.
837 1284 1277 1355 Ἀναγκάζονται
1321 1283 1405 1350 δή,
1445 1281 1618 1353 οἶμαι,
1661 1280 2003 1353 ἀμύνεσθαι,

305 1372 554 1439 λέγοντές
597 1390 654 1425 τε
700 1375 758 1422 ἐν
801 1372 879 1439 τῷ
924 1368 1078 1445 δήμω
1122 1371 1215 1423 καὶ
1258 1367 1600 1438 πράττοντες
1645 1364 1756 1446 ὅπη
1802 1364 2004 1420 δύναν-

303 1474 427 1524 ται,
474 1447 631 1509 οὗτοι
677 1444 754 1508 ὧν
797 1452 1198 1527 ἀφαιροῦνται.
1288 1452 1454 1516 Πῶς
1477 1473 1587 1521 γαρ
1644 1448 1742 1521 οὕς
1791 1440 2004 1505 Action!

305 1539 373 1603 δὴ
420 1541 577 1609 ἔσχον
619 1535 729 1593 ὑπὸ
775 1540 886 1591 τῶν
929 1542 1140 1608 ἑτέρων,
1184 1554 1292 1591 καν
1333 1533 1410 1604 μὴ
1453 1536 1801 1608 ἐπιθυμῶσι
1816 1553 2005 1611 νεωτε-

305 1622 495 1692 ρίζειν,
551 1620 624 1686 ὡς
666 1619 1078 1694 ἐπιβουλεύουσι
1124 1623 1202 1691 τῷ
1262 1618 1418 1691 δήμῳ
1469 1623 1562 1674 καί
1604 1616 1737 1675 εἰσιν
1782 1605 2004 1691 ὀλιγαρ-

422 1744 474 1785 Ρ.
508 1744 610 1788 565.
649 1742 702 1784 Β.
740 1740 847 1784 υπὸ
885 1759 984 1785 των
1015 1740 1464 1796 διαβαλλόντων]
1510 1739 1659 1795 Steph.
1700 1739 1841 1782 invitis
1859 1739 2023 1793 codd.—

306 1799 607 1854 διαβαλόντων
636 1801 826 1854 scripsit.
1820 1837 1822 1843 ,
1950 1864 1952 1867 ἡ

1932 1876 1953 1898 τι

307 1906 358 1942 ut
402 1899 564 1945 taiibus
614 1902 816 1943 auferant
868 1914 972 1954 sua3
1025 1897 1116 1941 fieri
1203 1897 1457 1967 frequenti.

308 1960 420 2001 enim
454 1971 539 2003 non
574 1958 731 2012 potest,
766 1966 812 2001 ut
832 1961 926 2012 quis
959 1958 1011 2010 ei,
1044 1957 1116 2012 qui

307 2030 446 2070 pauca
489 2022 654 2058 tantum
700 2018 955 2071 possideat,
1006 2015 1116 2057 mul-

308 2081 401 2117 tum
436 2075 592 2142 eri-piat
623 2082 668 2117 et
699 2076 924 2130 exprimat.

367 2129 625 2185 κηφήνων
667 2129 905 2187 βοτάνη]
939 2129 1109 2180 Drah-

309 2189 617 2242 nenfutter,
663 2193 911 2238 fucorum
946 2189 1110 2243 pabu-

308 2248 432 2291 lum.
490 2247 633 2290 Fucos
664 2254 810 2291 autem
843 2263 954 2302 quos
985 2246 1110 2288 intel-

311 2306 418 2359 ligat
446 2305 668 2358 Socrates,
701 2309 863 2348 ciarum
895 2307 943 2348 fit
968 2319 1022 2349 ex
1043 2316 1112 2344 su-

311 2364 582 2416 pedoribus,
614 2365 824 2434 imprimis
859 2377 913 2406 ex
943 2378 983 2417 p.
1013 2363 1115 2408 552.

311 2421 360 2466 C
395 2435 487 2474 sqq.
549 2396 654 2470 [t’lox
687 2417 989 2477 αὐτουργοὶ
1031 2420 1116 2461 καὶ

311 2474 658 2533 ἀπράγμονες
701 2480 900 2522 dicuntur
933 2477 1118 2534 operarii

313 2544 366 2579 et
396 2538 648 2580 homines
678 2540 919 2580 civilium
954 2551 1116 2592 nego-

312 2597 514 2638 tiorum
548 2597 696 2638 curis
727 2596 914 2639 liberi.

370 2652 420 2696 P.
452 2653 552 2698 565.
586 2649 714 2695 καθ’
752 2650 888 2695 ὅσον
921 2676 976 2684 --
1007 2651 1114 2694 δια-

313 2708 567 2760 νέμοντες
605 2727 638 2753 τ.
686 2710 724 2758 δ.
755 2709 820 2759 ,τὸ
862 2712 1117 2753 πλεῖστον

313 2763 476 2813 αὐτοὶ
506 2770 678 2824 ἔχειν]
714 2777 969 2821 eatenus,
992 2782 1114 2822 qua-

311 2834 468 2868 tenus
499 2830 803 2883 principes,
836 2828 952 2870 dum
981 2827 1115 2869 divi-

309 2892 392 2926 tes
446 2886 606 2927 bonis
666 2888 786 2934 suis
836 2886 1114 2942 spoliant,

309 2944 358 2983 in
404 2943 520 2985 iliis
562 2943 966 2986 distribuendis
1002 2945 1114 2997 plu-

307 3002 496 3044 rimam
533 3014 710 3043 eorum
732 3007 944 3054 partem
980 3002 1112 3042 sibi-

309 3064 417 3099 met
458 3061 602 3113 ipsis
635 3065 867 3112 possunt
909 3060 1108 3109 retine—

307 3128 376 3157 re.
439 3118 589 3170 Itaque
634 3115 775 3159 οὕτως
819 3118 860 3159 in
901 3117 1112 3172 proximis

310 3173 521 3226 significat
593 3173 688 3217 hac
762 3177 1112 3217 conditionez

314 3227 442 3270 καθ’
477 3229 612 3272 ὅσον
643 3239 787 3276 autem
822 3242 888 3276 est
926 3237 1114 3287 quate·

314 3301 424 3329 nus.

374 3345 423 3389 Β.
461 3339 885 3400 Ἀνοιγκοὶζονται4
926 3359 980 3377 -·
1028 3336 1115 3387 οὗ·

316 3404 422 3458 τοι]
466 3418 527 3448 sc.
567 3404 613 3445 οἱ
640 3403 853 3446 πλούσιοι.
912 3406 1020 3447 Dein
1053 3401 1116 3445 αι’-

317 3463 406 3503 τίαν
448 3462 555 3515 ἔχειν
596 3468 663 3505 est
702 3464 980 3514 accusari,
1036 3473 1118 3504 usu

1259 1957 1308 1998 C.
1345 1949 1457 1996 τότ’
1467 1950 1590 2007 ἤδη
1617 1975 1666 1984 -
1699 1952 2001 2023 γίγνονται]

1200 2013 1308 2057 Mox
1338 2027 1378 2067 p.
1411 2011 1510 2057 566.
1548 2012 1610 2053 C:
1651 2007 1754 2052 ὅταν
1791 2010 1861 2063 ι”δῃ
1893 2007 2003 2080 ἀνὴρ

1199 2068 1388 2126 χρήματα
1435 2069 1542 2122 ἔχων
1574 2092 1628 2100 -
1662 2067 1756 2168 τότὸε
1787 2068 1840 2122 δὴ
1873 2062 2005 2115 οὗτος

1201 2132 1283 2173 κτλ..
1316 2127 1494 2171 Theaet.
1528 2126 2002 2185 ρ.147.1)εέξαχθέν-

1200 2200 1273 2229 zos·
1305 2185 1369 2234 δέ,
1412 2180 1504 2229 τότ’
1543 2183 1624 2239 ἤδη
1665 2185 1892 2236 σκέψομαι,
1923 2187 2004 2235 εἴτε

1199 2242 1421 2296 ἀνεμιαῖον
1454 2250 1532 2285 ctr.
1567 2243 1790 2299 Chammp
1798 2244 1923 2288 ..155
1939 2238 2003 2287 D.

1200 2302 1437 2355 Xenoph.
1482 2259 2000 2354 Cyrop.111‚p3‚‚22.

1200 2362 1290 2404 ἐπεὶ
1339 2359 1384 2401 δὲ
1432 2357 1699 2414 ἐκαλλιέρησε
1746 2383 1822 2410 -,
1876 2349 2003 2400 τότε

1200 2420 1259 2474 δὴ
1287 2443 1342 2449 ——-
1371 2419 1565 2472 ἐνέβαλεν
1592 2418 1650 2462 εἰς
1677 2417 1756 2469 τὴν
1781 2418 2003 2473 πολεμίαν,
2069 2448 2071 2451 .

1201 2480 1238 2521 L
1253 2492 1278 2530 y
1292 2492 1311 2519 s
1326 2478 1338 2519 i
1351 2490 1408 2518 as
1430 2475 1650 2530 deaffecL
1669 2480 1836 2528 tyrann.
1849 2490 1888 2529 p.
1902 2475 2002 2521 180.

1201 2537 1269 2579 ed.
1281 2537 1454 2577 Brenni:
1472 2531 1614 2585 ἐπειδὴ
1637 2533 1682 2574 δὲ
1692 2531 2003 2575 πυνθάνοισθε

1200 2610 1305 2641 τους
1322 2596 1395 2646 μὲν
1415 2586 1679 2643 τριςχιλίους
1697 2589 2006 2641 στασιάζοντας

1202 2669 1304 2704 -,τ
1316 2650 1341 2692 ο’
1353 2648 1386 2692 τ’
1403 2648 1465 2704 ἥδ
1479 2665 1504 2702 η
1516 2649 1584 2689 και
1595 2662 1780 2691 κατιέναι
1790 2647 2003 2702 amaseae

1202 2711 1313 2751 κᾶτε.
1341 2710 1481 2760 Atque
1493 2708 1760 2750 siccentenis
1786 2708 1891 2750 locis
1911 2703 2004 2752 τότε

1200 2766 1256 2823 δή
1279 2773 1324 2809 et
1346 2764 1417 2808 τότ
1419 2762 1554 2820 ’ἤδη
1544 2778 1586 2806 ιιι
1613 2765 1817 2819 principio
1837 2764 2002 2818 apodo-

1199 2829 1259 2868 sis
1290 2838 1384 2868 cum
1417 2824 1633 2893 gravitate
1652 2824 1837 2891 quadam
1867 2824 2003 2863 inter-

1199 2885 1386 2938 ponitur.
1443 2885 1550 2922 Post
1578 2895 1659 2933 ουχ
1695 2869 1867 2925 ἑκόντε9
1901 2875 2004 2920 ἀλλά

1200 2935 1489 2994 exspectabas
1539 2939 1692 2981 iterum
1743 2937 2004 2982 adiectivum

1197 2998 1368 3051 aliquod
1411 3003 1486 3038 aut
1530 2988 1822 3049 participium,
1872 2996 2002 3036 veluti

1199 3056 1499 3113 βεβιασμένου
1527 3054 1603 3096 sed
1628 3054 1800 3095 uberius
1824 3059 2002 3097 senlen-

1199 3117 1301 3165 tiam
1334 3110 1576 3171 explicans
1591 3113 1755 3159 transit
1792 3111 1854 3152 ad
1886 3112 2003 3153 verbi

1197 3169 1304 3215 finiti
1347 3183 1490 3226 usum.
1527 3167 1571 3212 .ιι.
1610 3165 1798 3210 Matth.
1839 3170 1918 3212 Gr.
1949 3172 2003 3224 ἓ

1258 3283 1605 3339 Ειέαγγελιάι
1655 3276 1721 3338 δη
1757 3279 1876 3341 ,καὶ
1899 3264 2000 3339 κρι-

1203 3356 1318 3387 σεις
1336 3344 1430 3397 -]
1482 3338 1864 3415 Splioliastes.
1901 3341 2003 3386 ει’9,

1203 3418 1228 3444 α
1243 3401 1420 3457 γγελιά
1451 3399 1538 3441 ἐστὶ
1569 3402 1730 3452 κυρίως
1750 3396 1778 3471 ἡ
1797 3401 1892 3453 περὶ
1912 3414 2002 3440 και-

1203 3462 1290 3502 τῶν
1345 3474 1413 3500 και
1464 3457 1682 3511 δημοσίων
1737 3453 2003 3512 ἀδικημάτων
