2124 3744
298 215 403 266 462
750 206 1045 263 BREVIS
1088 205 1564 262 ADMONITIO

297 371 403 423 que
455 350 683 404 vocibus
713 349 1099 420 'scribendiss
1122 357 1186 404 ut
1240 368 1408 420 quum
1455 355 1773 404 constanter
1821 353 1994 419 γίγνε-

297 429 446 479 σθαι
473 441 573 494 pro
598 420 749 494 vulg.
775 426 1067 492 γένεο-θαι.
1089 429 1185 475 aut
1214 418 1538 491 γιγνώσκειν
1561 441 1662 493 pro
1687 419 1994 490 γινώσκειν,

298 502 394 561 aut
439 494 698 568 ἁμῃγέπῃ
755 502 811 547 et
842 493 1187 563 ἀμωσγέπως
1220 513 1322 564 pro
1361 491 1616 559 ἀμηγέπη
1657 500 1714 545 et
1750 491 1846 561 ἀμ.
1900 499 1998 545 aut

296 564 547 634 ἁθρόον,
577 564 726 634 quod
750 565 1006 636 placebat
1034 566 1200 619 etiam
1225 563 1569 631 AristarchO,
1606 583 1708 633 pro
1748 561 1993 633 ἀθρόον,

297 637 638 699 effinxim‘US,
675 638 843 690 tacite
882 656 1053 707 quum·
1086 636 1316 689 aliorum
1352 642 1470 688 tum
1505 635 1768 705 imprimis
1807 635 1997 707 optimi

296 710 422 763 libri
435 709 829 761 auctoritatem·
850 709 1114 761 reveritos
1144 726 1298 761 esse.n
1322 705 1816 775 Quamquamlsunt
1835 708 1998 760 etiam

297 783 437 834 bene
466 780 681 849 multa,
730 781 806 832 inv
837 779 1037 848 quibus
1075 778 1305 832 eundem
1341 778 1539 831 librum
1574 778 1772 832 sectari
1807 779 1998 832 merito

298 851 654 905 dubitaveris.
731 851 876 904 Nam
921 851 979 903 in
1026 852 1130 904 usu
1179 849 1563 920 pronominum
1599 849 1774 903 αὐτοῦ
1809 857 1865 903 et
1901 848 1999 904 αὑ-

297 925 401 978 τοῦ
439 944 485 976 κ.
531 944 578 976 τ.
617 926 665 976 λ.
687 922 842 975 adeo
892 921 1150 990 fluctuat,
1202 929 1265 977 ut
1311 921 1626 992 saepissime
1673 921 1999 992 scripturam

297 995 500 1048 referat
536 994 823 1047 manifesto
861 992 1229 1065 depravatam.
1304 992 1670 1060 Quamobrem
1707 993 1908 1047 talibus
1941 994 1999 1047 in

299 1067 436 1120 locis
472 1085 561 1123 res
599 1065 719 1119 solo
756 1065 956 1118 mentis
992 1064 1230 1133 iudicio,
1283 1084 1393 1118 non
1417 1064 1728 1117 testimonii
1762 1065 1999 1118 auctori·

299 1145 413 1191 tate
451 1135 797 1191 decernenda
835 1144 935 1190 est.
1010 1135 1165 1190 Idem
1215 1135 1541 1189 creberrime
1587 1141 1640 1189 τί
1678 1138 1772 1189 δαί
1807 1155 1906 1207 pro
1946 1140 2001 1190 τί

300 1213 436 1263 §aa
469 1208 722 1263 secunda
767 1227 931 1261 manu
983 1207 1152 1262 habet
1199 1207 1563 1278 adscriptum,
1615 1213 1679 1260 ut
1712 1208 2000 1278 utriusque

301 1281 594 1334 formulaev
627 1280 925 1334 discrimen
975 1280 1344 1333 ablitteratum
1400 1278 1477 1332 sit
1536 1298 1569 1331 a
1627 1278 1846 1349 critico,
1910 1280 1999 1333 cui

300 1353 439 1406 istae
494 1352 862 1405 correctiones
914 1350 1198 1405 debentur.
1279 1350 1573 1403 Praeterea
1606 1350 1837 1404 multum
1872 1370 2001 1422 pec-

301 1431 460 1490 catur
519 1423 578 1476 in
635 1423 1037 1494 permutatione
1085 1422 1373 1475 temeraria
1429 1421 1723 1474 formarum
1786 1425 1903 1476 ἔστι
1947 1430 2003 1476 et

303 1500 542 1557 ἑστήκω,
568 1493 670 1547 hic
709 1511 927 1564 quoqne
977 1512 1116 1564 opus
1166 1493 1240 1547 sit
1275 1494 1389 1546 fere
1438 1492 1721 1546 subtiliore
1767 1494 2002 1565 scriptu-

302 1585 412 1620 rae„
453 1565 870 1619 diiudicatione.
956 1566 1154 1634 Neque
1201 1566 1358 1619 novit
1393 1563 1569 1617 codex
1603 1565 2003 1619 rectum·verbi

303 1641 544 1706 ἐρέσθαι
605 1645 910 1705 accentum,
951 1637 1215 1707 scriptum
1265 1635 1527 1690 exhibens
1578 1635 1693 1688 fere
1750 1638 2002 1705 ἔρεσθαι.

272 1709 460 1764 'Idem
496 1709 585 1763 hic
635 1716 692 1761 et
739 1709 851 1762 illic
893 1715 1031 1777 αἰεί,
1081 1709 1307 1761 formam
1345 1707 1582 1761 ionicam
1620 1715 1674 1760 et
1709 1708 2001 1778 poeticam,

343 1801 406 1835 ro
441 1780 658 1853 vulgari
695 1779 780 1833 ἀεί
816 1779 1066 1848 exhibet,
1106 1788 1170 1832 ut
1215 1780 1262 1835 Ι.
1300 1800 1352 1851 p.
1392 1781 1512 1833 331.
1545 1780 1615 1831 A.
1657 1777 1735 1832 II.
1786 1799 1841 1850 p.
1882 1782 2003 1836 367.

302 1802 523 1907 iiam.
566 1872 623 1923 p.
657 1853 780 1904 407.
820 1850 884 1905 C.
925 1870 1089 1920 quam
1135 1859 1318 1905 tamen
1365 1850 1707 1921 exploratum
1743 1850 2005 1906 habemus

304 1946 339 1979 a
384 1923 619 1977 Platone
667 1943 781 1987 non
832 1942 953 1977 esse
1002 1930 1319 1994 usurpatam
1371 1922 1479 1976 nisi
1523 1922 1581 1974 in
1620 1921 1843 1976 Ionicae
1888 1922 2004 1976 dia-

305 1997 437 2050 lecti
471 1995 809 2059 imitatione3
869 2014 1202 2065 quamquam
1250 1994 1380 2048 alibi
1423 1992 1664 2047 vicissim
1723 2012 1845 2047 cum
1883 1994 2003 2048 aliis

302 2067 635 2122 dissentiens
670 2086 783 2119 non
820 2073 928 2119 αἰεί
964 2074 1165 2134 tuetur,
1206 2065 1307 2120 sed
1339 2065 1425 2117 ἀεί
1460 2065 1720 2135 scriptum
1763 2065 2003 2135 exhibet,

306 2147 372 2193 ut
407 2138 517 2191 III.
564 2159 617 2210 p.
668 2139 788 2191 396.
848 2136 914 2193 C.
964 2140 1088 2194 408.
1127 2138 1225 2207 B.,
1279 2135 1429 2207 quod
1465 2137 1646 2206 ipsum
1682 2145 2005 2208 argumento

305 2218 409 2279 est,
463 2210 574 2264 illis
609 2210 745 2263 loc-is
794 2228 944 2263 mero
994 2227 1176 2263 errore
1212 2209 1438 2263 alteram
1485 2208 1715 2262 formam
1762 2226 1887 2262 esse
1921 2209 2022 2262 in·-

306 2294 537 2337 vectam.
577 2281 722 2335 cdnf.
771 2279 1061 2334 Porson.
1098 2280 1279 2334 Praef.
1330 2278 1402 2331 ad
1450 2279 1667 2333 Hecub.
1705 2299 1768 2354 p.
1810 2280 1910 2335 IV.
1948 2278 2007 2333 et

307 2353 622 2407 Elmslei.
668 2352 848 2405 Praef.
883 2351 969 2406 ad
1028 2351 1201 2422 Soph.
1263 2350 1592 2421 Oed.-Reg.
1642 2370 1696 2421 p.
1761 2350 1869 2406 XI.
1919 2351 2005 2405 ed.

306 2425 464 2495 Lips.
538 2423 650 2479 Sed
697 2443 866 2494 quum
911 2424 995 2477 his
1032 2425 1091 2477 in
1137 2423 1386 2494 partibus
1435 2421 1860 2494 orthographica
1889 2423 2006 2476 eius

305 2497 515 2552 ratione
563 2515 756 2568 parum
805 2502 899 2548 aut
944 2495 1079 2548 nihil
1124 2493 1627 2562 confidereliceat,
1665 2501 1782 2546 tum
1815 2494 1873 2547 in
1911 2494 2007 2547 ad-

304 2566 573 2621 mittendo
618 2567 781 2620 hiatu
833 2575 888 2620 et
930 2566 1187 2621 facienda
1238 2566 1464 2620 elisione
1499 2565 1868 2620 tantominus
1907 2564 2006 2619 du·

306 2639 602 2694 bitavimus
653 2639 773 2692 eius
802 2639 1203 2691 ,auctoritatem
1255 2656 1419 2707 quam
1467 2636 1884 2709 diligentissime
1921 2655 2006 2691 se·-

308 2711 450 2781 qui,¹
488 2717 695 2779 quanto
740 2711 916 2782 magis
963 2710 1039 2762 in*
1073 2709 1158 2764 his
1207 2710 1582 2778 similibusque
1629 2709 1794 2761 rebus
1843 2708 2007 2762 etiam

309 2783 448 2836 alios
477 2782 671 2836 ‘bonos
710 2781 927 2835 codices
975 2781 1142 2835 habet
1175 2780 1599 2835 consentientes.
1673 2779 1890 2832 Bonum
1926 2780 2006 2832 fa·-

304 2858 460 2909 ctum
506 2853 705 2926 igitur,
760 2853 906 2922 quod
952 2861 1015 2906 ‚et
1062 2853 1430 2906 Duebneri
1487 2858 1543 2905 et
1600 2848 2006 2926 generosi-<ssimi

307 2926 431 2993 viri,
493 2927 588 2995 qui
637 2924 1032 2980 Turicensibus
1068 2943 1256 2996 nuper
1303 2943 1457 2978 suam
1506 2923 1622 2976 eius
1662 2922 2006 2976 collationem

307 2997 459 3050 ultro>
491 2996 945 3063 subministravit,
986 2994 1273 3068 diligentia
1309 2995 1508 3049 hocin
1532 2994 1750 3067 ‘genere'
1763 2993 2007 3046 maxima

306 3069 434 3135 fuit,
476 3067 572 3137 qui
606 3067 810 3137 hiatus,
851 3067 1378 3135 elisiones,=.cras‘eS,
1418 3065 1762 3137 aphaereseS,
1804 3064 1911 3116 alia
1947 3063 2006 3116 id

307 3156 484 3210 genus
504 3180 520 3207 ,
558 3138 815 3192 videntur
861 3138 1134 3193 indicasse
1170 3137 1280 3191 fide
1311 3139 1409 3191 reli
1454 3135 1735 3191 'osissima.
1808 3134 2006 3207 Itaque
2098 3187 2100 3189 .

310 3229 413 3263 nos
461 3209 681 3279 quidem
729 3211 787 3264 in
830 3218 990 3265 textu
1037 3207 1360 3282 refingendo
1444 3206 1876 3278 iligentissimam
1913 3219 2007 3260 eo-

310 3300 431 3337 rum
481 3280 769 3336 habuimus
816 3284 1132 3350 rationem,
1151 3299 1308 3351 quae
1358 3281 1427 3334 ab
1473 3279 1583 3331 illis
1631 3284 1822 3331 notata
1858 3284 2006 3344 sunt,

310 3352 590 3421 taciteque
634 3371 824 3407 eorum
862 3352 1306 3425 ¹significationes
1358 3349 1856 3420 comprobavimus
1937 3348 2006 3401 Id

309 3422 460 3499 quod
483 3422 617 3477 soh
632 3443 668 3476 n
683 3425 795 3479 eid
812 3445 840 3480 e
855 3447 930 3480 ru
946 3444 972 3479 s
1011 3424 1231 3493 quidem
1254 3422 1439 3477 necin
1460 3421 1700 3479 editione
1730 3427 2006 3491 postrema
