2106 3594
299 153 528 207 LXXX
550 173 552 176 ·

299 299 459 352 meris
520 296 826 350 absolutum
880 317 998 352 esse
1051 313 1213 371 atque
1261 301 1421 372 plane
1470 302 1702 373 simplex
1753 311 1807 356 et
1854 305 1909 358 in
1948 325 2007 360 se

297 388 498 435 unum,
548 375 612 423 ut
662 369 798 422 nihil
845 389 1073 441 prorsus
1123 371 1194 424 ad
1237 374 1574 444 singularum
1629 374 1828 444 quibus
1877 395 2007 432 con-

298 451 408 496 stat
441 442 679 512 partium
718 449 1047 496 concentum
1084 442 1442 498 desideretur.

447 573 636 639 Atque
679 571 815 625 haec
866 570 1088 640 quidem
1147 573 1194 626 si
1243 581 1392 627 recte
1441 592 1474 626 a
1517 574 1677 630 nobis
1726 575 2007 648 disputata

296 650 451 711 sunt,
502 650 647 696 certe
697 662 801 696 nec
859 642 1062 714 poterit
1119 662 1454 716 magnopere
1518 645 1742 700 dubium
1806 648 2002 717 videri,

297 714 431 785 quid
471 713 538 767 de
577 733 765 768 eorum
805 714 1121 769 criticorum
1159 716 1434 770 sententia
1456 717 1876 773 existimandum
1909 721 2001 789 sit,

295 787 390 857 qui
429 787 688 851 Politiam
724 786 1020 840 voluerunt
1054 786 1286 842 diversis
1337 789 1678 858 temporibus
1730 791 2002 846 frustatim

294 860 599 913 contectam
651 866 706 911 et
752 877 853 929 per
903 858 1056 912 varia
1102 867 1410 930 temporum
1457 861 1748 915 intervalla
1797 866 1853 916 in
1899 883 2002 936 pu·

293 931 496 984 blicam
557 930 809 984 emissam
871 948 1011 1002 esse.
1106 929 1177 983 Id
1233 931 1382 1001 quod
1453 932 1533 984 ita
1591 936 1788 987 statuit
1849 932 2000 990 Car.

292 1001 532 1055 Fried.
582 1002 1038 1060 Hermannus,
1073 1001 1282 1057 Histor.
1332 1003 1542 1059 Philos.
1598 1005 1818 1059 Platon.
1857 1006 1904 1062 I.
1944 1028 2000 1079 p.

291 1076 414 1131 536.
451 1093 573 1144 sqq.
624 1073 719 1143 qui
767 1094 820 1144 p.
861 1073 986 1128 538.
1021 1066 1253 1143 initium,
1293 1074 1398 1129 hoc
1438 1083 1524 1128 est
1559 1076 1795 1147 primum
1830 1077 1999 1138 libro-

291 1166 413 1199 rum
487 1145 874 1217 Reipublicae,
924 1145 974 1199 ei
1036 1145 1284 1201 Platonis
1343 1147 1514 1200 aetati
1555 1146 1998 1206 ,adscribendum

290 1236 410 1273 esse
440 1219 783 1289 suspicatur,
819 1235 931 1286 qua
962 1217 1154 1290 LysiS‚
1194 1217 1553 1288 Charmides,
1590 1219 1682 1275 alii
1719 1237 1998 1277 sermones

290 1290 634 1358 consimiles,
675 1289 881 1342 litteris
919 1289 1098 1343 consi*
1117 1290 1232 1343 nati
1270 1298 1421 1360 sunt,
1470 1291 1554 1344 ita
1587 1306 1653 1344 ut·
1684 1292 1845 1346 Plato
1884 1294 1996 1347 exi-

290 1361 600 1416 stimandus
621 1361 695 1415 sit
731 1361 827 1415 illo
850 1361 975 1414 ‚iam
996 1359 1071 1413 du
1113 1381 1207 1415 um.
1242 1361 1393 1417 edito
1428 1361 1650 1417 tandem
1676 1361 1749 1416 ad-
1769 1383 1889 1418 eam
1912 1365 1997 1420 iu-

289 1434 474 1487 stitiae
510 1434 788 1487 notionem
812 1423 1149 1504 p‘ervenisse,
1181 1452 1320 1504 quae
1343 1434 1398 1487 in
1420 1435 1822 1506 posterioribus
1841 1437 1995 1493 libris

289 1505 565 1576 explicata
609 1512 666 1558 et
700 1505 976 1558 illustrata
1012 1504 1113 1569 sit;
1151 1524 1319 1576 porro
1358 1506 1606 1575 quintum
1627 1547 1648 1574 ⁷
1683 1514 1900 1562 sextum
1939 1517 1995 1564 et

287 1579 581 1648 septimum
614 1576 815 1630 librum
853 1577 932 1647 (p.
956 1577 1106 1646 540.)
1142 1577 1338 1631 ceteris
1374 1577 1735 1648 posteriorem
1773 1588 1829 1632 et
1863 1581 1994 1636 sub-

285 1650 470 1703 seciva
506 1656 674 1720 opera
708 1648 853 1702 inter
890 1656 1143 1717 quartum
1193 1655 1247 1701 et
1307 1658 1561 1703 octavum
1609 1649 1993 1720 interpositum

287 1741 407 1775 esse
456 1728 645 1792 putat3
696 1718 932 1790 denique
979 1718 1181 1773 librum
1229 1718 1500 1775 decimum
1551 1723 1631 1792 (p.
1671 1723 1820 1791 510.)
1860 1740 1992 1778 con-

282 1792 458 1846 tendit
515 1792 796 1862 aliquanto
859 1797 986 1862 post
1055 1802 1219 1860 quam
1281 1811 1426 1862 opus
1480 1801 1630 1863 esset
1684 1795 1991 1863 perfectum

285 1863 490 1935 (nach
541 1881 918 1935 geranmer
966 1861 1155 1934 Zeit)
1211 1864 1412 1918 ceteris
1460 1864 1760 1918 accessisse
1797 1873 1990 1938 utpote

280 1937 459 1990 minus
515 1945 666 1990 arcte
713 1954 838 1992 cum
906 1935 1013 1991 illis
1063 1936 1446 1990 cohaerentem
1505 1943 1561 1990 et
1621 1937 1992 1994 continentem

282 2008 549 2078 quaedam
596 2029 746 2063 nova
791 2027 856 2062 ac
899 2008 1214 2080 singularia.
1303 2007 1577 2062 Nimirum
1630 2009 1988 2080 compositam

281 2098 403 2134 esse
453 2081 729 2134 civitatem
776 2100 888 2134 non
934 2100 1046 2133 una
1093 2086 1307 2148 aetate,
1357 2078 1456 2134 sed
1507 2098 1607 2152 per
1643 2079 1986 2135 diversorum

278 2161 586 2224 temporum
632 2152 955 2219 intervalla,
1003 2151 1268 2222 imprimis
1335 2151 1498 2205 etiam
1546 2170 1613 2210 ex
1659 2150 1987 2208 difficilioris

278 2225 569 2278 iuncturae
616 2231 672 2278 et
717 2223 1000 2295 compagis
1048 2222 1389 2296 singularum
1444 2223 1684 2293 partium
1718 2234 1985 2294 tanquam

278 2296 518 2350 hiatibus
556 2296 793 2368 intelligi
829 2296 995 2349 licere
1044 2295 1151 2350 sibi
1182 2294 1475 2366 persuasit.
1549 2291 1626 2348 Et
1663 2293 1731 2348 de
1768 2295 1984 2351 decimo

274 2368 416 2430 libro
443 2368 694 2422 similiter
729 2367 996 2421 iudicavit
1021 2367 1184 2422 etiam
1219 2366 1324 2420 Fr.
1365 2365 1982 2422 Schleiermache-

238 2458 425 2508 rue,
477 2440 572 2510 qui
619 2440 874 2512 Prolegg.
930 2439 1001 2493 ad
1049 2437 1219 2492 civit.
1266 2458 1320 2509 p.
1372 2439 1458 2491 55.
1506 2437 1688 2507 illum,
1739 2439 1787 2493 si
1836 2446 1984 2495 esset

276 2513 544 2581 omisSUS,
596 2531 629 2565 a
676 2512 833 2565 nullo·
881 2511 1047 2565 facile
1098 2510 1304 2564 lectore
1342 2507 1713 2564 desideratum
1749 2510 1818 2564 iri
1846 2531 1982 2594 pro-

273 2583 562 2639 nuntiavit.
636 2584 848 2636 Verum
889 2583 1031 2636 enim
1067 2602 1198 2636 vero
1236 2581 1322 2636 his
1359 2581 1601 2636 virorum
1637 2582 1980 2637 acutiss1mo-

271 2674 393 2709 rum
431 2655 653 2709 iudiciis
699 2653 833 2726 quid
870 2654 1077 2726 opponi
1123 2654 1323 2724 possit,
1370 2652 1754 2723 imprimisque
1800 2654 1858 2707 H
1870 2671 1979 2707 er-

271 2728 500 2780 manni
536 2726 808 2782 sententia
844 2734 1077 2797 quantas
1113 2725 1321 2780 habeat
1353 2724 1756 2794 dubitationes,
1808 2745 1978 2796 quum.

270 2818 447 2869 nuper
499 2799 567 2854 ab
621 2798 743 2853 aliis
784 2798 1074 2871 copiosius
1123 2797 1558 2852 demonstratum
1608 2796 1687 2854 sit
1717 2797 1798 2867 ¹⁸²),
1859 2803 1979 2850 tum

377 3086 424 3137 »*)
463 3084 707 3126 Adversati
752 3091 857 3125 sunt
894 3086 1218 3138 Hermganno
1268 3083 1486 3137 imprimis
1528 3082 1875 3124 Brandisius
1924 3083 1971 3124 in

441 3144 669 3195 praeclaro
702 3155 857 3194 opere:
899 3142 1243 3184 Gesehichte
1293 3141 1386 3180 der
1426 3139 1794 3193 griech-rom.
1841 3139 1969 3180 Phi-

443 3202 663 3254 losoph.
706 3200 834 3241 Tom.
877 3201 927 3243 ll.
970 3214 1013 3252 p.
1058 3200 1156 3244 161.
1189 3211 1253 3249 sq.
1313 3198 1601 3239 Ritterus:
1642 3197 1835 3239 Geseh.
1869 3198 1970 3238 der

391 3300 393 3302 ,
443 3259 768 3310 Philosoph.
801 3258 855 3298 T.
899 3258 950 3298 11.
981 3271 1024 3310 p.
1056 3258 1161 3302 315..
1195 3262 1239 3297 et
1277 3255 1516 3298 Zusatze
1555 3271 1597 3298 u.
1642 3257 1965 3297 Verbesser.

440 3331 479 3358 a.
514 3316 646 3360 1838.
685 3330 734 3369 p..
760 3316 832 3365 72.
863 3329 959 3368 sqq.
1021 3317 1076 3356 Ε.
1101 3315 1359 3358 Manious
1405 3312 1597 3357 Dissert.
1627 3312 1698 3355 De
1726 3313 1963 3355 civitat.

438 3376 592 3416 Plat.
629 3380 752 3417 arte
784 3379 836 3415 et
867 3375 1074 3416 consil.v
1115 3373 1144 3415 Ι.
1185 3371 1340 3415 Slesw.
1362 3371 1511 3416 Γ1854.
1543 3370 1598 3428 8.,
1631 3385 1718 3425 qua
1749 3385 1967 3414 commen-

442 3435 614 3474 tatione
655 3434 709 3473 de
754 3432 857 3472 libri
896 3432 1026 3483 primi
1057 3430 1182 3482 Reip.
1216 3436 1489 3482 argumento,
1523 3431 1711 3471 consilio
1743 3437 1786 3470 et
1815 3435 1967 3472 aucto-
