<?xml version="1.0" encoding="UTF-8"?>
<!DOCTYPE html PUBLIC "-//W3C//DTD XHTML 1.0 Transitional//EN"
    "http://www.w3.org/TR/xhtml1/DTD/xhtml1-transitional.dtd">
<html xmlns="http://www.w3.org/1999/xhtml" xml:lang="en" lang="en">
 <head>
  <title>
</title>
<meta http-equiv="Content-Type" content="text/html;charset=utf-8" />
  <meta name='ocr-system' content='tesseract 3.04.00' />
  <meta name='ocr-capabilities' content='ocr_page ocr_carea ocr_par ocr_line ocrx_word'/>
</head>
<body>
  <div class='ocr_page' id='page_1' title='image "./operaomniarecens03platuoft/operaomniarecens03platuoft_0630.png"; bbox 0 0 2124 3744; ppageno 0'>
   <div class='ocr_carea' id='block_1_1' title="bbox 275 164 1416 222">
    <p class='ocr_par' dir='ltr' id='par_1_1' title="bbox 275 164 1416 222">
     <span class='ocr_line' id='line_1_1' title="bbox 275 164 1416 222; baseline -0.001 -1"><span class='ocrx_word' id='word_1_1' title='bbox 275 177 306 221; x_wconf 69' lang='grc' dir='ltr'>ὅ</span> <span class='ocrx_word' id='word_1_2' title='bbox 836 164 1416 222; x_wconf 77' lang='lat' dir='ltr'>ARGUMENTUM</span> 
     </span>
    </p>
   </div>
   <div class='ocr_carea' id='block_1_2' title="bbox 265 309 1974 3459">
    <p class='ocr_par' dir='ltr' id='par_1_2' title="bbox 265 309 1974 2313">
     <span class='ocr_line' id='line_1_2' title="bbox 273 309 1967 378; baseline 0 -16"><span class='ocrx_word' id='word_1_3' title='bbox 273 310 528 377; x_wconf 85' lang='lat' dir='ltr'><strong>derati,</strong></span> <span class='ocrx_word' id='word_1_4' title='bbox 568 309 896 377; x_wconf 84' lang='lat' dir='ltr'><strong>minimeque</strong></span> <span class='ocrx_word' id='word_1_5' title='bbox 937 309 1102 361; x_wconf 89' lang='lat' dir='ltr'><strong>avari.</strong></span> <span class='ocrx_word' id='word_1_6' title='bbox 1178 309 1352 362; x_wconf 91' lang='lat' dir='ltr'><strong>Porro</strong></span> <span class='ocrx_word' id='word_1_7' title='bbox 1392 328 1557 378; x_wconf 90' lang='lat' dir='ltr'><strong>quum</strong></span> <span class='ocrx_word' id='word_1_8' title='bbox 1579 326 1756 361; x_wconf 88' lang='lat' dir='ltr'><strong>rerum</strong></span> <span class='ocrx_word' id='word_1_9' title='bbox 1794 310 1967 362; x_wconf 88' lang='lat' dir='ltr'><strong>minu-</strong></span> 
     </span>
     <span class='ocr_line' id='line_1_3' title="bbox 270 380 1968 450; baseline 0.001 -17"><span class='ocrx_word' id='word_1_10' title='bbox 270 390 450 433; x_wconf 89' lang='lat' dir='ltr'><strong>tarum</strong></span> <span class='ocrx_word' id='word_1_11' title='bbox 488 399 620 433; x_wconf 86' lang='lat' dir='ltr'><strong>cura</strong></span> <span class='ocrx_word' id='word_1_12' title='bbox 657 380 887 432; x_wconf 81' lang='lat' dir='ltr'><strong>maxime</strong></span> <span class='ocrx_word' id='word_1_13' title='bbox 926 380 1103 433; x_wconf 86' lang='lat' dir='ltr'><strong>aliena</strong></span> <span class='ocrx_word' id='word_1_14' title='bbox 1141 381 1213 433; x_wconf 89' lang='lat' dir='ltr'><strong>sit</strong></span> <span class='ocrx_word' id='word_1_15' title='bbox 1248 381 1316 433; x_wconf 91' lang='lat' dir='ltr'><strong>ab</strong></span> <span class='ocrx_word' id='word_1_16' title='bbox 1355 400 1451 449; x_wconf 87' lang='lat' dir='ltr'><strong>ec,</strong></span> <span class='ocrx_word' id='word_1_17' title='bbox 1503 381 1597 450; x_wconf 88' lang='lat' dir='ltr'><strong>qui</strong></span> <span class='ocrx_word' id='word_1_18' title='bbox 1635 400 1845 450; x_wconf 87' lang='lat' dir='ltr'><strong>omnem</strong></span> <span class='ocrx_word' id='word_1_19' title='bbox 1887 401 1968 434; x_wconf 90' lang='lat' dir='ltr'><strong>re-</strong></span> 
     </span>
     <span class='ocr_line' id='line_1_4' title="bbox 270 451 1968 521; baseline 0.001 -17"><span class='ocrx_word' id='word_1_20' title='bbox 270 472 390 505; x_wconf 90' lang='lat' dir='ltr'><strong>rum</strong></span> <span class='ocrx_word' id='word_1_21' title='bbox 438 451 796 504; x_wconf 85' lang='lat' dir='ltr'><strong>humanarum</strong></span> <span class='ocrx_word' id='word_1_22' title='bbox 843 451 1259 521; x_wconf 88' lang='lat' dir='ltr'><strong>divinarumque</strong></span> <span class='ocrx_word' id='word_1_23' title='bbox 1309 452 1568 504; x_wconf 91' lang='lat' dir='ltr'><strong>ambitum</strong></span> <span class='ocrx_word' id='word_1_24' title='bbox 1605 459 1782 504; x_wconf 90' lang='lat' dir='ltr'><strong>mente</strong></span> <span class='ocrx_word' id='word_1_25' title='bbox 1822 471 1968 505; x_wconf 92' lang='lat' dir='ltr'><strong>com-</strong></span> 
     </span>
     <span class='ocr_line' id='line_1_5' title="bbox 270 523 1969 594; baseline 0.001 -19"><span class='ocrx_word' id='word_1_26' title='bbox 270 523 438 594; x_wconf 82' lang='lat' dir='ltr'><strong>plecti</strong></span> <span class='ocrx_word' id='word_1_27' title='bbox 473 524 755 592; x_wconf 88' lang='lat' dir='ltr'><strong>totiusque</strong></span> <span class='ocrx_word' id='word_1_28' title='bbox 794 524 1054 593; x_wconf 91' lang='lat' dir='ltr'><strong>temporis</strong></span> <span class='ocrx_word' id='word_1_29' title='bbox 1094 532 1148 576; x_wconf 90' lang='lat' dir='ltr'><strong>et</strong></span> <span class='ocrx_word' id='word_1_30' title='bbox 1176 523 1444 575; x_wconf 84' lang='lat' dir='ltr'><strong>essentiae</strong></span> <span class='ocrx_word' id='word_1_31' title='bbox 1483 524 1590 575; x_wconf 88' lang='lat' dir='ltr'><strong>vim</strong></span> <span class='ocrx_word' id='word_1_32' title='bbox 1627 531 1683 576; x_wconf 93' lang='lat' dir='ltr'><strong>et</strong></span> <span class='ocrx_word' id='word_1_33' title='bbox 1719 531 1969 576; x_wconf 86' lang='lat' dir='ltr'><strong>naturam</strong></span> 
     </span>
     <span class='ocr_line' id='line_1_6' title="bbox 271 593 1967 664; baseline 0 -17"><span class='ocrx_word' id='word_1_34' title='bbox 271 596 451 647; x_wconf 89' lang='lat' dir='ltr'><strong>animo</strong></span> <span class='ocrx_word' id='word_1_35' title='bbox 517 594 765 648; x_wconf 90' lang='lat' dir='ltr'><strong>contueri</strong></span> <span class='ocrx_word' id='word_1_36' title='bbox 814 594 1062 662; x_wconf 82' lang='lat' dir='ltr'><strong>studeat,</strong></span> <span class='ocrx_word' id='word_1_37' title='bbox 1126 595 1405 664; x_wconf 88' lang='lat' dir='ltr'><strong>sequitur,</strong></span> <span class='ocrx_word' id='word_1_38' title='bbox 1467 602 1529 647; x_wconf 89' lang='lat' dir='ltr'><strong>ut</strong></span> <span class='ocrx_word' id='word_1_39' title='bbox 1576 593 1753 647; x_wconf 89' lang='lat' dir='ltr'><strong>eidem</strong></span> <span class='ocrx_word' id='word_1_40' title='bbox 1805 595 1967 647; x_wconf 90' lang='lat' dir='ltr'><strong>etiam</strong></span> 
     </span>
     <span class='ocr_line' id='line_1_7' title="bbox 271 664 1974 737; baseline -0.001 -18"><span class='ocrx_word' id='word_1_41' title='bbox 271 667 385 719; x_wconf 89' lang='lat' dir='ltr'><strong>vita</strong></span> <span class='ocrx_word' id='word_1_42' title='bbox 423 666 657 718; x_wconf 88' lang='lat' dir='ltr'><strong>humana</strong></span> <span class='ocrx_word' id='word_1_43' title='bbox 693 667 850 737; x_wconf 87' lang='lat' dir='ltr'><strong>parvi</strong></span> <span class='ocrx_word' id='word_1_44' title='bbox 874 665 1207 719; x_wconf 82' lang='lat' dir='ltr'><strong>aestimanda</strong></span> <span class='ocrx_word' id='word_1_45' title='bbox 1240 665 1505 718; x_wconf 86' lang='lat' dir='ltr'><strong>videatur.</strong></span> <span class='ocrx_word' id='word_1_46' title='bbox 1583 664 1769 733; x_wconf 80' lang='lat' dir='ltr'><strong>Quare</strong></span> <span class='ocrx_word' id='word_1_47' title='bbox 1807 667 1974 719; x_wconf 86' lang='lat' dir='ltr'><strong>etiam</strong></span> 
     </span>
     <span class='ocr_line' id='line_1_8' title="bbox 271 737 1968 809; baseline 0 -19"><span class='ocrx_word' id='word_1_48' title='bbox 271 745 496 790; x_wconf 87' lang='lat' dir='ltr'><strong>mortem</strong></span> <span class='ocrx_word' id='word_1_49' title='bbox 525 747 849 791; x_wconf 73' lang='lat' dir='ltr'><strong>&#39;contemnet</strong></span> <span class='ocrx_word' id='word_1_50' title='bbox 872 739 1126 806; x_wconf 90' lang='lat' dir='ltr'><strong>omnique</strong></span> <span class='ocrx_word' id='word_1_51' title='bbox 1166 737 1457 790; x_wconf 83' lang='lat' dir='ltr'><strong>timiditate</strong></span> <span class='ocrx_word' id='word_1_52' title='bbox 1493 746 1587 791; x_wconf 87' lang='lat' dir='ltr'><strong>aut</strong></span> <span class='ocrx_word' id='word_1_53' title='bbox 1612 738 1776 790; x_wconf 89' lang='lat' dir='ltr'><strong>animi</strong></span> <span class='ocrx_word' id='word_1_54' title='bbox 1816 739 1968 809; x_wconf 80' lang='lat' dir='ltr'><strong>igna-</strong></span> 
     </span>
     <span class='ocr_line' id='line_1_9' title="bbox 269 809 1967 880; baseline -0.001 -18"><span class='ocrx_word' id='word_1_55' title='bbox 269 811 358 862; x_wconf 89' lang='lat' dir='ltr'><strong>via</strong></span> <span class='ocrx_word' id='word_1_56' title='bbox 385 810 624 862; x_wconf 88' lang='lat' dir='ltr'><strong>vacabit:</strong></span> <span class='ocrx_word' id='word_1_57' title='bbox 662 809 788 877; x_wconf 90' lang='lat' dir='ltr'><strong>imo,</strong></span> <span class='ocrx_word' id='word_1_58' title='bbox 829 809 874 862; x_wconf 92' lang='lat' dir='ltr'><strong>si</strong></span> <span class='ocrx_word' id='word_1_59' title='bbox 917 810 1038 878; x_wconf 88' lang='lat' dir='ltr'><strong>quis</strong></span> <span class='ocrx_word' id='word_1_60' title='bbox 1078 809 1234 877; x_wconf 90' lang='lat' dir='ltr'><strong>alius,</strong></span> <span class='ocrx_word' id='word_1_61' title='bbox 1276 809 1866 880; x_wconf 83' lang='lat' dir='ltr'><strong>magnanimitate</strong></span> <span class='ocrx_word' id='word_1_62' title='bbox 1905 829 1967 862; x_wconf 85' lang='lat' dir='ltr'><strong>ac</strong></span> 
     </span>
     <span class='ocr_line' id='line_1_10' title="bbox 268 880 1968 952; baseline 0 -19"><span class='ocrx_word' id='word_1_63' title='bbox 268 880 694 933; x_wconf 88' lang='lat' dir='ltr'><strong>fortitudine</strong></span> <span class='ocrx_word' id='word_1_64' title='bbox 735 880 980 933; x_wconf 85' lang='lat' dir='ltr'><strong>excellet.</strong></span> <span class='ocrx_word' id='word_1_65' title='bbox 1058 881 1296 952; x_wconf 82' lang='lat' dir='ltr'><strong>Ignavae</strong></span> <span class='ocrx_word' id='word_1_66' title='bbox 1335 883 1478 934; x_wconf 91' lang='lat' dir='ltr'><strong>enim</strong></span> <span class='ocrx_word' id='word_1_67' title='bbox 1517 889 1609 933; x_wconf 84' lang='lat' dir='ltr'><strong>aut</strong></span> <span class='ocrx_word' id='word_1_68' title='bbox 1650 901 1839 952; x_wconf 88' lang='lat' dir='ltr'><strong>parum</strong></span> <span class='ocrx_word' id='word_1_69' title='bbox 1877 901 1968 951; x_wconf 80' lang='lat' dir='ltr'><strong>ge—</strong></span> 
     </span>
     <span class='ocr_line' id='line_1_11' title="bbox 270 952 1969 1024; baseline 0.001 -19"><span class='ocrx_word' id='word_1_70' title='bbox 270 971 496 1006; x_wconf 89' lang='lat' dir='ltr'><strong>nerosae</strong></span> <span class='ocrx_word' id='word_1_71' title='bbox 535 961 760 1005; x_wconf 88' lang='lat' dir='ltr'><strong>naturae</strong></span> <span class='ocrx_word' id='word_1_72' title='bbox 800 971 923 1005; x_wconf 89' lang='lat' dir='ltr'><strong>cum</strong></span> <span class='ocrx_word' id='word_1_73' title='bbox 961 952 1307 1024; x_wconf 86' lang='lat' dir='ltr'><strong>philosophia</strong></span> <span class='ocrx_word' id='word_1_74' title='bbox 1342 953 1474 1005; x_wconf 91' lang='lat' dir='ltr'><strong>nihil</strong></span> <span class='ocrx_word' id='word_1_75' title='bbox 1503 953 1810 1006; x_wconf 80' lang='lat' dir='ltr'><strong>commercii</strong></span> <span class='ocrx_word' id='word_1_76' title='bbox 1850 971 1969 1006; x_wconf 86' lang='lat' dir='ltr'><strong>esse</strong></span> 
     </span>
     <span class='ocr_line' id='line_1_12' title="bbox 267 1022 1968 1097; baseline -0.001 -19"><span class='ocrx_word' id='word_1_77' title='bbox 267 1032 468 1096; x_wconf 86' lang='lat' dir='ltr'><strong>potest.</strong></span> <span class='ocrx_word' id='word_1_78' title='bbox 544 1022 657 1092; x_wconf 76' lang='lat' dir='ltr'><strong>Qui</strong></span> <span class='ocrx_word' id='word_1_79' title='bbox 694 1043 825 1078; x_wconf 88' lang='lat' dir='ltr'><strong>vero</strong></span> <span class='ocrx_word' id='word_1_80' title='bbox 864 1032 1172 1096; x_wconf 88' lang='lat' dir='ltr'><strong>temperans</strong></span> <span class='ocrx_word' id='word_1_81' title='bbox 1209 1032 1265 1077; x_wconf 91' lang='lat' dir='ltr'><strong>et</strong></span> <span class='ocrx_word' id='word_1_82' title='bbox 1301 1024 1631 1093; x_wconf 84' lang='lat' dir='ltr'><strong>moderatuS,</strong></span> <span class='ocrx_word' id='word_1_83' title='bbox 1669 1043 1968 1097; x_wconf 85' lang='lat' dir='ltr'><strong>generosus</strong></span> 
     </span>
     <span class='ocr_line' id='line_1_13' title="bbox 269 1096 1968 1166; baseline 0 -17"><span class='ocrx_word' id='word_1_84' title='bbox 269 1104 325 1149; x_wconf 90' lang='lat' dir='ltr'><strong>et</strong></span> <span class='ocrx_word' id='word_1_85' title='bbox 373 1096 528 1150; x_wconf 87' lang='lat' dir='ltr'><strong>fortis</strong></span> <span class='ocrx_word' id='word_1_86' title='bbox 577 1103 688 1165; x_wconf 85' lang='lat' dir='ltr'><strong>est,</strong></span> <span class='ocrx_word' id='word_1_87' title='bbox 745 1096 792 1149; x_wconf 91' lang='lat' dir='ltr'><strong>is</strong></span> <span class='ocrx_word' id='word_1_88' title='bbox 842 1114 1120 1166; x_wconf 88' lang='lat' dir='ltr'><strong>nunquam</strong></span> <span class='ocrx_word' id='word_1_89' title='bbox 1170 1096 1500 1164; x_wconf 87' lang='lat' dir='ltr'><strong>committet,</strong></span> <span class='ocrx_word' id='word_1_90' title='bbox 1563 1105 1625 1150; x_wconf 89' lang='lat' dir='ltr'><strong>ut</strong></span> <span class='ocrx_word' id='word_1_91' title='bbox 1675 1115 1798 1149; x_wconf 90' lang='lat' dir='ltr'><strong>cum</strong></span> <span class='ocrx_word' id='word_1_92' title='bbox 1849 1096 1968 1149; x_wconf 87' lang='lat' dir='ltr'><strong>aliis</strong></span> 
     </span>
     <span class='ocr_line' id='line_1_14' title="bbox 269 1166 1966 1239; baseline -0.001 -18"><span class='ocrx_word' id='word_1_93' title='bbox 269 1176 399 1239; x_wconf 84' lang='lat' dir='ltr'><strong>agat</strong></span> <span class='ocrx_word' id='word_1_94' title='bbox 444 1168 661 1221; x_wconf 87' lang='lat' dir='ltr'><strong>iniuste.</strong></span> <span class='ocrx_word' id='word_1_95' title='bbox 758 1167 954 1236; x_wconf 89' lang='lat' dir='ltr'><strong>Itaque</strong></span> <span class='ocrx_word' id='word_1_96' title='bbox 1010 1187 1171 1222; x_wconf 86' lang='lat' dir='ltr'><strong>verus</strong></span> <span class='ocrx_word' id='word_1_97' title='bbox 1220 1166 1579 1239; x_wconf 90' lang='lat' dir='ltr'><strong>philosophus</strong></span> <span class='ocrx_word' id='word_1_98' title='bbox 1633 1168 1795 1221; x_wconf 89' lang='lat' dir='ltr'><strong>etiam</strong></span> <span class='ocrx_word' id='word_1_99' title='bbox 1858 1167 1966 1220; x_wconf 83' lang='lat' dir='ltr'><strong>iu·-</strong></span> 
     </span>
     <span class='ocr_line' id='line_1_15' title="bbox 270 1239 1969 1309; baseline 0.001 -18"><span class='ocrx_word' id='word_1_100' title='bbox 270 1248 424 1293; x_wconf 88' lang='lat' dir='ltr'><strong>stus</strong></span> <span class='ocrx_word' id='word_1_101' title='bbox 475 1248 543 1293; x_wconf 88' lang='lat' dir='ltr'><strong>et</strong></span> <span class='ocrx_word' id='word_1_102' title='bbox 591 1252 856 1308; x_wconf 83' lang='lat' dir='ltr'><strong>aequus</strong></span> <span class='ocrx_word' id='word_1_103' title='bbox 895 1239 968 1293; x_wconf 89' lang='lat' dir='ltr'><strong>sit</strong></span> <span class='ocrx_word' id='word_1_104' title='bbox 1016 1258 1240 1293; x_wconf 89' lang='lat' dir='ltr'><strong>necesse</strong></span> <span class='ocrx_word' id='word_1_105' title='bbox 1291 1247 1391 1294; x_wconf 86' lang='lat' dir='ltr'><strong>est.</strong></span> <span class='ocrx_word' id='word_1_106' title='bbox 1481 1239 1636 1292; x_wconf 88' lang='lat' dir='ltr'><strong>Idem</strong></span> <span class='ocrx_word' id='word_1_107' title='bbox 1674 1239 1775 1291; x_wconf 88' lang='lat' dir='ltr'><strong>erit</strong></span> <span class='ocrx_word' id='word_1_108' title='bbox 1815 1258 1969 1309; x_wconf 89' lang='lat' dir='ltr'><strong>prae-</strong></span> 
     </span>
     <span class='ocr_line' id='line_1_16' title="bbox 269 1310 1966 1378; baseline -0.001 -14"><span class='ocrx_word' id='word_1_109' title='bbox 269 1319 417 1364; x_wconf 85' lang='lat' dir='ltr'><strong>terea</strong></span> <span class='ocrx_word' id='word_1_110' title='bbox 477 1311 640 1364; x_wconf 88' lang='lat' dir='ltr'><strong>etiam</strong></span> <span class='ocrx_word' id='word_1_111' title='bbox 691 1310 952 1364; x_wconf 90' lang='lat' dir='ltr'><strong>docilis</strong></span> <span class='ocrx_word' id='word_1_112' title='bbox 1005 1318 1059 1364; x_wconf 91' lang='lat' dir='ltr'><strong>et</strong></span> <span class='ocrx_word' id='word_1_113' title='bbox 1126 1311 1263 1364; x_wconf 87' lang='lat' dir='ltr'><strong>bona</strong></span> <span class='ocrx_word' id='word_1_114' title='bbox 1331 1311 1631 1363; x_wconf 85' lang='lat' dir='ltr'><strong>instructus</strong></span> <span class='ocrx_word' id='word_1_115' title='bbox 1691 1311 1966 1378; x_wconf 89' lang='lat' dir='ltr'><strong>memoria,</strong></span> 
     </span>
     <span class='ocr_line' id='line_1_17' title="bbox 270 1381 1966 1453; baseline -0.001 -18"><span class='ocrx_word' id='word_1_116' title='bbox 270 1383 399 1453; x_wconf 89' lang='lat' dir='ltr'><strong>quia</strong></span> <span class='ocrx_word' id='word_1_117' title='bbox 436 1382 679 1451; x_wconf 88' lang='lat' dir='ltr'><strong>alioquin</strong></span> <span class='ocrx_word' id='word_1_118' title='bbox 729 1382 967 1435; x_wconf 89' lang='lat' dir='ltr'><strong>animum</strong></span> <span class='ocrx_word' id='word_1_119' title='bbox 1004 1402 1114 1435; x_wconf 92' lang='lat' dir='ltr'><strong>non</strong></span> <span class='ocrx_word' id='word_1_120' title='bbox 1151 1390 1342 1453; x_wconf 88' lang='lat' dir='ltr'><strong>posset</strong></span> <span class='ocrx_word' id='word_1_121' title='bbox 1380 1381 1660 1435; x_wconf 90' lang='lat' dir='ltr'><strong>doctrinae</strong></span> <span class='ocrx_word' id='word_1_122' title='bbox 1701 1395 1755 1434; x_wconf 86' lang='lat' dir='ltr'><strong>et</strong></span> <span class='ocrx_word' id='word_1_123' title='bbox 1791 1383 1966 1435; x_wconf 90' lang='lat' dir='ltr'><strong>scien-</strong></span> 
     </span>
     <span class='ocr_line' id='line_1_18' title="bbox 269 1453 1967 1525; baseline 0.001 -20"><span class='ocrx_word' id='word_1_124' title='bbox 269 1455 377 1507; x_wconf 90' lang='lat' dir='ltr'><strong>tiae</strong></span> <span class='ocrx_word' id='word_1_125' title='bbox 432 1454 629 1524; x_wconf 89' lang='lat' dir='ltr'><strong>opibus</strong></span> <span class='ocrx_word' id='word_1_126' title='bbox 681 1453 1030 1525; x_wconf 80' lang='lat' dir='ltr'><strong>locupletare.</strong></span> <span class='ocrx_word' id='word_1_127' title='bbox 1114 1453 1352 1507; x_wconf 77' lang='lat' dir='ltr'><strong>Accedit</strong></span> <span class='ocrx_word' id='word_1_128' title='bbox 1402 1454 1508 1505; x_wconf 87' lang='lat' dir='ltr'><strong>alia</strong></span> <span class='ocrx_word' id='word_1_129' title='bbox 1555 1454 1747 1507; x_wconf 85' lang='lat' dir='ltr'><strong>virtus.</strong></span> <span class='ocrx_word' id='word_1_130' title='bbox 1823 1453 1967 1507; x_wconf 90' lang='lat' dir='ltr'><strong>Nam</strong></span> 
     </span>
     <span class='ocr_line' id='line_1_19' title="bbox 267 1524 1969 1608; baseline -0.001 -30"><span class='ocrx_word' id='word_1_131' title='bbox 267 1526 466 1579; x_wconf 85' lang='lat' dir='ltr'><strong>veritas</strong></span> <span class='ocrx_word' id='word_1_132' title='bbox 518 1525 772 1595; x_wconf 88' lang='lat' dir='ltr'><strong>quoniam</strong></span> <span class='ocrx_word' id='word_1_133' title='bbox 835 1526 1124 1578; x_wconf 87' lang='lat' dir='ltr'><strong>maximam</strong></span> <span class='ocrx_word' id='word_1_134' title='bbox 1173 1524 1337 1579; x_wconf 87' lang='lat' dir='ltr'><strong>habet</strong></span> <span class='ocrx_word' id='word_1_135' title='bbox 1385 1544 1507 1578; x_wconf 90' lang='lat' dir='ltr'><strong>cum</strong></span> <span class='ocrx_word' id='word_1_136' title='bbox 1555 1525 1869 1608; x_wconf 67' lang='lat' dir='ltr'><strong>symmetria</strong></span> <span class='ocrx_word' id='word_1_137' title='bbox 1914 1533 1969 1578; x_wconf 87' lang='lat' dir='ltr'><strong>et</strong></span> 
     </span>
     <span class='ocr_line' id='line_1_20' title="bbox 266 1596 1966 1666; baseline -0.001 -15"><span class='ocrx_word' id='word_1_138' title='bbox 266 1596 549 1651; x_wconf 87' lang='lat' dir='ltr'><strong>harmonia</strong></span> <span class='ocrx_word' id='word_1_139' title='bbox 608 1596 1019 1650; x_wconf 85' lang='lat' dir='ltr'><strong>similitudinem</strong></span> <span class='ocrx_word' id='word_1_140' title='bbox 1083 1606 1248 1666; x_wconf 88' lang='lat' dir='ltr'><strong>atque</strong></span> <span class='ocrx_word' id='word_1_141' title='bbox 1320 1597 1788 1664; x_wconf 82' lang='lat' dir='ltr'><strong>coniunctionem,</strong></span> <span class='ocrx_word' id='word_1_142' title='bbox 1849 1596 1966 1649; x_wconf 90' lang='lat' dir='ltr'><strong>fieri</strong></span> 
     </span>
     <span class='ocr_line' id='line_1_21' title="bbox 267 1667 1969 1741; baseline -0.001 -19"><span class='ocrx_word' id='word_1_143' title='bbox 267 1689 377 1723; x_wconf 90' lang='lat' dir='ltr'><strong>non</strong></span> <span class='ocrx_word' id='word_1_144' title='bbox 414 1676 616 1741; x_wconf 88' lang='lat' dir='ltr'><strong>potest,</strong></span> <span class='ocrx_word' id='word_1_145' title='bbox 653 1680 717 1721; x_wconf 88' lang='lat' dir='ltr'><strong>ut</strong></span> <span class='ocrx_word' id='word_1_146' title='bbox 751 1668 819 1737; x_wconf 73' lang='lat' dir='ltr'><strong>ie,</strong></span> <span class='ocrx_word' id='word_1_147' title='bbox 859 1669 954 1738; x_wconf 91' lang='lat' dir='ltr'><strong>qui</strong></span> <span class='ocrx_word' id='word_1_148' title='bbox 992 1669 1042 1722; x_wconf 90' lang='lat' dir='ltr'><strong>ei</strong></span> <span class='ocrx_word' id='word_1_149' title='bbox 1080 1688 1182 1739; x_wconf 85' lang='lat' dir='ltr'><strong>per</strong></span> <span class='ocrx_word' id='word_1_150' title='bbox 1218 1676 1405 1722; x_wconf 56' lang='lat' dir='ltr'><strong>totam*</strong></span> <span class='ocrx_word' id='word_1_151' title='bbox 1425 1669 1591 1722; x_wconf 85' lang='lat' dir='ltr'><strong>vitam</strong></span> <span class='ocrx_word' id='word_1_152' title='bbox 1622 1667 1858 1737; x_wconf 87' lang='lat' dir='ltr'><strong>studeat,</strong></span> <span class='ocrx_word' id='word_1_153' title='bbox 1896 1670 1969 1722; x_wconf 85' lang='lat' dir='ltr'><strong>sit</strong></span> 
     </span>
     <span class='ocr_line' id='line_1_22' title="bbox 266 1740 1967 1812; baseline -0.001 -18"><span class='ocrx_word' id='word_1_154' title='bbox 266 1759 427 1812; x_wconf 79' lang='lat' dir='ltr'><strong>asper</strong></span> <span class='ocrx_word' id='word_1_155' title='bbox 462 1748 558 1794; x_wconf 87' lang='lat' dir='ltr'><strong>aut</strong></span> <span class='ocrx_word' id='word_1_156' title='bbox 593 1741 938 1807; x_wconf 83' lang='lat' dir='ltr'><strong>invenustuS,</strong></span> <span class='ocrx_word' id='word_1_157' title='bbox 978 1740 1077 1794; x_wconf 87' lang='lat' dir='ltr'><strong>sed</strong></span> <span class='ocrx_word' id='word_1_158' title='bbox 1113 1741 1351 1795; x_wconf 87' lang='lat' dir='ltr'><strong>suavis</strong></span> <span class='ocrx_word' id='word_1_159' title='bbox 1406 1741 1588 1811; x_wconf 87' lang='lat' dir='ltr'><strong>potius</strong></span> <span class='ocrx_word' id='word_1_160' title='bbox 1627 1747 1682 1793; x_wconf 89' lang='lat' dir='ltr'><strong>et</strong></span> <span class='ocrx_word' id='word_1_161' title='bbox 1717 1740 1967 1793; x_wconf 89' lang='lat' dir='ltr'><strong>iucun-</strong></span> 
     </span>
     <span class='ocr_line' id='line_1_23' title="bbox 268 1811 1966 1883; baseline 0.001 -18"><span class='ocrx_word' id='word_1_162' title='bbox 268 1812 394 1866; x_wconf 87' lang='lat' dir='ltr'><strong>dus</strong></span> <span class='ocrx_word' id='word_1_163' title='bbox 457 1813 529 1866; x_wconf 88' lang='lat' dir='ltr'><strong>sit</strong></span> <span class='ocrx_word' id='word_1_164' title='bbox 598 1832 818 1883; x_wconf 88' lang='lat' dir='ltr'><strong>prorsus</strong></span> <span class='ocrx_word' id='word_1_165' title='bbox 877 1831 1102 1866; x_wconf 88' lang='lat' dir='ltr'><strong>necesse</strong></span> <span class='ocrx_word' id='word_1_166' title='bbox 1145 1821 1252 1866; x_wconf 86' lang='lat' dir='ltr'><strong>est:</strong></span> <span class='ocrx_word' id='word_1_167' title='bbox 1312 1812 1556 1882; x_wconf 89' lang='lat' dir='ltr'><strong>alioquin</strong></span> <span class='ocrx_word' id='word_1_168' title='bbox 1605 1812 1749 1864; x_wconf 91' lang='lat' dir='ltr'><strong>enim</strong></span> <span class='ocrx_word' id='word_1_169' title='bbox 1796 1811 1966 1883; x_wconf 75' lang='lat' dir='ltr'><strong>ipsius</strong></span> 
     </span>
     <span class='ocr_line' id='line_1_24' title="bbox 267 1883 1967 1953; baseline -0.001 -16"><span class='ocrx_word' id='word_1_170' title='bbox 267 1884 478 1938; x_wconf 89' lang='lat' dir='ltr'><strong>animus</strong></span> <span class='ocrx_word' id='word_1_171' title='bbox 515 1883 665 1938; x_wconf 89' lang='lat' dir='ltr'><strong>haud</strong></span> <span class='ocrx_word' id='word_1_172' title='bbox 702 1884 864 1938; x_wconf 88' lang='lat' dir='ltr'><strong>facile</strong></span> <span class='ocrx_word' id='word_1_173' title='bbox 905 1903 1027 1938; x_wconf 86' lang='lat' dir='ltr'><strong>sese</strong></span> <span class='ocrx_word' id='word_1_174' title='bbox 1067 1884 1137 1937; x_wconf 88' lang='lat' dir='ltr'><strong>ad</strong></span> <span class='ocrx_word' id='word_1_175' title='bbox 1159 1883 1587 1953; x_wconf 84' lang='lat' dir='ltr'><strong>uniuscuiusque</strong></span> <span class='ocrx_word' id='word_1_176' title='bbox 1624 1883 1704 1936; x_wconf 91' lang='lat' dir='ltr'><strong>rei</strong></span> <span class='ocrx_word' id='word_1_177' title='bbox 1729 1883 1967 1953; x_wconf 90' lang='lat' dir='ltr'><strong>speciem</strong></span> 
     </span>
     <span class='ocr_line' id='line_1_25' title="bbox 267 1955 1965 2028; baseline -0.001 -18"><span class='ocrx_word' id='word_1_178' title='bbox 267 1955 709 2028; x_wconf 85' lang='lat' dir='ltr'><strong>cognoscendam</strong></span> <span class='ocrx_word' id='word_1_179' title='bbox 758 1956 1071 2028; x_wconf 86' lang='lat' dir='ltr'><strong>applicaret.</strong></span> <span class='ocrx_word' id='word_1_180' title='bbox 1159 1956 1316 2010; x_wconf 84' lang='lat' dir='ltr'><strong>Haec</strong></span> <span class='ocrx_word' id='word_1_181' title='bbox 1366 1956 1546 2008; x_wconf 91' lang='lat' dir='ltr'><strong>omnia</strong></span> <span class='ocrx_word' id='word_1_182' title='bbox 1595 1955 1766 2026; x_wconf 84' lang='lat' dir='ltr'><strong>igitur</strong></span> <span class='ocrx_word' id='word_1_183' title='bbox 1800 1974 1965 2024; x_wconf 92' lang='lat' dir='ltr'><strong>quum</strong></span> 
     </span>
     <span class='ocr_line' id='line_1_26' title="bbox 267 2026 1968 2098; baseline -0.001 -17"><span class='ocrx_word' id='word_1_184' title='bbox 267 2028 577 2082; x_wconf 89' lang='lat' dir='ltr'><strong>necessario</strong></span> <span class='ocrx_word' id='word_1_185' title='bbox 629 2028 1003 2098; x_wconf 80' lang='lat' dir='ltr'><strong>requirantur,</strong></span> <span class='ocrx_word' id='word_1_186' title='bbox 1054 2028 1100 2081; x_wconf 88' lang='lat' dir='ltr'><strong>si</strong></span> <span class='ocrx_word' id='word_1_187' title='bbox 1150 2027 1271 2098; x_wconf 89' lang='lat' dir='ltr'><strong>quis</strong></span> <span class='ocrx_word' id='word_1_188' title='bbox 1320 2027 1478 2098; x_wconf 89' lang='lat' dir='ltr'><strong>plane</strong></span> <span class='ocrx_word' id='word_1_189' title='bbox 1516 2046 1580 2080; x_wconf 88' lang='lat' dir='ltr'><strong>ac</strong></span> <span class='ocrx_word' id='word_1_190' title='bbox 1618 2026 1858 2097; x_wconf 88' lang='lat' dir='ltr'><strong>perfecte</strong></span> <span class='ocrx_word' id='word_1_191' title='bbox 1898 2026 1968 2079; x_wconf 91' lang='lat' dir='ltr'><strong>ad</strong></span> 
     </span>
     <span class='ocr_line' id='line_1_27' title="bbox 265 2097 1967 2172; baseline -0.001 -20"><span class='ocrx_word' id='word_1_192' title='bbox 265 2099 378 2152; x_wconf 88' lang='lat' dir='ltr'><strong>veri</strong></span> <span class='ocrx_word' id='word_1_193' title='bbox 428 2100 797 2172; x_wconf 86' lang='lat' dir='ltr'><strong>cognitionem</strong></span> <span class='ocrx_word' id='word_1_194' title='bbox 849 2099 1131 2170; x_wconf 88' lang='lat' dir='ltr'><strong>pervenire</strong></span> <span class='ocrx_word' id='word_1_195' title='bbox 1186 2099 1347 2166; x_wconf 88' lang='lat' dir='ltr'><strong>velit,</strong></span> <span class='ocrx_word' id='word_1_196' title='bbox 1397 2117 1555 2152; x_wconf 89' lang='lat' dir='ltr'><strong>nemo</strong></span> <span class='ocrx_word' id='word_1_197' title='bbox 1596 2111 1680 2151; x_wconf 88' lang='lat' dir='ltr'><strong>est</strong></span> <span class='ocrx_word' id='word_1_198' title='bbox 1719 2097 1852 2167; x_wconf 91' lang='lat' dir='ltr'><strong>quin</strong></span> <span class='ocrx_word' id='word_1_199' title='bbox 1888 2099 1967 2151; x_wconf 90' lang='lat' dir='ltr'><strong>vi-</strong></span> 
     </span>
     <span class='ocr_line' id='line_1_28' title="bbox 266 2169 1966 2242; baseline 0 -18"><span class='ocrx_word' id='word_1_200' title='bbox 266 2170 395 2224; x_wconf 89' lang='lat' dir='ltr'><strong>deat</strong></span> <span class='ocrx_word' id='word_1_201' title='bbox 429 2171 564 2224; x_wconf 84' lang='lat' dir='ltr'><strong>viris</strong></span> <span class='ocrx_word' id='word_1_202' title='bbox 603 2183 715 2224; x_wconf 90' lang='lat' dir='ltr'><strong>tam</strong></span> <span class='ocrx_word' id='word_1_203' title='bbox 753 2170 979 2224; x_wconf 89' lang='lat' dir='ltr'><strong>eruditis</strong></span> <span class='ocrx_word' id='word_1_204' title='bbox 1017 2190 1080 2224; x_wconf 88' lang='lat' dir='ltr'><strong>ac</strong></span> <span class='ocrx_word' id='word_1_205' title='bbox 1117 2170 1374 2241; x_wconf 71' lang='lat' dir='ltr'><strong>perfectis</strong></span> <span class='ocrx_word' id='word_1_206' title='bbox 1412 2169 1743 2242; x_wconf 89' lang='lat' dir='ltr'><strong>reipublicae</strong></span> <span class='ocrx_word' id='word_1_207' title='bbox 1782 2189 1966 2224; x_wconf 87' lang='lat' dir='ltr'><strong>curam</strong></span> 
     </span>
     <span class='ocr_line' id='line_1_29' title="bbox 265 2242 1568 2313; baseline -0.001 -18"><span class='ocrx_word' id='word_1_208' title='bbox 265 2242 709 2296; x_wconf 85' lang='lat' dir='ltr'><strong>committendam</strong></span> <span class='ocrx_word' id='word_1_209' title='bbox 749 2261 884 2298; x_wconf 86' lang='lat' dir='ltr'><strong>esse.</strong></span> <span class='ocrx_word' id='word_1_210' title='bbox 964 2243 1193 2313; x_wconf 71' lang='lat' dir='ltr'><strong>P.‚484.</strong></span> <span class='ocrx_word' id='word_1_211' title='bbox 1232 2274 1300 2280; x_wconf 93' lang='lat'>—</span> <span class='ocrx_word' id='word_1_212' title='bbox 1337 2244 1459 2296; x_wconf 85' lang='lat'>487.</span> <span class='ocrx_word' id='word_1_213' title='bbox 1500 2244 1568 2294; x_wconf 92' lang='lat' dir='ltr'><strong>A.</strong></span> 
     </span>
    </p>

    <p class='ocr_par' dir='ltr' id='par_1_3' title="bbox 266 2311 1970 3459">
     <span class='ocr_line' id='line_1_30' title="bbox 415 2311 1968 2386; baseline -0.001 -18"><span class='ocrx_word' id='word_1_214' title='bbox 415 2314 520 2369; x_wconf 85' lang='lat' dir='ltr'><strong>His</strong></span> <span class='ocrx_word' id='word_1_215' title='bbox 559 2315 843 2386; x_wconf 86' lang='lat' dir='ltr'><strong>explicatis</strong></span> <span class='ocrx_word' id='word_1_216' title='bbox 881 2313 1238 2367; x_wconf 85' lang='lat' dir='ltr'><strong>Adimantus:</strong></span> <span class='ocrx_word' id='word_1_217' title='bbox 1289 2313 1604 2367; x_wconf 86' lang='lat' dir='ltr'><strong>Artificiose</strong></span> <span class='ocrx_word' id='word_1_218' title='bbox 1654 2311 1874 2382; x_wconf 90' lang='lat' dir='ltr'><strong>quidem</strong></span> <span class='ocrx_word' id='word_1_219' title='bbox 1911 2322 1968 2366; x_wconf 88' lang='lat' dir='ltr'><strong>et</strong></span> 
     </span>
     <span class='ocr_line' id='line_1_31' title="bbox 273 2385 1966 2458; baseline -0.001 -20"><span class='ocrx_word' id='word_1_220' title='bbox 273 2393 485 2458; x_wconf 83' lang='lat' dir='ltr'><strong>argute,</strong></span> <span class='ocrx_word' id='word_1_221' title='bbox 536 2394 597 2440; x_wconf 91' lang='lat' dir='ltr'><strong>ut</strong></span> <span class='ocrx_word' id='word_1_222' title='bbox 635 2387 809 2454; x_wconf 68' lang='lat' dir='ltr'><strong>soles»,</strong></span> <span class='ocrx_word' id='word_1_223' title='bbox 851 2406 882 2439; x_wconf 94' lang='lat' dir='ltr'><strong>o</strong></span> <span class='ocrx_word' id='word_1_224' title='bbox 921 2385 1171 2452; x_wconf 85' lang='lat' dir='ltr'><strong>Socrate,</strong></span> <span class='ocrx_word' id='word_1_225' title='bbox 1210 2385 1346 2438; x_wconf 88' lang='lat' dir='ltr'><strong>haec</strong></span> <span class='ocrx_word' id='word_1_226' title='bbox 1385 2385 1567 2438; x_wconf 89' lang='lat' dir='ltr'><strong>omnia</strong></span> <span class='ocrx_word' id='word_1_227' title='bbox 1602 2398 1966 2455; x_wconf 82' lang='lat' dir='ltr'><strong>persequutus</strong></span> 
     </span>
     <span class='ocr_line' id='line_1_32' title="bbox 269 2456 1967 2526; baseline 0 -16"><span class='ocrx_word' id='word_1_228' title='bbox 269 2477 358 2525; x_wconf 83' lang='lat' dir='ltr'><strong>eS,</strong></span> <span class='ocrx_word' id='word_1_229' title='bbox 411 2477 512 2512; x_wconf 91' lang='lat' dir='ltr'><strong>nec</strong></span> <span class='ocrx_word' id='word_1_230' title='bbox 550 2465 733 2511; x_wconf 89' lang='lat' dir='ltr'><strong>tamen</strong></span> <span class='ocrx_word' id='word_1_231' title='bbox 771 2458 881 2526; x_wconf 86' lang='lat' dir='ltr'><strong>ita,</strong></span> <span class='ocrx_word' id='word_1_232' title='bbox 919 2466 983 2511; x_wconf 90' lang='lat' dir='ltr'><strong>ut</strong></span> <span class='ocrx_word' id='word_1_233' title='bbox 1020 2458 1195 2511; x_wconf 89' lang='lat' dir='ltr'><strong>omnis</strong></span> <span class='ocrx_word' id='word_1_234' title='bbox 1235 2457 1666 2510; x_wconf 83' lang='lat' dir='ltr'><strong>anim0.exemta</strong></span> <span class='ocrx_word' id='word_1_235' title='bbox 1699 2456 1771 2510; x_wconf 90' lang='lat' dir='ltr'><strong>sit</strong></span> <span class='ocrx_word' id='word_1_236' title='bbox 1811 2456 1967 2510; x_wconf 86' lang='lat' dir='ltr'><strong>dubi-</strong></span> 
     </span>
     <span class='ocr_line' id='line_1_33' title="bbox 266 2527 1966 2601; baseline 0 -19"><span class='ocrx_word' id='word_1_237' title='bbox 266 2529 418 2583; x_wconf 87' lang='lat' dir='ltr'><strong>tatio.</strong></span> <span class='ocrx_word' id='word_1_238' title='bbox 509 2531 722 2584; x_wconf 89' lang='lat' dir='ltr'><strong>Poterit</strong></span> <span class='ocrx_word' id='word_1_239' title='bbox 775 2530 914 2583; x_wconf 90' lang='lat' dir='ltr'><strong>enim</strong></span> <span class='ocrx_word' id='word_1_240' title='bbox 970 2529 1239 2601; x_wconf 87' lang='lat' dir='ltr'><strong>quispiam</strong></span> <span class='ocrx_word' id='word_1_241' title='bbox 1301 2528 1536 2582; x_wconf 89' lang='lat' dir='ltr'><strong>obiicere</strong></span> <span class='ocrx_word' id='word_1_242' title='bbox 1590 2527 1966 2598; x_wconf 81' lang='lat' dir='ltr'><strong>philosophOS,</strong></span> 
     </span>
     <span class='ocr_line' id='line_1_34' title="bbox 268 2600 1966 2672; baseline -0.001 -18"><span class='ocrx_word' id='word_1_243' title='bbox 268 2602 362 2672; x_wconf 90' lang='lat' dir='ltr'><strong>qui</strong></span> <span class='ocrx_word' id='word_1_244' title='bbox 408 2607 580 2655; x_wconf 85' lang='lat' dir='ltr'><strong>totam</strong></span> <span class='ocrx_word' id='word_1_245' title='bbox 651 2609 879 2655; x_wconf 86' lang='lat' dir='ltr'><strong>aetatem</strong></span> <span class='ocrx_word' id='word_1_246' title='bbox 928 2602 985 2654; x_wconf 94' lang='lat' dir='ltr'><strong>in</strong></span> <span class='ocrx_word' id='word_1_247' title='bbox 1049 2601 1350 2671; x_wconf 83' lang='lat' dir='ltr'><strong>sapientiae</strong></span> <span class='ocrx_word' id='word_1_248' title='bbox 1411 2600 1596 2654; x_wconf 87' lang='lat' dir='ltr'><strong>studio</strong></span> <span class='ocrx_word' id='word_1_249' title='bbox 1659 2607 1966 2668; x_wconf 88' lang='lat' dir='ltr'><strong>conterant,</strong></span> 
     </span>
     <span class='ocr_line' id='line_1_35' title="bbox 266 2673 1968 2744; baseline -0.001 -18"><span class='ocrx_word' id='word_1_250' title='bbox 266 2673 588 2744; x_wconf 88' lang='lat' dir='ltr'><strong>plerumque</strong></span> <span class='ocrx_word' id='word_1_251' title='bbox 626 2674 872 2727; x_wconf 88' lang='lat' dir='ltr'><strong>homines</strong></span> <span class='ocrx_word' id='word_1_252' title='bbox 909 2674 1090 2726; x_wconf 86' lang='lat' dir='ltr'><strong>fatuos</strong></span> <span class='ocrx_word' id='word_1_253' title='bbox 1130 2681 1183 2724; x_wconf 91' lang='lat' dir='ltr'><strong>et</strong></span> <span class='ocrx_word' id='word_1_254' title='bbox 1220 2692 1325 2726; x_wconf 89' lang='lat' dir='ltr'><strong>usu</strong></span> <span class='ocrx_word' id='word_1_255' title='bbox 1362 2692 1540 2725; x_wconf 89' lang='lat' dir='ltr'><strong>rerum</strong></span> <span class='ocrx_word' id='word_1_256' title='bbox 1591 2678 1839 2725; x_wconf 84' lang='lat' dir='ltr'><strong>carentes</strong></span> <span class='ocrx_word' id='word_1_257' title='bbox 1878 2691 1968 2724; x_wconf 84' lang='lat' dir='ltr'><strong>ex—</strong></span> 
     </span>
     <span class='ocr_line' id='line_1_36' title="bbox 268 2743 1965 2815; baseline -0.002 -17"><span class='ocrx_word' id='word_1_258' title='bbox 268 2745 486 2810; x_wconf 84' lang='lat' dir='ltr'><strong>sistere3</strong></span> <span class='ocrx_word' id='word_1_259' title='bbox 527 2747 662 2815; x_wconf 91' lang='lat' dir='ltr'><strong>quin</strong></span> <span class='ocrx_word' id='word_1_260' title='bbox 700 2746 862 2799; x_wconf 86' lang='lat' dir='ltr'><strong>etiam</strong></span> <span class='ocrx_word' id='word_1_261' title='bbox 901 2764 1014 2812; x_wconf 80' lang='lat' dir='ltr'><strong>eoS,</strong></span> <span class='ocrx_word' id='word_1_262' title='bbox 1056 2746 1147 2814; x_wconf 89' lang='lat' dir='ltr'><strong>qui</strong></span> <span class='ocrx_word' id='word_1_263' title='bbox 1187 2745 1375 2814; x_wconf 90' lang='lat' dir='ltr'><strong>optimi</strong></span> <span class='ocrx_word' id='word_1_264' title='bbox 1415 2764 1483 2797; x_wconf 81' lang='lat' dir='ltr'><strong>ex</strong></span> <span class='ocrx_word' id='word_1_265' title='bbox 1511 2743 1618 2796; x_wconf 88' lang='lat' dir='ltr'><strong>illis</strong></span> <span class='ocrx_word' id='word_1_266' title='bbox 1644 2743 1965 2811; x_wconf 85' lang='lat' dir='ltr'><strong>habeantur,</strong></span> 
     </span>
     <span class='ocr_line' id='line_1_37' title="bbox 268 2814 1963 2888; baseline -0.001 -20"><span class='ocrx_word' id='word_1_267' title='bbox 268 2816 338 2868; x_wconf 91' lang='lat' dir='ltr'><strong>ad</strong></span> <span class='ocrx_word' id='word_1_268' title='bbox 410 2817 740 2887; x_wconf 90' lang='lat' dir='ltr'><strong>reipublicae</strong></span> <span class='ocrx_word' id='word_1_269' title='bbox 802 2817 1251 2888; x_wconf 84' lang='lat' dir='ltr'><strong>gubernationem</strong></span> <span class='ocrx_word' id='word_1_270' title='bbox 1321 2816 1480 2887; x_wconf 88' lang='lat' dir='ltr'><strong>plane</strong></span> <span class='ocrx_word' id='word_1_271' title='bbox 1547 2833 1667 2868; x_wconf 88' lang='lat' dir='ltr'><strong>esse</strong></span> <span class='ocrx_word' id='word_1_272' title='bbox 1729 2814 1963 2868; x_wconf 80' lang='lat' dir='ltr'><strong>inutiles.</strong></span> 
     </span>
     <span class='ocr_line' id='line_1_38' title="bbox 269 2885 1970 2957; baseline -0.001 -17"><span class='ocrx_word' id='word_1_273' title='bbox 269 2887 436 2955; x_wconf 81' lang='lat' dir='ltr'><strong>Quod</strong></span> <span class='ocrx_word' id='word_1_274' title='bbox 474 2890 519 2942; x_wconf 89' lang='lat' dir='ltr'><strong>si</strong></span> <span class='ocrx_word' id='word_1_275' title='bbox 558 2897 706 2943; x_wconf 89' lang='lat' dir='ltr'><strong>recte</strong></span> <span class='ocrx_word' id='word_1_276' title='bbox 746 2887 972 2955; x_wconf 91' lang='lat' dir='ltr'><strong>dicitur,</strong></span> <span class='ocrx_word' id='word_1_277' title='bbox 1015 2889 1108 2957; x_wconf 92' lang='lat' dir='ltr'><strong>qui</strong></span> <span class='ocrx_word' id='word_1_278' title='bbox 1147 2886 1367 2941; x_wconf 87' lang='lat' dir='ltr'><strong>tandem</strong></span> <span class='ocrx_word' id='word_1_279' title='bbox 1415 2885 1743 2940; x_wconf 89' lang='lat' dir='ltr'><strong>contendere</strong></span> <span class='ocrx_word' id='word_1_280' title='bbox 1781 2885 1970 2939; x_wconf 88' lang='lat' dir='ltr'><strong>licebit</strong></span> 
     </span>
     <span class='ocr_line' id='line_1_39' title="bbox 269 2957 1965 3030; baseline -0.001 -18"><span class='ocrx_word' id='word_1_281' title='bbox 269 2960 523 3015; x_wconf 85' lang='lat' dir='ltr'><strong>civitates</strong></span> <span class='ocrx_word' id='word_1_282' title='bbox 571 2962 648 3014; x_wconf 87' lang='lat' dir='ltr'><strong>ita</strong></span> <span class='ocrx_word' id='word_1_283' title='bbox 703 2960 917 3013; x_wconf 90' lang='lat' dir='ltr'><strong>demum</strong></span> <span class='ocrx_word' id='word_1_284' title='bbox 957 2961 1146 3014; x_wconf 89' lang='lat' dir='ltr'><strong>beatas</strong></span> <span class='ocrx_word' id='word_1_285' title='bbox 1186 2960 1300 3012; x_wconf 89' lang='lat' dir='ltr'><strong>fore</strong></span> <span class='ocrx_word' id='word_1_286' title='bbox 1337 2960 1384 3011; x_wconf 90' lang='lat' dir='ltr'><strong>si</strong></span> <span class='ocrx_word' id='word_1_287' title='bbox 1424 2964 1682 3030; x_wconf 82' lang='lat' dir='ltr'><strong>regantur</strong></span> <span class='ocrx_word' id='word_1_288' title='bbox 1719 2977 1750 3008; x_wconf 91' lang='lat' dir='ltr'><strong>a</strong></span> <span class='ocrx_word' id='word_1_289' title='bbox 1789 2957 1965 3028; x_wconf 90' lang='lat' dir='ltr'><strong>philo-</strong></span> 
     </span>
     <span class='ocr_line' id='line_1_40' title="bbox 269 3027 1964 3102; baseline -0.001 -18"><span class='ocrx_word' id='word_1_290' title='bbox 269 3031 493 3102; x_wconf 84' lang='lat' dir='ltr'><strong>sophis?</strong></span> <span class='ocrx_word' id='word_1_291' title='bbox 567 3032 660 3085; x_wconf 90' lang='lat' dir='ltr'><strong>Ad</strong></span> <span class='ocrx_word' id='word_1_292' title='bbox 707 3032 843 3085; x_wconf 87' lang='lat' dir='ltr'><strong>haec</strong></span> <span class='ocrx_word' id='word_1_293' title='bbox 893 3030 1175 3087; x_wconf 87' lang='lat' dir='ltr'><strong>Socrates:</strong></span> <span class='ocrx_word' id='word_1_294' title='bbox 1238 3031 1536 3084; x_wconf 87' lang='lat' dir='ltr'><strong>Verissime</strong></span> <span class='ocrx_word' id='word_1_295' title='bbox 1600 3027 1821 3098; x_wconf 88' lang='lat' dir='ltr'><strong>quidem</strong></span> <span class='ocrx_word' id='word_1_296' title='bbox 1884 3030 1964 3083; x_wconf 92' lang='lat' dir='ltr'><strong>illi</strong></span> 
     </span>
     <span class='ocr_line' id='line_1_41' title="bbox 266 3101 1964 3175; baseline 0.001 -20"><span class='ocrx_word' id='word_1_297' title='bbox 266 3112 514 3156; x_wconf 86' lang='lat' dir='ltr'><strong>monent:</strong></span> <span class='ocrx_word' id='word_1_298' title='bbox 573 3123 884 3175; x_wconf 87' lang='lat' dir='ltr'><strong>quanquam</strong></span> <span class='ocrx_word' id='word_1_299' title='bbox 935 3123 1045 3156; x_wconf 85' lang='lat' dir='ltr'><strong>non</strong></span> <span class='ocrx_word' id='word_1_300' title='bbox 1092 3110 1283 3156; x_wconf 89' lang='lat' dir='ltr'><strong>tenent</strong></span> <span class='ocrx_word' id='word_1_301' title='bbox 1339 3102 1499 3154; x_wconf 86' lang='lat' dir='ltr'><strong>huius</strong></span> <span class='ocrx_word' id='word_1_302' title='bbox 1548 3101 1964 3171; x_wconf 86' lang='lat' dir='ltr'><strong>vituperationis</strong></span> 
     </span>
     <span class='ocr_line' id='line_1_42' title="bbox 268 3172 1963 3243; baseline -0.001 -17"><span class='ocrx_word' id='word_1_303' title='bbox 268 3193 460 3228; x_wconf 84' lang='lat' dir='ltr'><strong>causas</strong></span> <span class='ocrx_word' id='word_1_304' title='bbox 512 3183 568 3228; x_wconf 89' lang='lat' dir='ltr'><strong>et</strong></span> <span class='ocrx_word' id='word_1_305' title='bbox 621 3176 875 3231; x_wconf 67' lang='lat' dir='ltr'><strong>rationes</strong></span> <span class='ocrx_word' id='word_1_306' title='bbox 951 3172 1426 3243; x_wconf 77' lang='lat' dir='ltr'><strong>Quemadmodum</strong></span> <span class='ocrx_word' id='word_1_307' title='bbox 1464 3172 1604 3225; x_wconf 89' lang='lat' dir='ltr'><strong>enim</strong></span> <span class='ocrx_word' id='word_1_308' title='bbox 1643 3179 1837 3226; x_wconf 86' lang='lat' dir='ltr'><strong>nautae</strong></span> <span class='ocrx_word' id='word_1_309' title='bbox 1875 3193 1963 3225; x_wconf 90' lang='lat' dir='ltr'><strong>ru-</strong></span> 
     </span>
     <span class='ocr_line' id='line_1_43' title="bbox 268 3243 1960 3320; baseline 0 -23"><span class='ocrx_word' id='word_1_310' title='bbox 268 3243 364 3298; x_wconf 88' lang='lat' dir='ltr'><strong>des</strong></span> <span class='ocrx_word' id='word_1_311' title='bbox 427 3254 482 3299; x_wconf 87' lang='lat' dir='ltr'><strong>et</strong></span> <span class='ocrx_word' id='word_1_312' title='bbox 541 3247 776 3320; x_wconf 87' lang='lat' dir='ltr'><strong>imperiti</strong></span> <span class='ocrx_word' id='word_1_313' title='bbox 836 3267 959 3300; x_wconf 90' lang='lat' dir='ltr'><strong>eum</strong></span> <span class='ocrx_word' id='word_1_314' title='bbox 1019 3246 1434 3318; x_wconf 84' lang='lat' dir='ltr'><strong>gubernatorem</strong></span> <span class='ocrx_word' id='word_1_315' title='bbox 1481 3243 1796 3312; x_wconf 84' lang='lat' dir='ltr'><strong>laudarent,</strong></span> <span class='ocrx_word' id='word_1_316' title='bbox 1848 3245 1960 3313; x_wconf 80' lang='lat' dir='ltr'><strong>qui,</strong></span> 
     </span>
     <span class='ocr_line' id='line_1_44' title="bbox 269 3314 1962 3387; baseline -0.002 -17"><span class='ocrx_word' id='word_1_317' title='bbox 269 3332 433 3386; x_wconf 86' lang='lat' dir='ltr'><strong>quum</strong></span> <span class='ocrx_word' id='word_1_318' title='bbox 483 3327 628 3372; x_wconf 86' lang='lat' dir='ltr'><strong>esset</strong></span> <span class='ocrx_word' id='word_1_319' title='bbox 675 3319 822 3372; x_wconf 85' lang='lat' dir='ltr'><strong>iners</strong></span> <span class='ocrx_word' id='word_1_320' title='bbox 872 3339 934 3371; x_wconf 90' lang='lat' dir='ltr'><strong>ac</strong></span> <span class='ocrx_word' id='word_1_321' title='bbox 975 3317 1234 3384; x_wconf 79' lang='lat' dir='ltr'><strong>stoliduS,</strong></span> <span class='ocrx_word' id='word_1_322' title='bbox 1291 3316 1531 3386; x_wconf 83' lang='lat' dir='ltr'><strong>ipsorum</strong></span> <span class='ocrx_word' id='word_1_323' title='bbox 1569 3314 1962 3387; x_wconf 83' lang='lat' dir='ltr'><strong>cupiditatibus</strong></span> 
     </span>
     <span class='ocr_line' id='line_1_45' title="bbox 266 3387 1960 3459; baseline -0.001 -19"><span class='ocrx_word' id='word_1_324' title='bbox 266 3408 363 3458; x_wconf 80' lang='lat' dir='ltr'><strong>per</strong></span> <span class='ocrx_word' id='word_1_325' title='bbox 403 3390 584 3442; x_wconf 79' lang='lat' dir='ltr'><strong>omnia</strong></span> <span class='ocrx_word' id='word_1_326' title='bbox 623 3389 958 3459; x_wconf 53' lang='lat' dir='ltr'><strong>indulgerem</strong></span> <span class='ocrx_word' id='word_1_327' title='bbox 998 3389 1296 3459; x_wconf 82' lang='lat' dir='ltr'><strong>sapientem</strong></span> <span class='ocrx_word' id='word_1_328' title='bbox 1335 3396 1541 3455; x_wconf 81' lang='lat' dir='ltr'><strong>autem,</strong></span> <span class='ocrx_word' id='word_1_329' title='bbox 1594 3387 1685 3455; x_wconf 80' lang='lat' dir='ltr'><strong>qni</strong></span> <span class='ocrx_word' id='word_1_330' title='bbox 1725 3407 1960 3440; x_wconf 81' lang='lat' dir='ltr'><strong>commu-</strong></span> 
     </span>
    </p>
   </div>
  </div>
 </body>
</html>
