2098 3658
224 129 292 184 32
867 124 1344 183 PLATONIS

228 273 336 334 θιά
384 294 558 346 φασιν
601 270 757 328 εἶναι.
815 270 1052 339 Ἀληθῆ,
1097 275 1219 348 ἔφη,
1267 276 1458 343 λέγεις·
1509 270 1576 325 οὐ
1625 270 1734 343 γὰρ
1778 271 1922 328 ἀπο-

223 365 494 431 δέχονται.
517 360 608 413 καὶ
635 360 851 422 λέγουσι
879 361 977 426 μέν
1008 377 1075 420 τι,
1102 357 1167 412 οὐ
1205 363 1394 428 μέντοι
1431 377 1490 426 γε
1516 353 1651 410 ὅσον
1681 361 1920 417 οἴονται,

225 442 369 498 ἀλλὰ
417 442 479 497 τὸ
526 443 626 495 τοῦ
679 441 1108 511 Θεμιστοκλέους
1151 433 1210 496 εὗ
1257 445 1396 512 ἔχει,
1441 438 1502 503 ὃς
1546 442 1621 508 τῷ
1669 442 1922 515 Σεριφίῳ

88 544 192 595 330
229 530 635 597 λοιδορουμένῳ
694 527 784 578 καὶ
836 526 1075 591 λέγοντι,
1128 523 1217 581 ὅτι
1284 525 1350 580 οὐ
1413 523 1471 578 δι’
1525 522 1729 587 αὐτόν,
1773 523 1918 580 ἀλλὰ

228 608 320 667 διὰ
380 607 482 676 τὴν
538 608 703 667 πόλιν
759 607 1065 678 εὐδοκιμοῖ,
1123 608 1498 680 ἀπεκρίνατο,
1542 606 1630 663 ὅτι
1688 606 1797 664 οὔτ’
1849 606 1924 663 ἂν

225 693 399 760 αὐτὸς
443 695 718 767 Σερίφιος
770 689 847 747 ὢν
902 691 1221 763 ὀνομαστὸς
1278 700 1487 763 ἐγένετο
1546 691 1655 748 οὔτ’
1724 700 1926 756 ἐκεῖνος

220 779 550 846 Ἀθηναῖος.
594 779 687 831 καὶ
732 788 848 842 τοῖς
893 774 959 843 δὴ
1002 775 1078 848 μὴ
1126 781 1426 843 πλουσίοις,
1460 779 1713 847 χαλεπῶς
1757 781 1813 832 δὲ
1859 775 1922 832 τὸ

225 866 401 934 γῆρας
447 870 714 936 φέρουσιν
760 853 822 916 εὖ
864 866 970 932 ἔχει
1012 860 1041 918 ὁ
1088 861 1262 926 αὐτὸς
1306 861 1497 929 λόγος,
1541 859 1630 916 ὅτι
1692 861 1799 916 οὔτ’
1851 859 1926 915 ἂν

225 947 254 1003 ὁ
302 944 538 1013 ἐπιεικὴς
582 943 732 1000 πάνυ
778 966 833 1001 τι..
866 945 1070 1022 ῥᾳδίως
1107 950 1283 1016 γῆρας
1316 942 1453 1014 μετὰ
1489 950 1678 1011 πενίας
1703 953 1930 1013 ἐνέγκοι.

225 1027 355 1088 οὔθ’
409 1029 438 1085 ὁ
481 1028 558 1101 μὴ
608 1027 846 1096 ἐπιεικὴς
893 1029 1214 1096 πλουτήσας
1259 1027 1483 1091 εὔκολός
1530 1029 1646 1084 ποτ’
1698 1028 1771 1084 ἂν
1801 1037 1924 1085 ἑαυ-

225 1118 302 1187 τῷ
348 1120 584 1185 γένοιτο.
670 1113 933 1185 Πότερον
977 1118 1049 1178 δὲ,
1087 1107 1159 1180 ἦν
1204 1114 1250 1169 δ’
1303 1111 1426 1178 ἐγώ,
1469 1105 1509 1166 ὦ
1563 1116 1799 1190 Κέφαλε,
1848 1108 1925 1167 ὧν

141 1214 187 1268 C
226 1207 480 1268 κέκτησαι
527 1196 595 1254 τὰ
643 1203 805 1253 πλείω
853 1201 1178 1270 παρέλαβες,
1213 1196 1245 1266 ἢ
1279 1197 1596 1275 ’ἐπεκτήσῳ;
1646 1198 1777 1253 [Ιοΐ
1806 1205 1924 1252 ἐπε-

346 1360 410 1405 οὐ
441 1362 623 1414 μέντοι
653 1378 708 1416 γε
741 1360 902 1418 ὅσον]
948 1363 1040 1405 Vat.
1075 1377 1110 1404 r.
1145 1377 1230 1404 om.
1255 1377 1303 1416 γε
1335 1365 1453 1416 quod
1487 1377 1542 1404 ne
1578 1364 1676 1417 quis
1711 1364 1822 1403 male
1854 1377 1923 1402 su-

231 1428 412 1473 spectet‚
434 1436 473 1462 v.
494 1422 685 1464 Lobeck.
704 1423 760 1462 ad
780 1423 940 1474 Phr-yn.
963 1436 1004 1474 p.
1020 1421 1298 1472 342.Reisig.
1320 1421 1518 1463 Coniect.
1537 1424 1580 1462 in
1607 1423 1748 1461 Arist.
1771 1435 1812 1472 p.
1827 1414 1924 1463 295.

224 1480 416 1533 Kriiger.
433 1480 614 1535 adXen.
633 1481 755 1520 Anah
769 1479 858 1528 1.9‚
870 1479 939 1522 14.
967 1480 1085 1520 Dein
1104 1480 1276 1531 aliquot
1293 1480 1421 1520 codd.
1437 1476 1546 1519 ὅσον
1574 1475 1670 1519 οἷόν
1695 1479 1927 1521 te.Ficin.:

226 1543 494 1590 quantam
535 1538 646 1579 dici
675 1543 884 1590 posset.
947 1535 1037 1577 Sed
1065 1538 1195 1577 unice
1225 1550 1331 1576 vera
1357 1538 1531 1578 videtur
1561 1538 1692 1579 lectio
1725 1537 1919 1590 vulgata.

342 1596 391 1639 P.
412 1593 512 1638 330-
555 1596 611 1638 A.
658 1593 799 1635 πάνυ
832 1610 872 1635 τι
907 1591 1139 1649 ῥᾳδίως]
1174 1608 1239 1634 τοι
1269 1608 1366 1635 cum
1393 1594 1545 1648 Steph.
1579 1594 1707 1638 codd.
1727 1592 1927 1649 pleriqde

230 1667 382 1694 omnes
411 1658 588 1706 praeter
627 1653 725 1695 Par.
758 1654 816 1694 A.
853 1653 947 1696 Vat.
986 1650 1034 1694 Θ.
1069 1659 1107 1697 1.
1146 1653 1279 1693 Vind.
1305 1651 1356 1693 Φ.
1388 1652 1508 1696 Flor.
1541 1666 1582 1694 a.
1614 1653 1655 1696 b.
1686 1667 1726 1706 γ.
1757 1653 1827 1694 De
1858 1666 1924 1694 er·
1995 1673 1997 1676 ⁴

226 1712 345 1756 roris
373 1724 530 1753 caussa
560 1725 601 1751 v.
633 1709 857 1752 Schaefer.
887 1712 944 1752 ad
974 1709 1108 1764 Greg.
1143 1709 1244 1753 Cor.
1278 1725 1320 1763 p.
1350 1711 1442 1756 937
1478 1724 1574 1764 sqq.

350 1764 467 1810 Hoc'
516 1765 856 1823 ἑπεκτησάμη
871 1769 917 1822 v]
968 1769 1023 1810 V.
1085 1772 1179 1817 ποῖ,
1233 1769 1354 1822 quod
1398 1768 1537 1811 Bekk.
1590 1781 1644 1809 ex
1701 1768 1927 1808 nonnullis

229 1828 361 1869 codd.
409 1828 618 1868 correxit.
667 1827 828 1868 Heind.
877 1828 935 1868 ad
982 1827 1178 1879 Euthyd.
1220 1839 1264 1880 p.
1301 1825 1403 1870 363.
1446 1827 1562 1869 coni.
1605 1827 1691 1879 πῇ,
1741 1826 1863 1879 quod
1902 1837 1930 1865 a

289 1939 349 1984 ὃς
396 1942 463 1997 τῷ
510 1940 755 1996 Σεριφίῳ
807 1939 872 1994 λ.]
924 1941 1036 1984 Cato

231 2016 300 2055 ap.
332 2000 591 2043 Ciceronem
620 2001 650 2040 l.
681 2013 718 2040 c.
749 2000 851 2040 Est
880 2000 1037 2049 istud

233 2060 475 2112 quidem,
535 2058 726 2110 Laeli,
784 2058 1036 2111 aliquid,

1118 1942 1183 1981 bo
1215 1941 1275 1982 X.
1308 1954 1349 1993 p.
1371 1940 1471 1985 746.
1503 1941 1554 1982 B.
1588 1941 1656 1981 ed.
1691 1941 1852 1981 Almel.
1885 1946 1928 1980 et

1120 2013 1232 2052 quae
1265 2000 1414 2040 attulit
1432 2000 1707 2048 Harduin.
1731 1999 1790 2039 ad
1815 1998 1929 2040 Plin.

1119 2058 1177 2097 H.
1208 2056 1262 2099 N.
1296 2058 1378 2105 IV,
1411 2057 1480 2101 23.
1516 2081 1566 2086 —
1611 2057 1838 2098 Articulus
1871 2056 1930 2110 τῷ

234 2119 332 2160 sed
386 2127 743 2170 nequaquam
805 2117 859 2158 in
923 2117 1036 2156 isto

234 2180 365 2216 sunt
403 2175 614 2222 omnia3
644 2179 699 2215 ut
729 2173 1039 2216 Themisto-

235 2235 348 2277 cles
389 2232 570 2273 fertur
610 2229 887 2283 Seriphio
928 2234 1039 2273 cui-

233 2294 346 2333 dam
377 2291 436 2333 in
473 2290 660 2340 iurgio
702 2291 1032 2345 respondis-

233 2348 605 2402 se‚quumille
631 2348 1034 2395 dixisset‚non

234 2421 347 2453 eum
380 2419 499 2462 sua,
529 2405 625 2446 sed
656 2407 887 2457 patriae
923 2407 1032 2459 glo-

233 2467 319 2509 ria
364 2464 712 2518 splendorem
773 2476 898 2504 essev
956 2477 1032 2505 as-

235 2519 685 2575 sequutumzNec
715 2522 933 2571 hercle,
958 2523 1034 2562 in-

237 2582 381 2634 quit,
449 2593 577 2632 ego,
629 2580 677 2620 si
731 2580 1033 2632 Seriphius

236 2652 434 2688 essem,
463 2638 700 2684 nobilis„
731 2650 830 2679 nec
869 2643 948 2690 tu,
990 2638 1033 2678 si

235 2697 604 2739 Atheniensis
635 2708 811 2749 esses,
844 2697 1035 2739 clarus

238 2767 475 2807 unquam
516 2755 739 2796 fuisses.
787 2761 868 2794 etc.
926 2754 1036 2795 Rem

237 2814 312 2854 alii
341 2825 522 2865 quoque
550 2817 754 2859 narrant,
784 2813 837 2853 de
877 2814 1035 2865 quibus

239 2885 277 2910 v.
302 2870 478 2909 Valck
495 2883 571 2910 en.
590 2871 647 2910 ad
670 2870 883 2911 Herodot.
909 2871 1035 2914 VIII.

237 2943 272 2971 c.
321 2927 420 2970 125.
456 2940 498 2979 p.
538 2927 638 2970 198.
678 2928 734 2971 Τ.
777 2928 842 2968 Vi.
885 2929 935 2968 P.
985 2929 1036 2969 U.

238 2986 307 3026 ed.
321 2985 570 3037 Schweigh.
585 2985 621 3024 L
639 2998 699 3024 en
711 2998 738 3027 n
753 2999 825 3038 ep.
848 2988 905 3026 ad
917 2987 1035 3028 Pha-

235 3045 316 3086 lar.
353 3055 396 3094 p.
429 3042 500 3087 38.
531 3043 598 3082 cd.
630 3042 750 3094 Lip‘S.
789 3045 1036 3097 Wytten-

237 3101 392 3142 bach.
435 3101 493 3141 ad
542 3101 653 3139 l’lut.
684 3101 862 3153 Apoph.
893 3103 1035 3156 Regg.

240 3166 284 3200 et
311 3158 425 3198 Due.
457 3172 498 3210 p.
538 3157 662 3200 1086.
700 3160 767 3199 ed.
801 3159 945 3200 Oxon.
983 3183 1034 3188 -—

240 3216 538 3269 Seriphius,
572 3228 659 3254 una
695 3228 749 3255 ex
768 3219 924 3258 insulis
949 3218 1033 3270 Cy-

239 3275 453 3325 cladibus,
484 3274 595 3313 adeo
627 3286 779 3324 parva,
801 3288 963 3316 saxosa
993 3283 1034 3316 et

237 3333 464 3384 ignobilis,
485 3337 532 3370 ut
552 3331 637 3371 hoc
654 3334 828 3372 nomine.
856 3334 900 3372 in
932 3347 1033 3385 pro-

239 3391 388 3432 verbio
432 3390 647 3430 celebrata
693 3389 770 3435 sit‚·
807 3404 843 3431 v.
881 3391 1032 3432 Stra-

1119 2121 1222 2155 ante
1263 2114 1459 2171 Σεριφίῳ
1506 2116 1677 2158 indicat
1706 2115 1928 2156 hominem

1119 2174 1243 2213 illum
1293 2174 1377 2214 hoc
1421 2175 1518 2227 ipso
1575 2186 1776 2220 sermone
1830 2186 1927 2213 cum

1120 2231 1420 2273 Themistocle
1464 2232 1619 2272 habito
1646 2232 1927 2272 nobilitatum

1120 2302 1172 2330 ac
1203 2290 1474 2330 celebratum
1500 2290 1651 2331 fuisse.

1179 2346 1229 2387 P.
1260 2346 1347 2390 330
1409 2345 1462 2388 τὸ
1510 2348 1686 2401 γῆρας
1724 2345 1925 2399 φέρου·

1123 2417 1205 2445 σιν
1237 2400 1296 2445 εὖ
1328 2404 1540 2463 ἕχει-1
1569 2407 1611 2451 h,
1641 2419 1680 2446 e.
1708 2406 1804 2450 iis,
1837 2407 1927 2459 qui

1121 2470 1468 2505 senectutem
1543 2465 1777 2504 molestze
1854 2463 1925 2503 fe—

1120 2527 1270 2570 runt,
1308 2523 1455 2563 idem
1502 2530 1651 2564 recte
1697 2534 1926 2574 respon—

1121 2581 1236 2620 deri
1266 2586 1470 2633 potest.
1531 2580 1646 2621 Nam
1676 2572 1728 2620 εὖ
1779 2579 1859 2631 ἔχει
1901 2575 1944 2619 ὁ.

1121 2632 1255 2677 αὐτὸς
1293 2635 1424 2691 λόγος
1462 2639 1492 2680 i.
1538 2651 1581 2690 q.
1628 2632 1758 2679 ταύτὸ
1790 2638 1927 2678 καλῶς

1123 2691 1270 2748 λέγοιτ’
1302 2692 1369 2736 ἄν.
1432 2695 1630 2736 Eandem
1663 2697 1923 2740 sententiam

1120 2755 1253 2794 habet
1284 2753 1784 2796 StobaeusSermon.
1817 2755 1847 2796 l.
1880 2769 1925 2808 p.

1123 2811 1194 2855 19.
1246 2835 1296 2842 -
1347 2810 1406 2854 τὰ
1464 2812 1541 2852 πλ.
1593 2811 1925 2866 παρέλαβες,

1121 2871 1447 2911 hereditate
1478 2871 1766 2923 accepisti.

1177 2927 1230 2967 B.
1264 2924 1385 2969 Ποῖ’
1415 2924 1818 2982 ἐπεκτησάμην]
1851 2929 1921 2968 In-

1108 2988 1362 3038 ·terrogatio
1400 2988 1508 3030 haec
1555 2987 1807 3028 adiu-natam
1845 2986 1922 3027 ha-

1121 3046 1194 3085 bet
1222 3045 1366 3085 lenem
1395 3044 1614 3098 quandam
1634 3044 1703 3084 vel
1733 3045 1921 3085 admira-

1118 3102 1254 3157 tionis
1287 3103 1354 3143 vel
1385 3103 1606 3142 irrisionis
1636 3102 1921 3154 significatio-

1121 3174 1230 3200 nem.
1278 3160 1438 3204 Latine
1468 3155 1612 3202 dicas:
1643 3174 1794 3202 mene
1825 3161 1922 3201 ali-

1120 3217 1250 3271 quid
1286 3219 1716 3270 acquisivisse?
1742 3231 1923 3271 egone

1120 3280 1176 3316 ut
1207 3276 1642 3329 acquisiverim?
1675 3277 1804 3316 Hunc
1829 3289 1923 3315 voc.

1122 3338 1247 3373 ποῖος
1270 3348 1392 3374 usum
1417 3335 1563 3374 multis
1585 3335 1795 3386 exemplis
1825 3334 1922 3372 illu-

1121 3399 1314 3433 strar-unt
1347 3393 1388 3432 H
1409 3407 1430 3435 e
1451 3407 1474 3432 n
1498 3408 1515 3434 s
1540 3393 1565 3431 d
1590 3395 1601 3431 i
1626 3407 1651 3432 ιι
1671 3406 1689 3431 s
1736 3391 1919 3444 Specim.
