2106 3594
319 160 574 214 LXXIV

313 304 385 356 sit
421 302 695 356 hominum
734 301 1041 372 ignorantia
1079 311 1134 354 et
1170 310 1393 371 quanto
1413 321 1476 354 ea
1514 303 1802 356 intervallo
1843 304 2010 358 distet

313 394 344 426 a
382 373 687 427 divinarum
732 391 912 425 rerum
951 372 1294 446 cognitione,
1334 374 1604 444 simulque
1643 376 1807 427 etiam
1845 375 2007 429 doce-

312 454 401 498 tur
437 445 601 498 boni
653 444 1024 516 cognitionem
1061 443 1132 498 ad
1167 444 1555 527 rempublicam
1592 447 1940 518 sapie-utere
1909 466 2006 499 ffu-

311 515 645 569 bernandam
700 517 931 569 maxime
985 535 1104 570 esse
1163 517 1553 598 necessariam,
1619 490 1940 588 siquid-³³em
1961 518 2009 570 is

310 586 558 639 demum
574 587 752 658 possit
815 605 899 640 res
958 589 1207 658 privatas
1264 589 1468 659 pariter
1514 595 1693 674 atque
1738 590 2013 675 publicas

309 658 609 729 prudenter
668 658 972 740 gubernare
1022 657 1357 731 (ἐμφρόνως
1415 657 1676 728 πράττειν
1723 657 1760 726 ἢ
1811 663 1928 729 ἰδίᾳ
1978 656 2013 726 ὴ

310 730 611 799 ὸημοσίᾳ),
665 730 758 799 (1111
794 737 1033 801 mentem
1064 741 1220 785 'suam
1251 750 1290 783 a
1326 750 1505 783 rerum
1544 733 1878 786 terrestrium
1914 753 2010 785 va-

309 802 503 855 rietate
543 810 597 855 et
633 795 1003 857 inconstantia
1039 802 1110 855 ad
1151 803 1299 868 eiuS,
1355 801 1504 872 quod
1542 820 1641 873 per
1689 822 1748 857 se
1798 811 2015 857 constet

310 881 366 926 et
402 880 685 927 aeternum
714 873 785 927 sit
807 881 979 943 atque
996 874 1351 943 immutabile,
1392 874 1780 945 cogitationem
1804 882 1865 927 et
1883 894 2012 928 con-

308 945 715 1016 templationem
755 945 1005 998 attollere
1030 945 1379 999 consueverit
1415 946 1495 1016 (p.
1523 948 1630 1000 514
1658 977 1730 989 -·-
1756 948 1876 998 517.
1908 946 2012 1009 B..)

311 1015 643 1086 Quanquam
691 1017 786 1084 iis,
840 1017 935 1086 qui
982 1036 1161 1070 rerum
1219 1017 1577 1070 humanarum
1628 1036 1814 1070 curam
1865 1017 2011 1070 felici

307 1095 506 1142 eventu
545 1087 756 1160 gesturi
793 1088 931 1158 sint,
982 1089 1144 1141 etiam
1183 1089 1259 1142 ita
1295 1087 1606 1141 faciendum
1642 1107 1766 1142 esse
1805 1090 2014 1161 praeci-

308 1160 485 1242 pitur,
539 1166 602 1213 ut
635 1166 871 1212 mentem
909 1160 1257 1230 animumque
1297 1179 1455 1213 suum
1490 1159 1784 1230 aliquando
1822 1180 1854 1212 a
1891 1160 2012 1212 dul-

307 1232 526 1286 cissima
576 1230 671 1284 illa
719 1239 884 1300 atque
932 1231 1246 1286 beatissima
1293 1232 1468 1314 ipsius
1507 1231 1638 1284 boni
1678 1231 2014 1302 contempla-

307 1303 458 1356 tione
491 1302 797 1356 demittant
845 1302 916 1355 ad
968 1317 1152 1356 earum
1216 1303 1415 1357 artium
1475 1321 1539 1356 ac
1602 1302 2016 1386 disciplinarum

309 1374 580 1442 studium,
635 1387 776 1444 quac
824 1374 896 1427 ad
951 1375 1108 1428 vitae
1135 1373 1438 1428 communis
1476 1375 1846 1446 cognitionem
1882 1374 2013 1428 civi-

306 1446 483 1516 lisque
540 1447 758 1499 virtutis
808 1445 1026 1499 laudem
1091 1445 1516 1516 comparandam
1577 1447 1799 1500 valeant
1848 1454 1905 1499 at
1946 1465 2013 1501 ue

306 1525 543 1570 mentem
589 1516 660 1569 ad
715 1518 910 1570 summi
965 1518 1094 1571 boni
1148 1518 1399 1570 notitiam
1447 1518 1908 1588 percipiendam
1894 1537 1913 1569 1
1956 1537 2013 1570 o-

307 1608 463 1642 neam
519 1588 724 1641 faciant
774 1590 864 1660 (p.
920 1591 1039 1641 517
1090 1589 1156 1641 Β.
1217 1619 1286 1628 —-
1333 1591 1451 1644 5⁶21.
1502 1589 1623 1657 Β..)
1710 1589 1777 1642 In
1825 1588 2016 1641 harum

307 1667 491 1714 autem
541 1678 823 1713 numerum
884 1661 1194 1713 referuntur
1254 1659 1629 1729 arithmetica,
1694 1661 2013 1732 geometria,

308 1732 676 1800 astronomia,
725 1732 961 1801 musica,
1013 1751 1157 1801 quae
1207 1748 1372 1785 sensu
1414 1731 1738 1814 angustiore
1794 1731 2013 1800 dicitnr,

308 1803 546 1873 denique
597 1802 916 1872 dialectica,
956 1821 1108 1874 quae
1157 1803 1485 1875 gravissima
1551 1803 1791 1856 omnium
1849 1802 2013 1856 disci-

306 1875 456 1958 plina
505 1893 626 1928 esse
674 1874 980 1944 iudicatur,
1046 1874 1253 1945 quippe
1308 1893 1450 1944 quae
1499 1874 1611 1926 vim
1667 1883 1722 1927 et
1765 1882 2014 1927 naturam

307 1948 575 2016 cuiusque
627 1947 709 1999 rei
772 1946 1057 2016 exquirere
1104 1947 1452 2016 animumque
1501 1945 1572 1998 ad
1621 1943 1690 2000 τὰ
1738 1943 1876 2000 ὄντα
1921 1965 2013 1998 co-

260 2058 262 2061 ·
308 2016 626 2091 gnoscenda
670 2016 954 2071 advertere
1002 2016 1174 2072 soleat
1226 2018 1304 2088 (p.
1356 2020 1477 2071 521.
1529 2016 1594 2072 C.
1632 2049 1702 2058 —-
1742 2020 1862 2072 536.
1901 2016 2013 2088 C..)

307 2064 614 2144 Adduntur
679 2089 765 2142 his
824 2088 1061 2159 denique
1136 2088 1538 2144 admonitiones
1609 2088 1878 2159 quaedam
1945 2089 2013 2142 de

308 2162 401 2215 via
450 2171 504 2215 et
549 2161 760 2214 ratione
810 2160 1002 2214 harum
1051 2159 1420 2214 doctrinarum
1467 2160 1870 2216 noscendarnm
1919 2160 2013 2214 de-

312 2254 417 2304 que
455 2240 664 2301 aetate,
718 2251 829 2302 qua
879 2232 949 2284 ad
985 2233 1323 2304 singularum
1362 2232 1548 2286 studia
1586 2231 2014 2286 incumbendum

310 2306 400 2374 sit,
439 2313 803 2373 moneturque
821 2305 1108 2387 'imprimis
1157 2304 1497 2357 dialecticam
1560 2305 1856 2357 maturiore
1920 2304 2012 2357 de-

309 2393 455 2430 mum
493 2384 670 2430 aetate
707 2377 774 2428 ab
818 2376 886 2428 iis
926 2375 1241 2430 discendam
1281 2395 1438 2444 esse,
1481 2377 1576 2445 qui
1611 2375 1801 2428 iudicii
1839 2376 2013 2429 subti-

308 2449 461 2503 litate
509 2455 566 2502 et
608 2447 817 2520 ingenii
855 2448 1100 2501 acumine
1136 2454 1352 2518 praeter
1390 2455 1604 2502 ceteros
1640 2447 2012 2501 excelluerint.

310 2521 600 2574 Postremo
650 2527 830 2572 autem
879 2519 1264 2586 constituitur,
1306 2527 1394 2587 ut,
1451 2519 1555 2602 qui·
1581 2520 1689 2573 isto
1727 2519 1890 2572 modo
1929 2519 2013 2570 in-

311 2592 491 2646 stituti
541 2592 679 2660 sint,
741 2591 868 2644 inde
924 2592 992 2644 ab
1046 2610 1187 2644 anno
1244 2591 1439 2644 aet-atis
1486 2591 1765 2644 tiicesimo
1821 2596 2013 2659 quinto

310 2682 483 2734 usque
537 2663 607 2716 ad
659 2680 858 2715 annum
905 2662 1416 2734 quinquagesimum
1467 2663 1717 2745 publicis
1756 2661 2012 2714 admove-

313 2744 478 2789 antur
524 2735 840 2789 muneribus
893 2745 1056 2805 atque
1115 2735 1414 2805 fungantur
1461 2733 1698 2787 civitatis
1758 2733 2010 2804 negotiis.

313 2808 382 2859 In
419 2807 634 2890 quibus
671 2806 927 2878 gerendis
979 2807 1072 2876 qui
1119 2807 1235 2876 spei
1299 2806 1369 2858 de
1421 2824 1480 2858 se
1519 2812 1818 2874 conceptae
1856 2805 2011 2857 satis-

313 2878 559 2946 fecerint,
600 2879 637 2930 ii
676 2879 912 2947 denique.
950 2877 1263 2931 iudicantur
1301 2875 1371 2929 ad
1405 2895 1673 2929 summum
1711 2877 2010 2930 institutio-

314 2949 398 3002 nis
447 2950 726 3020 fastigium
779 2949 1049 3004 educendi
1100 2967 1249 3002 esse
1285 2956 1339 3000 et
1397 2945 1468 2999 ad
1526 2948 1705 3001 Boni
1769 2956 2011 3001 contem-

315 3020 610 3107 plationem
658 3022 1011 3089 traducendi,
1077 3020 1226 3072 unde
1275 3019 1468 3071 animis
1526 3020 1640 3073 suis
1710 3019 2012 3087 suscipiant

303 3110 555 3144 summae
572 3091 808 3146 virtutis
848 3112 911 3146 ac
946 3091 1292 3174 perfectionis
1330 3090 1598 3161 speciem,
1639 3090 1708 3143 ad
1747 3090 1902 3143 cuius
1939 3090 2011 3143 si-

314 3162 672 3216 militudinem
698 3171 809 3216 tam
847 3183 978 3217 suos
1017 3163 1122 3233 ipsi
1156 3179 1334 3215 mores
1373 3181 1636 3230 suamque.
1659 3161 1825 3214 vitam
1864 3181 2009 3214 com-

314 3240 538 3305 ponant,
580 3252 744 3303 quam
794 3236 1185 3306 rempublicam
1233 3252 1334 3286 suo
1373 3234 1603 3302 quisque
1642 3241 1886 3301 tempore
1927 3253 2010 3286 re-

316 3319 452 3375 gant
501 3326 563 3359 ac
619 3307 952 3374 gubernent,
1008 3306 1181 3358 donec
1231 3303 1524 3372 aliquando
1562 3306 1725 3357 rebus
1762 3304 2010 3358 humanis

316 3351 484 3449 erepti
535 3376 750 3431 divinae
801 3377 943 3430 vitae
984 3376 1198 3448 gaudiis
1240 3378 1521 3447 potiantui
1561 3377 1636 3447 (p.
1680 3378 1798 3430 536.
1839 3375 1903 3429 G.
1943 3407 2008 3414 κ-
