2106 3594
242 136 430 189 CVIII

243 278 311 330 ad
365 276 518 330 Iliad
650 296 700 345 p.
753 277 889 341 489,
941 277 1027 327 45.
1092 275 1146 327 id
1213 277 1428 330 minime
1493 286 1576 330 est
1635 278 1941 331 verisimile¹

244 348 475 402 Itidetur
512 347 654 400 6111111
693 344 834 398 idem
857 345 1157 434 Aristyllus
1201 348 1364 401 etiam
1405 349 1549 403 Plut.
1589 370 1638 402 v.
1680 350 1802 402 313.
1845 350 1944 403 τὸν

242 425 499 474 Λαοτιόυ
524 416 883 502 μιμούμενοι,
913 438 1020 471 των
1042 417 1247 506 ὄρχεων
1269 423 1550 507 κρεμῶμεν
1574 419 1944 508 μινθωσομεν

243 491 302 544 θ’
334 491 511 560 ὥσπερ
539 509 747 558 τραγου
791 509 891 553 την
930 493 1086 559 ῥῖνα·
1138 488 1205 544 σύ
1255 491 1297 545 δ’
1350 491 1701 592 Ἀρίστυλλος
1744 491 1942 563 vno-Aoi

242 583 407 630 σκων,
447 567 612 633 ἐρεῖς·
654 563 897 629 „gn-5619&
926 565 1120 648 μητρί,
1153 563 1386 633 χοῖροι.6
1393 562 1528 615 ‘ad
1566 582 1726 633 quem
1763 564 1943 618 10611111

242 603 676 694 561101αοὺτος
720 631 972 700 μαὲακός
1021 653 1089 700 ην
1139 638 1232 688 καὶ
1283 636 1363 701 τῷ
1416 633 1648 703 στόματι
1698 636 1941 705 Λάσκων,

242 705 315 769 aig
354 716 474 767 τοῖς
511 702 683 771 ὁρῶσι
722 714 892 757 κινεῖν
930 707 1158 773 γέλωτα.
1232 705 1392 773 Quae
1418 706 1721 777 profecto
1707 727 1765 759 m
1814 708 1941 761 Pla-

242 784 425 831 tonem
477 777 627 829 nulla
663 795 730 828 ex
767 783 922 846 parte
961 778 1310 831 conveniunt.
1387 778 1659 830 Nimirum
1679 778 1828 865 quid
1866 780 1943 832 111

241 849 345 919 sit,
395 848 596 902 clarius
647 866 715 900 ex
761 847 944 902 verbis
995 847 1180 903 Schol.
1232 857 1487 936 apparet:
1540 848 1611 911 ὠς
1663 849 1691 903 6
1745 850 1942 922 Ἀρίστ.

239 926 658 1010 αὶσχρουργίαις
697 918 950 989 κεχηνώς.
986 927 1362 991 αὶσχρουργον
1413 942 1535 1007 γαρ
1568 918 1741 974 αὐτόν
1800 941 1943 996 φασι

240 992 573 1079 ποιητήν,
627 988 691 1054 ὃς
736 991 830 1044 διὰ
878 1011 978 1057 την
1027 995 1419 1065 αὶσΛρουργίαν
1469 990 1644 1046 αὐτοῦ
1701 992 1787 1046 ἀεὶ
1833 999 1941 1046 ὲκε·

236 1061 411 1134 χήνει.
489 1062 602 1119 Sed
649 1083 710 1115 v..
747 1061 815 1115 de
863 1062 948 1117 his
1001 1083 1139 1134 quae
1190 1063 1590 1134 disputavimus
1623 1064 1846 1118 uberius
1884 1065 1939 1117 in

162 1187 166 1190 ,
238 1135 497 1189 Jahnii
546 1143 599 1188 et
653 1134 919 1187 Klotzii
986 1136 1188 1188 Annal.
1253 1085 1391 1189 Pphil
1459 1143 1515 1188 et
1576 1135 1744 1188 Paed.
1811 1137 1940 1189 Vol.

242 1207 431 1261 LVIII.
470 1208 630 1261 Fasc.
669 1208 717 1259 3
755 1226 809 1276 p.
849 1209 969 1260 264.
1007 1227 1087 1277 sq.
1174 1206 1319 1259 Illud
1366 1226 1532 1259 unum
1571 1207 1662 1260 hic
1702 1227 1939 1261 commo-

239 1279 423 1333 nuisse
470 1278 710 1345 iuvabit,
763 1297 866 1331 nec
919 1278 986 1331 de
1037 1279 1311 1332 amoribus
1358 1278 1672 1350 philosophi
1710 1280 1942 1351 cogitari

238 1351 420 1419 licere,
461 1350 532 1403 de
580 1349 779 1419 quibus
835 1370 881 1403 v.
935 1349 1354 1403 Athenaeus
1404 1350 1540 1403 Xlll.
1588 1370 1641 1420 p
1690 1352 1837 1404 529.-
1874 1349 1938 1404 C.

240 1422 443 1493 Diog
494 1422 563 1475 L.
613 1420 690 1474 lll.
730 1423 816 1474 31.
907 1420 1123 1473 Deinde
1190 1440 1319 1474 vero
1375 1422 1536 1474 etiam
1596 1441 1706 1474 non
1765 1441 1942 1494 pauca

239 1501 369 1546 sunt
391 1466 553 1563 apud
594 1491 1050 1561 Aristophanem,
1104 1511 1243 1560 quae
1293 1493 1349 1544 in
1389 1491 1787 1574 Spartanorum
1822 1514 1938 1546 mo-

237 1583 325 1618 res
377 1572 432 1617 et
467 1564 720 1617 instituta
758 1561 985 1631 cadant,
1025 1564 1082 1615 in
1124 1564 1369 1617 Platonis
1405 1563 1793 1635 rempublicam
1829 1584 1939 1618 non

237 1635 466 1704 cadant,
519 1635 688 1688 veluti
737 1653 875 1704 quae
927 1634 995 1687 (16
1033 1635 1238 1688 vestitu
1284 1635 1514 1705 aliisque
1552 1634 1610 1687 id
1646 1653 1815 1706 genus
1855 1656 1938 1689 re-

239 1707 341 1761 bus
394 1713 902 1761 commemorantur.
981 1707 1155 1759 Porro
1196 1707 1356 1759 etiam
1393 1726 1476 1788 ea,
1517 1726 1659 1776 quae
1696 1726 1819 1762 6886
1857 1708 1936 1760 vi-

238 1778 429 1846 detur,
493 1779 675 1860 legum
740 1785 908 1860 atque
963 1778 1341 1832 institutorum
1402 1779 1460 1830 in
1509 1787 1742 1848 utraque
1804 1779 1936 1832 civi-

235 1858 347 1904 tate
418 1848 714 1904 similitudo
782 1849 1000 1902 minime
1057 1858 1212 1902 tanta
1250 1856 1362 1918 est,
1426 1857 1489 1902 ut
1535 1849 1743 1919 aliquid
1799 1851 1936 1903 certi

234 1921 362 1975 inde
411 1922 669 1994 colligere
711 1921 891 1975 liceat
978 1921 1123 1974 Nam
1172 1920 1335 1974 Plato
1384 1921 1600 1975 feminis
1609 1869 1784 1974 qnihil
1830 1922 1936 1976 nisi

234 1994 339 2047 hoc
387 2013 555 2047 unum
612 1992 904 2064 permittit,
971 2000 1032 2045 ut
1078 1999 1355 2061 quantum
1390 2000 1586 2045 natura
1655 1993 1936 2047 muliebris

233 2065 476 2137 patiatur
529 2065 634 2134 (L.
686 2064 756 2116 V.
795 2084 849 2134 p.
890 2065 1010 2117 526.
1047 2066 1116 2118 A
1167 2065 1264 2117 cfr.
1304 2065 1465 2133 460.)
1506 2065 1562 2117 in
1599 2065 1934 2135 reipublicae

234 2137 507 2208 gerendae
546 2137 861 2190 societatem
910 2136 1259 2206 perveniant:
1312 2136 1710 2207 Aristophanes
1752 2145 1934 2190 autem

233 2209 363 2262 80118
417 2208 735 2262 mulieribus
783 2207 955 2260 totius
1010 2208 1343 2278 reipublicae
1410 2208 1582 2260 tradit
1627 2208 1931 2279 imperium.

233 2279 401 2347 Quod
450 2286 813 2334 commentum
859 2279 952 2332 ille
1003 2286 1156 2332 tanto
1205 2279 1384 2332 minus
1436 2299 1470 2331 a
1507 2279 1736 2332 Platone
1773 2300 1930 2350 repe-

231 2352 384 2405 tiisse
423 2350 728 2405 censendus
755 2358 869 2419 ·,est
909 2349 1058 2420 quod
1097 2351 1203 2402 iam
1240 2351 1297 2403 in
1336 2350 1660 2432 Lysistrata⁷
1701 2351 1927 2423 Olymp.

232 2421 400 2475 XCII.
470 2424 520 2475 2.
570 2423 622 2477 h.
682 2442 728 2475 e.
766 2421 1200 2492 quattuordecim
1265 2423 1419 2475 annis
1478 2430 1602 2476 ante
1665 2422 1930 2488 Thesmo-

230 2494 588 2564 phoriazusas
639 2501 795 2563 acta,
860 2514 968 2564 quo
1006 2501 1250 2576 tempore
1324 2501 1475 2547 certe
1539 2493 1739 2547 nullam
1801 2493 1932 2547 dum

230 2566 588 2649 Reipublicae
630 2565 874 2620 Platonis
913 2565 1162 2618 notitiam
1200 2565 1430 2634 habuit,
1470 2566 1723 2620 mulieres
1770 2566 1931 2619 simili

229 2637 392 2691 modo
423 2638 583 2692 iussit
621 2657 798 2691 rerum
841 2637 1180 2720 publicarum
1218 2647 1430 2704 curam⁷
1463 2646 1732 2707 occupata
1767 2638 1930 2690 etiam

230 2709 489 2780 acropoli,
532 2709 634 2762 sibi
673 2728 948 2781 arrogare,
988 2711 1240 2762 nim1rum
1278 2710 1386 2761 ista
1435 2709 1643 2761 ratione
1694 2716 1748 2761 et
1784 2708 1928 2762 viro-

231 2799 346 2832 rum
399 2780 638 2833 civilium
688 2780 1048 2835 miserandam
1101 2781 1524 2834 imbecillitatem
1574 2787 1629 2831 et
1667 2780 1934 2833 immode-

229 2858 401 2903 ratam
439 2852 723 2904 mulierum
771 2853 1046 2906 licentiam
1083 2852 1333 2915 similiter
1369 2858 1532 2932 atque
1570 2851 1624 2902 in
1663 2851 1928 2905 Thesmo-

231 2921 573 3003 phoriazusis
625 2925 927 2994 exagitans.
1018 2925 1189 2977 Porro
1239 2923 1401 2976 Plato
1450 2923 1504 2974 in
1552 2922 1774 2975 civitate
1820 2942 1928 2975 sua

228 2994 306 3046 ita
352 2993 666 3059 constituit,
721 3003 783 3047 ut
831 2995 1161 3067 reipublicae
1198 2993 1484 3060 custodeS‚
1525 3011 1592 3045 ne
1634 2993 1763 3062 quid
1801 3014 1924 3064 pro-

229 3065 335 3134 prii
373 3063 719 3135 possideant,
760 3085 1001 3120 seorsum
1042 3087 1073 3118 a
1107 3066 1306 3119 ceteris
1346 3065 1557 3118 civibus
1597 3065 1653 3117 in
1691 3065 1925 3134 publicis

233 3135 520 3189 domiciliis
583 3135 848 3198 habitent.
887 3137 956 3189 ad
994 3157 1131 3207 quae
1170 3136 1421 3189 omnibus
1459 3136 1607 3189 nullo
1645 3156 1754 3189 non
1791 3144 1925 3189 tem-

228 3227 359 3278 pore
409 3215 592 3279 pateat
636 3226 918 3275 accessus,
971 3218 1024 3261 ct
1073 3206 1352 3261 custodiae
1402 3207 1580 3289 gratia
1626 3208 1694 3260 ib
1730 3209 1926 3261 ceteris

227 3288 437 3332 tantum
475 3278 740 3332 mercedis
782 3279 1370 3349 1·c‹·ipiant‚qua11tum
1412 3275 1649 3348 ipsorum
1690 3280 1924 3333 necessi-
