2098 3658
254 146 353 198 156
861 141 1337 197 PLATONIS

247 294 423 363 μεθα,
467 286 538 344 τὰ
587 285 627 344 δ’
681 288 736 354 ἐξ
776 286 1010 353 ἀδικίας.
1037 292 1198 360 κέρδη
1241 286 1630 358 ἀπωσόμεθα·
1674 283 1860 342 ἄδικοι
1897 287 1954 340 δὲ

247 376 618 445 κερδανοῦμέν
682 394 735 427 τε
781 375 872 426 καὶ
916 372 1227 442 λισσόμενοι
1272 373 1703 442 ὑπερβαίνοντες
1748 373 1842 424 καὶ
1887 367 1954 423 ἁ-

243 457 626 530 μαρτοὶνοντες
671 460 969 520 πείθοντες
1012 455 1223 520 αὐτοὺς
1267 455 1492 525 ἀζήμιοι
1540 453 1952 521 ἀπαλλάξομεν.

246 541 391 596 ἀλλὰ
445 539 552 614 γάρ
613 548 671 595 ἐν
715 538 914 595 ”Αιὸου
970 544 1125 608 δίκην
1171 540 1414 611 δώσομεν
1476 531 1555 594 ὧν
1617 536 1693 592 ἂν
1737 537 1951 593 ἐνθάδε

245 624 610 697 ἀδικήσωμεν,
654 620 689 692 ἢ
735 624 902 681 αὐτοὶ
945 621 977 691 ἢ
1023 628 1214 688 παῖδες
1253 628 1483 682 παίδων.
1535 620 1677 693 ἀλλ’,
1723 614 1951 698 ὦᾳίλε,

248 708 415 786 φήσει
455 707 832 780 λογιζόμενος,
888 713 948 763 αἱ
991 711 1203 764 τελεταὶ
1250 731 1322 763 av
1364 714 1501 778 μέγα
1547 705 1819 763 δύνανται
1861 709 1954 761 καὶ

253 799 307 850 οἱ
354 794 538 851 λύσιοι
582 797 732 864 θεοί,
778 791 852 857 ὡς
898 798 958 848 αἱ
1000 788 1246 864 μέγισται
1292 791 1480 857 πόλεις
1523 796 1740 863 λέγουσι
1770 793 1861 845 καὶ
1903 795 1956 846 οἱ

249 881 405 934 θεῶν
450 881 642 942 παῖδες
684 880 914 945 ποιηταὶ
959 899 1048 932 και
1098 880 1391 952 προᾳῆται
1443 879 1555 932 τῶν
1601 878 1758 932 θεῶν
1800 874 1954 945 γενό-

245 981 420 1034 μενοι,
468 966 521 1019 οἳ
564 964 745 1017 ταῦτα
787 959 964 1025 οὕτως
1006 965 1144 1033 ἔχειν
1187 960 1478 1033 μηνύουσι.

375 1043 517 1123 Cap.
557 1043 666 1101 IX.
729 1043 894 1100 Κατὰ
940 1049 1064 1100 τίνα
1110 1037 1213 1101 οὖν
1255 1049 1333 1100 ἔτι
1378 1043 1549 1114 λόγον
1593 1040 1953 1110 δικαιοσύνην

245 1125 320 1186 ἂν
363 1127 471 1203 πρὸ
516 1133 771 1201 μεγίστης
813 1129 1033 1194 ἀδικίας
1075 1128 1356 1199 αἱροίμεθ’
1412 1126 1519 1196 ἄνς
1581 1126 1649 1196 ἢν
1694 1125 1794 1183 ἐὰν
1837 1125 1945 1193 μετ’

245 1213 660 1286 εὐσχημοσύνης
703 1214 967 1285 κιβδήλου
994 1248 995 1255 1
1022 1213 1395 1284 κτησώμεθα,
1450 1216 1542 1268 καὶ
1589 1210 1742 1284 παρὰ
1792 1215 1954 1276 θεοῖς

361 1376 431 1420 αὖ
469 1382 607 1435 μέγα
644 1378 938 1435 δύνανται]
1002 1379 1127 1421 Haec
1167 1380 1303 1420 verba
1347 1391 1430 1419 om.
1472 1377 1576 1419 Par.
1622 1379 1678 1418 A.
1735 1378 1862 1419 Vind.
1898 1379 1952 1419 Φ.

248 1439 395 1480 Ambr.
435 1440 538 1479 Vnt.
569 1452 626 1478 m.
656 1451 691 1478 r.
730 1439 849 1479 Flor.
883 1452 922 1481 a.
955 1449 992 1479 o.
1027 1452 1071 1478 α.
1112 1436 1238 1485 Quae
1269 1436 1611 1477 omissiosiouti
1645 1448 1766 1477 mero
1798 1448 1952 1478 errore

245 1504 340 1537 ortu
377 1500 458 1546 est,
490 1497 547 1536 ita
573 1496 822 1537 Hermanno
843 1497 978 1537 mirae
1010 1496 1289 1537 coniecturae
1321 1495 1698 1547 opportunitatem
1727 1495 1864 1547 dedit,
1895 1495 1951 1535 de

247 1567 336 1607 qua
367 1567 407 1594 v.
440 1555 570 1595 infra.

362 1611 470 1664 Cap.
503 1611 612 1655 IX.·
648 1610 698 1652 C.
737 1607 973 1663 δύναμις
1006 1607 1246 1665 υπιίρχει
1280 1609 1492 1662 ψυχῆς]
1566 1607 1613 1653 V
1647 1625 1799 1661 τυχης,
1831 1610 1951 1664 quod

245 1675 362 1711 reete
393 1671 439 1710 in
474 1673 618 1723 ψυχῆς
648 1674 820 1710 mutant
847 1671 946 1712 Par.
980 1668 1120 1711 ADK.
1149 1669 1274 1710 Mon.
1308 1669 1426 1721 Ang.
1456 1667 1576 1708 Flor.
1611 1681 1650 1709 a.
1668 1681 1705 1709 c.
1727 1680 1768 1713 x.
1787 1684 1828 1708 α.
1849 1671 1890 1723 β.
1910 1684 1950 1722 r.

246 1733 290 1768 et
318 1741 383 1781 pr.
415 1728 476 1768 ΙΙ.

1143 1839 1217 1881 ταὶ
1246 1837 1315 1880 καὶ
1347 1843 1572 1892 προφῆται
1617 1843 1702 1880 τῶν
1734 1844 1849 1880 θεῶν
1879 1856 1950 1894 γε·

245 1837 323 1895 ἄμ.
371 1843 575 1894 Apparet
609 1848 755 1884 autem
794 1854 849 1883 ex
880 1841 962 1883 hac
990 1842 1059 1882 in-

1144 1896 1338 1951 νόμενοι,
1368 1899 1604 1950 praecipue
1632 1899 1692 1939 ad
1715 1897 1947 1940 Musaeum

247 1899 718 1953 terpretationepm'vov
749 1901 874 1948 illud,
905 1912 959 1940 ex
985 1912 1059 1940 co-

248 1957 419 1998 dicibus
462 1971 602 2011 nuper
652 1965 930 2008 revocatum,
978 1970 1058 2009 per

247 2017 509 2056 sententiam
539 2017 768 2057 commode
786 2017 940 2058 abesse
967 2028 1055 2055 non

246 2085 396 2125 posse.

307 2156 467 2215 φήσει
523 2156 912 2212 λογιζόμενος]
976 2159 1056 2198 in·

251 2220 411 2274 quiet
445 2218 1055 2268 argumentans,sc.ine,

249 2280 321 2329 qui
354 2275 596 2315 iniustitiae
619 2288 817 2316 caussam
843 2276 1056 2315 defendit.

250 2334 402 2376 Refert
413 2334 527 2372 enim
548 2334 802 2374 &diniantus
814 2344 1056 2383 nonsuam,

249 2394 328 2434 sed
355 2392 539 2431 alienam
562 2393 822 2432 sententiam
842 2392 1000 2431 callide
1031 2403 1058 2430 a

249 2464 296 2492 se
331 2454 602 2491 exornatam
644 2448 850 2489 Nodum
838 2462 886 2489 m
910 2450 1056 2500 scirpo

251 2507 471 2562 quaesivit
482 2507 523 2546 H
538 2519 561 2546 e
572 2520 593 2546 r
606 2520 646 2546 m
658 2520 758 2548 ann
770 2520 820 2548 us
834 2539 844 2558 ,
857 2509 931 2560 qui
945 2519 1055 2559 quo·

246 2567 364 2607 niam
407 2565 562 2605 verba·
592 2559 652 2604 αὖ
686 2569 795 2620 μέγα
835 2565 1056 2613 ‹illvm-,zm

246 2625 292 2665 in
335 2623 480 2664 multis
530 2624 1059 2674 vo‹1d.d‹·sunt‚licet

247 2695 404 2735 caussa
437 2681 688 2720 omissionis
708 2689 872 2736 aperta!
893 2682 966 2730 sit,
991 2687 1056 2721 ta·

247 2746 347 2781 men'
392 2745 535 2780 totum·
580 2740 728 2780 locum
777 2751 856 2779 suo
910 2739 1057 2780 Marte

246 2801 311 2839 ita
370 2798 566 2838 refinxit.
621 2795 711 2837 αλλ’
763 2794 1058 2849 ὠφελήσουσιν

246 2853 527 2908 &vattogus'nm
532 2869 551 2901 ς
601 2854 649 2893 αἱ
689 2853 856 2894 τελεταὶ
895 2853 964 2893 καὶ
1010 2855 1052 2894 οἱ

245 2911 392 2954 λύσιοι
425 2916 475 2955 θ,

303 2994 364 3037 αἱ
398 2995 622 3038 τελεταὶ
672 2992 739 3040 mv
791 3001 920 3052 μέγα
963 2998 1050 3049 -Ῑ

250 3054 435 3100 Vidend.
475 3069 571 3108 cap.
605 3054 710 3100 VII.
739 3063 853 3106 <extr2
878 3081 932 3086 —
965 3053 1052 3095 λῦ-

246 3127 363 3152 σιοι
396 3114 517 3151 θεοί
548 3118 648 3153 suut
678 3113 784 3167 dii,
826 3127 1051 3168 quorum

246 3169 398 3211 cultu
435 3172 486 3212 et
525 3172 901 3214 veneratione
944 3184 1052 3212 see-

244 3228 369 3268 lera
400 3228 715 3279 expiantur.
752 3229 1050 3283 cogitandum

245 3284 448 3337 inprimis
479 3285 533 3324 de
565 3285 666 3336 diis,
699 3289 775 3339 qui
801 3293 926 3329 erant
957 3299 1049 3339 my-

251 3343 485 3383 steriorum
515 3344 757 3394 praesides.
819 3345 885 3386 lta
919 3344 1050 3385 etiam

250 3399 407 3450 verba:
442 3398 483 3438 οἱ
518 3402 630 3440 θεῶν
662 3401 808 3447 παῖδες
835 3402 903 3442 καὶ
927 3416 1049 3454 ποιη-

1143 1962 1187 1997 et
1218 1955 1441 2007 Orpheum
1461 1957 1693 1997 referenda
1717 1962 1830 2000 sunt.
1860 1957 1951 1999 Qui

1143 2027 1220 2056 cur
1250 2015 1453 2054 dieantur
1487 2017 1601 2055 θεῶν
1633 2019 1877 2066 προφῆται,
1913 2017 1951 2057 si

1143 2073 1239 2126 quis
1286 2072 1480 2123 dubitet,
1533 2071 1707 2113 docebit
1751 2078 1949 2117 annotat.

1147 2128 1407 2182 Bergleri
1444 2129 1501 2169 ad
1540 2130 1861 2183 -xlciphrom
1896 2128 1949 2173 11.

1141 2187 1228 2240 Ep.
1259 2186 1335 2229 IV.
1370 2186 1405 2239 ξ.
1427 2186 1494 2231 77.
1527 2186 1684 2240 Neque
1714 2187 1950 2231 obscurum

1143 2252 1231 2297 est,
1281 2258 1358 2285 eur
1384 2245 1531 2299 viidem
1579 2247 1763 2288 audiant
1803 2247 1950 2293 παῖδες

1145 2306 1281 2352 θεῶν,
1314 2304 1674 2356 quandoquidem
1709 2303 1870 2345 Graeci
1901 2318 1949 2345 o-

1141 2361 1289 2402 mnino
1329 2361 1398 2413 id,
1440 2360 1641 2414 quodvin
1685 2375 1950 2416 quocunque

1142 2432 1304 2472 genere
1338 2420 1550 2472 optimum
1593 2424 1710 2475 esset
1739 2433 1791 2461 ao
1820 2434 1947 2474 prae-

1140 2478 1484 2529 stantissimum,
1517 2478 1574 2518 ad
1606 2478 1803 2526 divinam
1834 2479 1948 2520 refe-

1141 2535 1294 2576 rebant
1341 2534 1576 2590 originem3
1622 2548 1661 2576 v.
1711 2536 1946 2581 Huschk.

1140 2595 1339 2636 Analect.
1379 2592 1560 2636 literar.
1584 2607 1632 2646 p.
1667 2593 1753 2637 328
1785 2607 1878 2648 sqq.

1199 2651 1304 2704 Cap.
1337 2647 1417 2693 IX.
1449 2650 1500 2701 B.
1530 2646 1658 2692 κατὰ
1694 2654 1817 2692 τίνα
1849 2644 1947 2692 ουν

1140 2709 1218 2749 ἔτι
1256 2707 1332 2769 λ]
1406 2707 1700 2757 Quamnam
1769 2710 1946 2763 igitur

1140 2766 1206 2808 ob
1239 2778 1458 2807 causam
1491 2765 1666 2808 adhuc
1704 2773 1783 2812 etr.
1837 2758 1944 2809 Voc.

1137 2823 1332 2877 κίβδηλον
1363 2824 1570 2865 Timaeus
1603 2823 1749 2869 Gloss.
1783 2824 1944 2878 p158.

1135 2883 1462 2935 interpretatum
1519 2878 1654 2922 οἱοιεὶ
1706 2880 1946 2936 κριβδηλόν

1139 2954 1175 2981 τι
1200 2937 1279 2993 ὅνη
1312 2940 1438 2983 ubiv
1463 2935 1668 2983 Ruhnk.
1710 2963 1765 2970 —-
1795 2938 1815 2979 ὁ
1851 2943 1945 2980 τῶν

1138 3013 1176 3040 τ.
1220 3014 1255 3040 κ.
1301 2995 1477 3051 ἄκρων
1510 2997 1532 3034 λ
1575 2997 1636 3047 λ,
1681 3002 1739 3038 ut
1769 2997 1946 3050 pluri-

1140 3067 1338 3096 morum
1383 3066 1831 3106 summorumque
1871 3054 1945 3094 vi-

1138 3125 1320 3153 rorum
1401 3110 1586 3152 oratio
1677 3109 1943 3156 declarat.

1138 3170 1211 3211 Sic
1242 3170 1367 3237 ἄκροι
1398 3172 1607 3221 ποιητῶν,
1642 3182 1734 3222 pra
1753 3176 1942 3211 estan-

1138 3224 1680 3280 tissimipoetarum‚
1715 3226 1942 3271 Theaetet.

1139 3282 1277 3339 p.152
1301 3283 1370 3329 1⁴3..
1387 3288 1430 3324 et
1448 3285 1615 3329 similia.
1629 3299 1667 3327 v.
1686 3284 1716 3323 V
1732 3286 1941 3328 aicken.

1137 3343 1188 3384 ad
1214 3341 1399 3384 Theocr
1438 3333 1574 3384 Adon.
1610 3357 1634 3396 p
1681 3341 1829 3386 414:
1841 3341 1940 3386 262.

1140 3399 1207 3442 cd.
1250 3399 1396 3442 Boroi.
1441 3399 1566 3441 Cous.
1618 3402 1708 3443 libr.
1764 3400 1850 3444 III.
1901 3412 1941 3452 p.

2086 701 2098 835 affl·

2083 1268 2093 1291 ,Q
