2098 3658
318 137 416 185 116
908 127 1485 182 ARGUMENTUM

316 274 475 342 dum,
525 271 781 343 opinione
833 278 1014 324 autem
1070 278 1128 324 et
1173 270 1294 342 lege
1341 279 1515 340 turpe.
1591 268 1765 327 Iidem
1814 270 2016 323 iniusta

315 345 533 398 utiliora
582 359 705 396 esse
743 339 998 395 dictitant
1047 341 1207 396 iustis
1258 360 1322 395 ac
1359 340 1531 394 malos
1587 339 1868 409 homines,
1918 341 2014 395 ubi

317 424 448 470 sunt
496 413 694 466 divites
747 431 811 466 ac
871 420 1148 483 potentes,
1207 413 1397 466 beatos
1447 410 1791 482 praedicant,
1841 413 2016 466 bonos

316 493 528 554 contra,
565 485 615 538 si
650 483 909 537 imbecilli
946 484 1056 538 sint
1080 491 1243 554 atque
1282 485 1498 553 inopes,
1537 483 1764 536 miseros
1799 492 2015 537 vocant.

318 556 579 611 Omnium
630 555 863 609 maxime
924 563 1103 608 autem
1151 554 1288 609 illud
1337 555 1531 608 mirum
1579 553 1813 623 accidit,
1866 554 2017 624 quod

317 628 452 682 deos
490 627 642 680 aiunt
687 626 933 697 plurimis
980 626 1139 681 bonis
1184 626 1493 680 hominibus
1548 625 1718 678 vitam
1766 626 2018 679 miseram

318 707 374 753 et
419 698 720 765 infelicem,
768 698 924 752 malis
979 717 1110 751 vero
1157 698 1371 751 felicem
1410 696 1647 750 dedisse.
1723 695 1874 764 Quin
1911 699 2016 751 cir-

317 771 590 824 culatores
625 781 680 823 et
715 777 873 823 vates
909 769 1265 840 peccantibus
1303 788 1367 822 ac
1403 769 1650 823 scelestis
1735 770 2020 822 romittunt

317 841 582 896 scelerum
604 841 968 912 expiationem
983 848 1039 894 et
1057 840 1324 912 peccandi
1345 840 1640 909 licentiam,
1673 789 1807 895 deos
1832 839 2019 894 dicen-

317 922 402 967 tes
422 913 708 985 precibuS,
745 912 1222 981 incantationibus,
1262 911 1564 979 sacrificiiS,
1606 911 1725 964 aliis
1761 911 1819 964 id
1844 931 2019 984 genus

317 985 483 1038 rebus
518 983 745 1053 moveri,
785 1002 963 1054 eoque
1001 984 1221 1037 nomine
1258 983 1422 1037 etiam
1459 983 1530 1036 ad
1566 990 1852 1054 poetarum
1889 1003 2019 1054 pro-

318 1062 580 1110 vocantes
603 1055 1005 1109 auctoritatem.
1050 1053 1265 1122 Quibus
1287 1055 1452 1109 rebus
1490 1067 1637 1108 certe
1663 1054 1920 1124 efficitur,
1956 1063 2020 1109 ut

316 1127 537 1200 plurimi
578 1126 951 1197 imprimisque
1002 1125 1378 1180 adolescentes
1415 1125 1487 1178 ad
1520 1125 1842 1179 iniustitiam
1889 1146 2018 1179 con-

317 1206 619 1257 vertantur.
693 1198 812 1251 Iam
860 1217 990 1252 vero
1042 1198 1090 1251 si
1142 1196 1344 1250 dixerit
1412 1197 1614 1266 aliquis
1666 1195 1816 1249 haud
1860 1198 2019 1251 facile

319 1289 442 1325 esse
477 1270 667 1337 latere,
706 1269 801 1323 ubi
840 1270 964 1339 quis
1017 1269 1218 1322 iniuste
1255 1268 1476 1337 fecerit,
1514 1275 1708 1321 contra
1745 1287 1866 1321 eum
1905 1288 2021 1322 mo-

319 1341 559 1395 nendum
611 1348 697 1395 est
741 1359 955 1409 eorum,
1006 1359 1146 1411 quae
1197 1358 1396 1410 magna
1442 1346 1570 1392 sunt
1616 1357 1682 1392 ac
1718 1340 2020 1410 praeclara,

320 1413 454 1466 nihil
501 1431 621 1467 esse
680 1411 859 1465 facile.
947 1410 1224 1478 Quocirca
1275 1411 1322 1464 si
1367 1411 1518 1465 beati
1575 1410 1827 1466 volumus
1877 1411 2018 1481 fieri,

319 1484 452 1537 illuc
488 1482 839 1552 tendendum,
881 1502 990 1551 quo
1012 1502 1319 1536 sermonum
1340 1482 1522 1536 ferunt
1548 1482 1800 1554 vestigia.
1875 1483 2021 1538 Nam

321 1563 384 1609 ut
419 1555 712 1621 lateamuS,
766 1554 948 1607 onmia
984 1561 1114 1607 sunt
1148 1552 1444 1619 tentanda3
1493 1554 1894 1608 coniurationes
1940 1555 2021 1608 fa-

321 1626 573 1691 ciendae3
613 1625 930 1679 sodalitates
956 1645 1020 1679 ac
1059 1626 1355 1680 sceleratae
1389 1625 1681 1679 societates
1715 1625 2018 1692 ineundae3

322 1696 587 1752 subdolae
639 1697 911 1751 orationes
969 1704 1025 1750 et
1072 1695 1453 1750 fraudulentae
1499 1697 1885 1767 persuasiones
1923 1697 2020 1752 ad-

319 1768 612 1838 hibendae,
651 1776 705 1822 et
741 1786 880 1837 quae
918 1775 1047 1823 sunt
1081 1767 1140 1821 id
1177 1786 1353 1840 genus
1389 1768 1512 1820 alia.
1585 1767 1706 1822 Nec
1743 1787 1874 1822 vero
1907 1788 2020 1822 me-

320 1839 584 1895 tuendum
620 1847 722 1908 est,
760 1859 830 1892 ne
869 1839 1002 1893 deos
1041 1847 1139 1893 aut
1173 1859 1284 1893 non
1320 1839 1492 1893 latere
1527 1847 1624 1892 aut
1660 1859 1771 1893 non
1799 1839 2020 1894 flectere

319 1912 614 1983 possimus,
703 1911 849 1964 Nam
907 1910 985 1964 dii
1034 1911 1082 1966 si
1128 1931 1240 1964 non
1274 1918 1403 1964 sunt
1457 1918 1554 1963 aut
1599 1930 1687 1964 res
1754 1910 2020 1966 humanas

320 2003 433 2037 non
470 1990 680 2052 curant,
721 1990 869 2036 certe
906 2001 1008 2036 nec
1054 1983 1213 2036 nobis
1249 1981 1309 2035 id
1343 1981 1616 2054 agendum
1655 1989 1772 2051 est,
1825 1990 1886 2037 ut
1922 2002 2019 2038 eos

319 2055 604 2108 lateamus.
692 2053 793 2109 Sin
839 2066 1021 2107 autem
1071 2061 1199 2108 sunt
1247 2062 1302 2107 et
1359 2071 1446 2107 res
1494 2052 1758 2107 humanas
1816 2055 2019 2126 guber·-

320 2134 487 2194 nant,
527 2132 723 2197 poetae
763 2125 963 2196 aliique
1002 2143 1096 2179 eos
1128 2126 1384 2197 precibus
1423 2143 1488 2178 ac
1512 2125 1831 2179 muneribus
1869 2119 2042 2180 flecti⁸

322 2197 529 2252 dicunt.
605 2195 822 2265 Quibus
855 2204 952 2249 aut
974 2204 1264 2266 utrumque
1293 2204 1388 2250 aut
1411 2203 1664 2250 neutrum
1685 2196 2019 2252 credendum

321 2280 421 2324 est.
493 2268 642 2322 Nam
679 2268 726 2322 si
758 2268 865 2322 ista
901 2268 1189 2337 credimus,
1228 2268 1429 2322 iniuste
1467 2287 1628 2340 agere
1661 2268 1822 2337 licet,
1862 2268 2019 2324 dum-

318 2339 484 2394 modo
537 2339 640 2394 diis
694 2359 921 2393 munera
967 2347 1022 2393 et
1075 2339 1343 2394 sacrificia
1390 2339 1702 2408 ofleramUS,
1741 2340 1891 2410 quod
1924 2360 2018 2395 *ex

318 2412 466 2465 facta
501 2410 706 2483 praeda
741 2418 797 2464 et
832 2411 1024 2481 rapina
1046 2411 1196 2465 nullo
1233 2411 1458 2484 negotio
1499 2411 1620 2464 fieri
1667 2412 1887 2483 poterit.
1954 2411 2018 2467 Si

317 2502 449 2537 vero
487 2502 599 2537 non
637 2489 749 2551 est,
789 2501 887 2536 cur
921 2483 1028 2537 ista
1061 2482 1375 2552 credamus,
1430 2502 1573 2537 vana
1607 2490 1664 2536 et
1698 2483 1877 2538 inanis
1915 2484 2019 2538 erit

321 2573 452 2608 cura
489 2562 545 2608 et
579 2553 892 2608 sollicitudo
932 2555 1127 2607 omnis,
1203 2553 1317 2609 Sed
1365 2553 1515 2608 dieat
1558 2553 1782 2608 tandem
1819 2554 2016 2625 aliquis

319 2625 465 2697 apud
518 2626 724 2679 inferos
778 2645 876 2680 nos
929 2625 1156 2681 daturos
1194 2645 1316 2680 esse
1351 2645 1558 2697 poenas
1596 2645 1819 2694 eorum,
1875 2645 2016 2696 quae
2096 2652 2097 2656 ¹

318 2696 409 2750 hic
457 2697 661 2751 iniuste
708 2698 1028 2767 fecerimus,
1084 2716 1149 2752 ac
1195 2718 1308 2751 non
1353 2697 1516 2751 modo
1553 2716 1655 2750 nos
1689 2697 1874 2769 ipsos,
1915 2697 2016 2751 sed

318 2769 482 2822 etiam
519 2777 770 2840 posteros
804 2776 1040 2823 nostros,
1116 2767 1223 2823 Cui
1258 2768 1710 2841 respondebimus
1752 2769 2016 2840 expiatio·

317 2859 416 2894 nes
453 2860 556 2911 pro
596 2840 902 2895 commissis
939 2840 1162 2913 flagitiis
1205 2848 1260 2895 et
1293 2840 1590 2895 sceleribus
1627 2840 1807 2893 valere
1845 2840 2015 2911 pluri-
2090 2850 2098 2868 '⁴

317 2931 464 2964 mum
528 2920 694 2982 atque
743 2911 877 2966 deos
929 2931 1051 2967 esse
1097 2913 1286 2982 utique
1332 2911 1667 2979 exorabileS,
1742 2911 1906 2965 sicuti
1960 2920 2016 2966 et

317 3001 548 3054 magnae
595 2983 846 3038 civitates
894 2993 948 3037 et
992 2991 1219 3055 poetae,
1272 2982 1496 3036 deorum
1541 2982 1676 3052 filii,
1727 2990 2013 3037 testentur.

318 3051 604 3120 Quaenam
639 3055 808 3125 igitur
842 3055 1013 3122 rati0,
1051 3075 1084 3108 o
1122 3053 1383 3123 Socrate,
1420 3072 1520 3107 nos
1556 3062 1904 3125 permoveat,
1952 3063 2016 3109 ut

317 3141 558 3178 summae
606 3126 907 3179 iniustitiae
954 3134 1352 3198 anteponamus
1401 3125 1666 3179 iustitiam
1680 3166 1696 3194 ,
1737 3145 1923 3196 quum,
1965 3128 2014 3181 si

317 3195 636 3249 iniustitiam
686 3216 810 3249 cum
866 3197 1062 3251 decore
1110 3196 1346 3267 quodam
1393 3195 1699 3251 adulterino
1740 3216 2013 3252 assumse-

315 3267 482 3320 rimus
505 3307 521 3335 ,
571 3286 795 3339 prorsus
834 3288 901 3322 ex
938 3269 1210 3322 sententia
1258 3268 1416 3322 nobis
1467 3268 1648 3321 omnia
1685 3288 2014 3323 successura

317 3338 424 3391 sint
466 3347 578 3392 tam
635 3339 773 3392 vivis
813 3359 972 3409 quam
1017 3339 1280 3394 mortuis?
1356 3339 1443 3392 Ex
1494 3340 1744 3394 omnibus
1807 3348 2008 3409 autem,
