2106 3594
1743 118 1857 170 ¹NI

144 263 408 317 iustitiam
444 260 723 313 *doceatur
751 276 980 311 summo
1019 258 1204 312 studio
1246 275 1366 311 esse
1404 257 1722 325 colendam,v
1749 260 1857 327 quo

144 333 232 388 vel
284 331 556 387 nobismet
601 329 739 400 ipsis
797 328 1111 401 placeamus
1158 328 1251 384 vel
1311 328 1417 383 diis
1461 329 1859 384 immortalibus

142 414 201 458 et
238 405 330 458 hic
357 410 424 457 <et
460 407 591 481 post
623 408 855 455 mortem
891 402 1037 473 grati
1074 408 1240 472 atque
1259 401 1492 472 accepti
1528 401 1715 455 simus.
1803 401 1809 407 ”

224 525 229 529 ·
282 501 362 554 Et
419 500 524 554 hae
584 498 805 582 quidem
871 508 1000 554 sunt
1043 500 1157 553 fere
1207 499 1447 555 rationes
1499 519 1717 569 eorum,
1764 502 1860 570 qui

140 581 254 627 non
293 570 362 625 dc
395 590 457 626 re
497 568 704 638 ablica,
744 569 842 625 sed
882 568 950 624 de
973 570 1181 625 iustitia
1198 571 1495 654 praecipue
1532 571 1587 624 in
1614 571 1701 626 his
1747 588 1861 626 ser-

141 643 398 698 monibus
477 642 712 715 isputari
735 642 1043 697 voluerunt.
1119 642 1279 711 Quae
1316 651 1448 713 quia
1475 643 1607 696 item
1633 660 1699 696 ex
1737 643 1859 714 ipso

142 715 324 789 operis
374 722 703 787 argumento
755 721 888 768 sunt
939 713 1206 784 repetitae
1224 756 1240 784 ,
1294 713 1485 785 facile:
1520 714 1688 768 alicui
1734 715 1858 786 plus

144 787 310 841 etiam
346 783 618 858 ponderis
654 784 859 839 habere
882 783 1174 840 videantur
1211 804 1374 857 quam
1413 804 1553 857 quae
1631 805 1692 840 ro
1728 803 1860 839 con-

144 858 312 913 traria
373 858 648 911 sententia
698 857 752 910 in
814 855 1052 911 medium
1101 857 1302 911 allatae
1351 865 1496 912 sunt.
1585 804 1862 926 Quocirca

145 927 454 983 mirandum
492 935 642 982 certe
679 945 790 982 non
828 936 932 998 est,
973 927 1122 999 quod
1160 948 1270 983 non
1307 928 1473 1000 pauci
1511 947 1726 991 eorum,
1767 931 1860 1000 qui

144 1019 320 1072 nuper
358 997 428 1054 de
467 1000 709 1054 universi
749 999 932 1072 operis
974 1018 1185 1054 summa
1221 1007 1277 1054 et
1304 1000 1553 1055 *consilio
1592 1019 1861 1074 exposue-

143 1080 306 1142 runt,
368 1089 555 1126 earum
602 1071 874 1145 gravitate
925 1069 1154 1126 adducti
1200 1071 1457 1126 Politiam
1510 1072 1744 1126 maxime
1797 1092 1862 1127 eo

142 1144 423 1217 pertinere
462 1141 713 1197 arbitrati
751 1149 915 1212 sunt,
966 1148 1030 1197 ut
1076 1143 1316 1198 iustitiae
1366 1151 1565 1198 natura
1602 1143 1863 1199 subtilius

146 1214 467 1288 exploretur
504 1222 669 1286 atque
705 1213 1029 1269 illustretur.
1191 1214 1196 1222 ⁴

285 1297 523 1362 Factum
561 1309 742 1354 autern
779 1299 886 1354 hoc
924 1300 1194 1372 imprimis
1232 1300 1311 1353 ita
1350 1308 1452 1369 est,
1492 1318 1560 1353 ex
1587 1319 1697 1371 quo
1726 1306 1863 1366 tern-

145 1384 278 1447 pore
339 1371 642 1428 Carolus
714 1371 870 1435 Mor
926 1373 1380 1441 ensterniuS,
1454 1371 1541 1425 vir
1609 1371 1860 1442 illustriS,

142 1443 459 1525 praeclaras
496 1442 619 1499 illas
655 1441 831 1499 edidit
908 1463 936 1498 e
974 1443 1260 1515 republica
1297 1442 1549 1498 Platonis
1586 1462 1861 1498 commen-

144 1516 418 1586 tationes,
473 1515 674 1598 quibus
712 1513 793 1569 *de
840 1516 1082 1571 universi
1118 1515 1242 1569 libri
1279 1515 1621 1587 argumento,
1661 1514 1773 1569 fine
1809 1523 1865 1569 et

148 1585 378 1644 consilio
431 1590 649 1640 rimum
681 1585 1023 1668 disputatum
1060 1594 1148 1641 est
1185 1585 1496 1640 accuratius
1527 1593 1694 1656 atque
1733 1586 1862 1642 sub-

147 1657 317 1713 tilius.
402 1606 513 1712 flio
565 1657 707 1710 enim
772 1658 1025 1712 instituto
1084 1657 1375 1727 utriusque
1426 1657 1752 1726 sententiae,
1793 1657 1862 1713 de

149 1747 260 1801 qua
344 1726 550 1783 dictum
637 1734 751 1796 est,
824 1729 1071 1795 examine
1150 1735 1417 1788 ,accurate
1492 1727 1692 1782 docere
1770 1748 1863 1784 co—

150 1801 350 1873 natm
386 1806 502 1868 est,
577 1796 714 1852 illud
799 1818 968 1853 unum
1039 1799 1272 1854 maxime
1345 1798 1568 1853 Platoni
1648 1799 1705 1853 in
1776 1800 1863 1856 his

145 1870 488 1928 sermonibus
524 1869 869 1941 propositum
908 1889 1048 1939 esse,
1086 1878 1149 1924 ut
1184 1870 1426 1925 iustitiae
1466 1870 1862 1943 universaeque

147 1936 369 1999 virtutis
407 1947 606 1996 natura
641 1940 978 2012 declaretur,
1029 1941 1210 2012 qualis
1251 1942 1324 1996 sit
1361 1950 1419 1997 et
1456 1962 1555 2015 per
1592 1962 1650 1997 se
1691 1951 1746 1998 et
1780 1945 1861 1999 fe-

145 2013 373 2071 licitatis
421 2012 551 2068 inde
599 2012 863 2070 oriundae
914 2013 1128 2068 ratione
1163 2013 1380 2080 habita3
1453 2021 1509 2068 et
1545 2014 1862 2072 vitiositatis

146 2092 342 2155 contra
391 2101 619 2156 natura,
676 2085 954 2155 quomodo
1010 2084 1080 2139 ad
1121 2085 1374 2140 virtutem
1414 2086 1507 2140 illa
1544 2105 1603 2141 se
1641 2086 1860 2160 habeat,

146 2156 263 2213 aive
310 2157 487 2230 ipsam
532 2166 749 2229 spectes
837 2176 897 2212 er
931 2176 1020 2227 se,
1074 2158 1190 2212 sive
1227 2158 1502 2212 miseriam
1539 2159 1702 2213 simul
1740 2179 1865 2234 cum

149 2229 217 2284 οὶ
265 2229 612 2284 coniunctam
650 2228 725 2298 ²⁸).
870 2229 963 2284 uic
1019 2248 1150 2297 vero
1203 2230 1514 2300 quaestioni
1551 2231 1861 2302 primariae,

146 2303 313 2376 quam'
348 2307 530 2370 vocat,
568 2300 879 2372 complures
911 2300 1047 2356 alias
1073 2300 1366 2370 adiunctas
1393 2320 1512 2356 esse
1544 2302 1860 2387 arbitratur,

147 2389 323 2443 quae,
376 2391 547 2444 quum
595 2370 666 2427 ad
715 2370 864 2428 illam
914 2371 1304 2428 absolvendam
1357 2372 1427 2426 ali
1472 2373 1565 2427 uid
1602 2383 1862 2429 momenti

148 2441 471 2511 habuerint,
522 2451 639 2498 tum
692 2445 857 2499 etiam
906 2463 1003 2517 per
1051 2463 1113 2499 se
1172 2444 1394 2499 Platoni
1433 2394 1649 2520 (ilignae
1711 2446 1862 2502 visae

149 2513 262 2567 sint
313 2513 566 2569 uberiore
611 2515 998 2587 explicatione.
1084 2515 1160 2569 Et
1218 2517 1362 2571 inter
1414 2516 1577 2572 huius
1641 2517 1862 2590 quidem

149 2586 364 2658 generis
401 2585 751 2657 quaestiones
788 2587 1092 2659 principem
1129 2588 1311 2643 locum
1349 2587 1703 2643 tribuendum
1741 2610 1863 2645 esse

148 2656 424 2712 existimat
494 2656 601 2726 illi,
653 2674 794 2728 quae
854 2658 1159 2714 instituitur
1220 2658 1289 2714 de
1351 2661 1558 2733 optima
1615 2661 1860 2731 civitate,

151 2726 597 2854 quandoquidem
645 2729 936 2784 universus
983 2730 1373 2803 disputationis
1412 2731 1548 2785 ordo
1589 2752 1652 2787 ac
1689 2733 1863 2788 veluti

151 2813 345 2855 cursus
416 2799 829 2855 uculentissime
878 2800 1154 2871 declaret,
1205 2810 1421 2875 praeter
1474 2803 1718 2859 iustitiae
1770 2815 1863 2859 ex-

150 2869 497 2943 plicationem
545 2871 831 2926 Platonem
890 2873 1026 2927 nihil
1075 2874 1261 2947 potius
1308 2883 1589 2946 spectasse
1649 2894 1714 2932 ac
1777 2894 1863 2931 se-

150 2946 378 3012 qpntum
425 2961 567 3011 esse,
657 2962 781 2998 uam
821 2954 884 2999 ut
924 2946 1204 3016 perfectae
1253 2946 1491 3001 civitatis
1531 2948 1767 3022 speciem
1808 2955 1864 3003 et

149 3012 437 3087 imaginem
470 3014 636 3069 adum
704 3026 849 3086 aret,
888 3018 1046 3072 cuius
1085 3017 1174 3072 hic
1222 3027 1369 3074 esset
1389 3019 1535 3088 finis,
1576 3028 1638 3074 ut
1660 3021 1863 3075 civium

151 3083 326 3140 virtus
372 3086 639 3155 aleretur,
695 3107 934 3159 veraque
984 3109 1081 3161 per
1133 3089 1272 3144 banc
1333 3092 1508 3164 ipsam
1574 3092 1864 3147 universae

151 3155 386 3212 civitatis
444 3158 680 3214 felicitas
745 3161 1097 3215 stabiliretur.
1193 3161 1311 3216 Iam
1361 3182 1492 3218 vero
1558 3163 1861 3237 disputatio

213 3342 257 3390 ⁶)
289 3340 403 3386 Sunt
435 3345 565 3389 verba
598 3348 735 3401 ipsius
768 3348 1221 3403 Morgensternii
1256 3364 1295 3403 p.
1327 3351 1385 3396 50
1418 3366 1479 3404 sq.
