<?xml version="1.0" encoding="UTF-8"?>
<!DOCTYPE html PUBLIC "-//W3C//DTD XHTML 1.0 Transitional//EN"
    "http://www.w3.org/TR/xhtml1/DTD/xhtml1-transitional.dtd">
<html xmlns="http://www.w3.org/1999/xhtml" xml:lang="en" lang="en">
 <head>
  <title>
</title>
<meta http-equiv="Content-Type" content="text/html;charset=utf-8" />
  <meta name='ocr-system' content='tesseract 3.04.00' />
  <meta name='ocr-capabilities' content='ocr_page ocr_carea ocr_par ocr_line ocrx_word'/>
</head>
<body>
  <div class='ocr_page' id='page_1' title='image "./operaomniarecens03platuoft_0078.png"; bbox 0 0 2106 3594; ppageno 0'>
   <div class='ocr_carea' id='block_1_1' title="bbox 279 140 512 196">
    <p class='ocr_par' dir='ltr' id='par_1_1' title="bbox 279 140 512 196">
     <span class='ocr_line' id='line_1_1' title="bbox 279 140 512 196; baseline -0.009 0"><span class='ocrx_word' id='word_1_1' title='bbox 279 140 512 196; x_wconf 86' lang='lat' dir='ltr'>LXXII</span> 
     </span>
    </p>
   </div>
   <div class='ocr_carea' id='block_1_2' title="bbox 279 277 1978 338">
    <p class='ocr_par' dir='ltr' id='par_1_2' title="bbox 279 277 1978 338">
     <span class='ocr_line' id='line_1_2' title="bbox 279 277 1978 338; baseline -0.001 -2"><span class='ocrx_word' id='word_1_2' title='bbox 279 301 467 338; x_wconf 89' lang='lat' dir='ltr'><strong>eorum</strong></span> <span class='ocrx_word' id='word_1_3' title='bbox 518 282 680 335; x_wconf 86' lang='lat' dir='ltr'><strong>etiam</strong></span> <span class='ocrx_word' id='word_1_4' title='bbox 733 279 905 332; x_wconf 83' lang='lat' dir='ltr'><strong>futuri</strong></span> <span class='ocrx_word' id='word_1_5' title='bbox 942 278 1180 333; x_wconf 83' lang='lat' dir='ltr'><strong>civitatis</strong></span> <span class='ocrx_word' id='word_1_6' title='bbox 1217 285 1459 332; x_wconf 87' lang='lat' dir='ltr'><strong>rectores</strong></span> <span class='ocrx_word' id='word_1_7' title='bbox 1498 277 1820 332; x_wconf 83' lang='lat' dir='ltr'>habeantur.</span> <span class='ocrx_word' id='word_1_8' title='bbox 1897 277 1978 334; x_wconf 89' lang='lat' dir='ltr'><strong>U·-</strong></span> 
     </span>
    </p>
   </div>
   <div class='ocr_carea' id='block_1_3' title="bbox 278 335 2106 423">
    <p class='ocr_par' dir='ltr' id='par_1_3' title="bbox 278 335 2106 423">
     <span class='ocr_line' id='line_1_3' title="bbox 278 335 2106 423; baseline -0.003 -15"><span class='ocrx_word' id='word_1_9' title='bbox 278 362 530 423; x_wconf 89' lang='lat' dir='ltr'><strong>trumque</strong></span> <span class='ocrx_word' id='word_1_10' title='bbox 567 351 741 422; x_wconf 87' lang='lat' dir='ltr'><strong>igitur</strong></span> <span class='ocrx_word' id='word_1_11' title='bbox 785 358 1166 420; x_wconf 83' lang='lat' dir='ltr'><strong>argumentum</strong></span> <span class='ocrx_word' id='word_1_12' title='bbox 1215 349 1344 404; x_wconf 88' lang='lat' dir='ltr'><strong>inde</strong></span> <span class='ocrx_word' id='word_1_13' title='bbox 1395 350 1462 403; x_wconf 90' lang='lat' dir='ltr'><strong>ab</strong></span> <span class='ocrx_word' id='word_1_14' title='bbox 1525 350 1692 402; x_wconf 88' lang='lat' dir='ltr'><strong>initi</strong></span> <span class='ocrx_word' id='word_1_15' title='bbox 1712 370 1755 402; x_wconf 73' lang='grc' dir='ltr'><strong>οΔ</strong></span> <span class='ocrx_word' id='word_1_16' title='bbox 1801 350 1901 403; x_wconf 86' lang='lat' dir='ltr'><strong>lib</strong></span> <span class='ocrx_word' id='word_1_17' title='bbox 1921 351 1980 402; x_wconf 91' lang='lat' dir='ltr'><strong>ri</strong></span> <span class='ocrx_word' id='word_1_18' title='bbox 2006 368 2020 373; x_wconf 90' lang='lat'><em>·</em></span> <span class='ocrx_word' id='word_1_19' title='bbox 2100 335 2106 393; x_wconf 56' lang='lat' dir='ltr'>J</span> 
     </span>
    </p>
   </div>
   <div class='ocr_carea' id='block_1_4' title="bbox 276 422 2003 3428">
    <p class='ocr_par' dir='ltr' id='par_1_4' title="bbox 276 422 2003 3428">
     <span class='ocr_line' id='line_1_4' title="bbox 280 422 1981 495; baseline -0.002 -17"><span class='ocrx_word' id='word_1_20' title='bbox 280 424 513 495; x_wconf 91' lang='lat' dir='ltr'><strong>quinti</strong></span> <span class='ocrx_word' id='word_1_21' title='bbox 585 423 707 475; x_wconf 91' lang='lat' dir='ltr'><strong>loco</strong></span> <span class='ocrx_word' id='word_1_22' title='bbox 789 422 1250 493; x_wconf 87' lang='lat' dir='ltr'><strong>opportunissimo</strong></span> <span class='ocrx_word' id='word_1_23' title='bbox 1325 428 1717 495; x_wconf 84' lang='lat' dir='ltr'><strong>pertractatur3</strong></span> <span class='ocrx_word' id='word_1_24' title='bbox 1801 440 1981 491; x_wconf 90' lang='lat' dir='ltr'><strong>neque</strong></span> 
     </span>
     <span class='ocr_line' id='line_1_5' title="bbox 278 492 1981 562; baseline -0.002 -12"><span class='ocrx_word' id='word_1_25' title='bbox 278 496 423 550; x_wconf 85' lang='lat' dir='ltr'><strong>enim</strong></span> <span class='ocrx_word' id='word_1_26' title='bbox 490 501 652 547; x_wconf 89' lang='lat' dir='ltr'><strong>antea</strong></span> <span class='ocrx_word' id='word_1_27' title='bbox 713 492 1052 548; x_wconf 76' lang='lat' dir='ltr'><strong>commodius</strong></span> <span class='ocrx_word' id='word_1_28' title='bbox 1114 494 1379 548; x_wconf 89' lang='lat' dir='ltr'><strong>illustrari</strong></span> <span class='ocrx_word' id='word_1_29' title='bbox 1426 501 1699 562; x_wconf 87' lang='lat' dir='ltr'><strong>potuerat.</strong></span> <span class='ocrx_word' id='word_1_30' title='bbox 1783 492 1981 561; x_wconf 86' lang='lat' dir='ltr'><strong>Itaque</strong></span> 
     </span>
     <span class='ocr_line' id='line_1_6' title="bbox 278 563 1983 650; baseline -0.002 -30"><span class='ocrx_word' id='word_1_31' title='bbox 278 568 533 650; x_wconf 24' lang='lat' dir='ltr'><strong>primum*</strong></span> <span class='ocrx_word' id='word_1_32' title='bbox 552 563 774 634; x_wconf 88' lang='lat' dir='ltr'><strong>quidem</strong></span> <span class='ocrx_word' id='word_1_33' title='bbox 812 563 1072 619; x_wconf 82' lang='lat' dir='ltr'><strong>Socrates</strong></span> <span class='ocrx_word' id='word_1_34' title='bbox 1109 584 1143 618; x_wconf 90' lang='lat' dir='ltr'><strong>a</strong></span> <span class='ocrx_word' id='word_1_35' title='bbox 1189 564 1478 618; x_wconf 80' lang='lat' dir='ltr'><strong>Glaucone</strong></span> <span class='ocrx_word' id='word_1_36' title='bbox 1517 565 1983 618; x_wconf 81' lang='lat' dir='ltr'><strong>commonefactus</strong></span> 
     </span>
     <span class='ocr_line' id='line_1_7' title="bbox 277 634 1983 705; baseline -0.002 -13"><span class='ocrx_word' id='word_1_37' title='bbox 277 639 531 692; x_wconf 87' lang='lat' dir='ltr'><strong>mstituta</strong></span> <span class='ocrx_word' id='word_1_38' title='bbox 579 636 759 695; x_wconf 84' lang='lat' dir='ltr'><strong>sancit</strong></span> <span class='ocrx_word' id='word_1_39' title='bbox 803 634 874 688; x_wconf 90' lang='lat' dir='ltr'><strong>ad</strong></span> <span class='ocrx_word' id='word_1_40' title='bbox 922 636 1266 691; x_wconf 85' lang='lat' dir='ltr'><strong>efficiendam</strong></span> <span class='ocrx_word' id='word_1_41' title='bbox 1302 635 1742 705; x_wconf 88' lang='lat' dir='ltr'><strong>firmandamque</strong></span> <span class='ocrx_word' id='word_1_42' title='bbox 1782 636 1983 689; x_wconf 82' lang='lat' dir='ltr'><strong>civium</strong></span> 
     </span>
     <span class='ocr_line' id='line_1_8' title="bbox 281 706 1985 778; baseline -0.002 -15"><span class='ocrx_word' id='word_1_43' title='bbox 281 708 635 763; x_wconf 82' lang='lat' dir='ltr'><strong>concordiam</strong></span> <span class='ocrx_word' id='word_1_44' title='bbox 685 707 1176 778; x_wconf 85' lang='lat' dir='ltr'><strong>stabiliendamque</strong></span> <span class='ocrx_word' id='word_1_45' title='bbox 1229 706 1564 778; x_wconf 88' lang='lat' dir='ltr'><strong>reipublicae</strong></span> <span class='ocrx_word' id='word_1_46' title='bbox 1611 708 1842 761; x_wconf 88' lang='lat' dir='ltr'><strong>salutem</strong></span> <span class='ocrx_word' id='word_1_47' title='bbox 1889 726 1985 760; x_wconf 87' lang='lat' dir='ltr'><strong>ne·</strong></span> 
     </span>
     <span class='ocr_line' id='line_1_9' title="bbox 279 777 1985 852; baseline -0.002 -17"><span class='ocrx_word' id='word_1_48' title='bbox 279 781 539 836; x_wconf 85' lang='lat' dir='ltr'><strong>cessaria.</strong></span> <span class='ocrx_word' id='word_1_49' title='bbox 615 777 894 848; x_wconf 77' lang='lat' dir='ltr'><strong>Quocirca</strong></span> <span class='ocrx_word' id='word_1_50' title='bbox 942 780 1236 852; x_wconf 77' lang='lat' dir='ltr'><strong>exponitur</strong></span> <span class='ocrx_word' id='word_1_51' title='bbox 1285 779 1545 848; x_wconf 85' lang='lat' dir='ltr'><strong>deinceps</strong></span> <span class='ocrx_word' id='word_1_52' title='bbox 1596 777 1664 831; x_wconf 90' lang='lat' dir='ltr'><strong>de</strong></span> <span class='ocrx_word' id='word_1_53' title='bbox 1705 778 1985 832; x_wconf 87' lang='lat' dir='ltr'><strong>educatio-</strong></span> 
     </span>
     <span class='ocr_line' id='line_1_10' title="bbox 279 850 1986 922; baseline -0.004 -15"><span class='ocrx_word' id='word_1_54' title='bbox 279 853 365 907; x_wconf 91' lang='lat' dir='ltr'><strong>nis</strong></span> <span class='ocrx_word' id='word_1_55' title='bbox 417 860 472 906; x_wconf 90' lang='lat' dir='ltr'><strong>et</strong></span> <span class='ocrx_word' id='word_1_56' title='bbox 519 851 868 922; x_wconf 87' lang='lat' dir='ltr'><strong>negotiorum</strong></span> <span class='ocrx_word' id='word_1_57' title='bbox 913 851 1218 906; x_wconf 86' lang='lat' dir='ltr'><strong>rationibus</strong></span> <span class='ocrx_word' id='word_1_58' title='bbox 1256 850 1399 903; x_wconf 89' lang='lat' dir='ltr'><strong>inter</strong></span> <span class='ocrx_word' id='word_1_59' title='bbox 1436 850 1664 903; x_wconf 85' lang='lat' dir='ltr'><strong>feminas</strong></span> <span class='ocrx_word' id='word_1_60' title='bbox 1701 857 1867 918; x_wconf 86' lang='lat' dir='ltr'><strong>atque</strong></span> <span class='ocrx_word' id='word_1_61' title='bbox 1906 850 1986 902; x_wconf 87' lang='lat' dir='ltr'><strong>vi·—</strong></span> 
     </span>
     <span class='ocr_line' id='line_1_11' title="bbox 277 919 1988 994; baseline -0.002 -17"><span class='ocrx_word' id='word_1_62' title='bbox 277 943 368 978; x_wconf 91' lang='lat' dir='ltr'><strong>ros</strong></span> <span class='ocrx_word' id='word_1_63' title='bbox 408 923 711 994; x_wconf 85' lang='lat' dir='ltr'><strong>aequaliter</strong></span> <span class='ocrx_word' id='word_1_64' title='bbox 745 922 1097 976; x_wconf 69' lang='lat' dir='ltr'><strong>instituendis</strong></span> <span class='ocrx_word' id='word_1_65' title='bbox 1137 919 1312 993; x_wconf 86' lang='lat' dir='ltr'><strong>deque</strong></span> <span class='ocrx_word' id='word_1_66' title='bbox 1347 921 1731 993; x_wconf 83' lang='lat' dir='ltr'><strong>coniugiorum</strong></span> <span class='ocrx_word' id='word_1_67' title='bbox 1761 928 1816 974; x_wconf 85' lang='lat' dir='ltr'><strong>et</strong></span> <span class='ocrx_word' id='word_1_68' title='bbox 1850 920 1988 974; x_wconf 87' lang='lat' dir='ltr'><strong>libe-</strong></span> 
     </span>
     <span class='ocr_line' id='line_1_12' title="bbox 276 992 1985 1063; baseline -0.003 -14"><span class='ocrx_word' id='word_1_69' title='bbox 276 1016 461 1050; x_wconf 87' lang='lat' dir='ltr'><strong>rorum</strong></span> <span class='ocrx_word' id='word_1_70' title='bbox 499 994 878 1050; x_wconf 91' lang='lat' dir='ltr'><strong>communione</strong></span> <span class='ocrx_word' id='word_1_71' title='bbox 917 993 1322 1054; x_wconf 86' lang='lat' dir='ltr'><strong>introducenda</strong></span> <span class='ocrx_word' id='word_1_72' title='bbox 1359 993 1442 1063; x_wconf 87' lang='lat' dir='ltr'><strong>(p.</strong></span> <span class='ocrx_word' id='word_1_73' title='bbox 1477 994 1601 1046; x_wconf 85' lang='lat'>449.</span> <span class='ocrx_word' id='word_1_74' title='bbox 1627 995 1841 1046; x_wconf 83' lang='lat'><strong>——46(3.</strong></span> <span class='ocrx_word' id='word_1_75' title='bbox 1865 992 1985 1060; x_wconf 84' lang='lat' dir='ltr'><strong>D.)‚</strong></span> 
     </span>
     <span class='ocr_line' id='line_1_13' title="bbox 280 1063 1988 1138; baseline -0.001 -18"><span class='ocrx_word' id='word_1_76' title='bbox 280 1067 481 1138; x_wconf 87' lang='lat' dir='ltr'><strong>quibus</strong></span> <span class='ocrx_word' id='word_1_77' title='bbox 520 1066 876 1138; x_wconf 89' lang='lat' dir='ltr'><strong>subiungitur</strong></span> <span class='ocrx_word' id='word_1_78' title='bbox 914 1066 1098 1120; x_wconf 87' lang='lat' dir='ltr'><strong>brevis</strong></span> <span class='ocrx_word' id='word_1_79' title='bbox 1148 1065 1215 1125; x_wconf 87' lang='lat' dir='ltr'><strong>de</strong></span> <span class='ocrx_word' id='word_1_80' title='bbox 1251 1084 1313 1118; x_wconf 88' lang='lat' dir='ltr'><strong>re</strong></span> <span class='ocrx_word' id='word_1_81' title='bbox 1350 1064 1568 1116; x_wconf 89' lang='lat' dir='ltr'><strong>militari</strong></span> <span class='ocrx_word' id='word_1_82' title='bbox 1607 1063 1786 1134; x_wconf 83' lang='lat' dir='ltr'><strong>deque</strong></span> <span class='ocrx_word' id='word_1_83' title='bbox 1821 1064 1988 1118; x_wconf 87' lang='lat' dir='ltr'><strong>variis</strong></span> 
     </span>
     <span class='ocr_line' id='line_1_14' title="bbox 278 1134 1987 1212; baseline -0.002 -19"><span class='ocrx_word' id='word_1_84' title='bbox 278 1139 407 1193; x_wconf 87' lang='lat' dir='ltr'><strong>belli</strong></span> <span class='ocrx_word' id='word_1_85' title='bbox 444 1138 735 1212; x_wconf 83' lang='lat' dir='ltr'><strong>generibus</strong></span> <span class='ocrx_word' id='word_1_86' title='bbox 777 1136 1080 1210; x_wconf 87' lang='lat' dir='ltr'><strong>disputatio</strong></span> <span class='ocrx_word' id='word_1_87' title='bbox 1121 1139 1201 1209; x_wconf 83' lang='lat' dir='ltr'><strong>(p.</strong></span> <span class='ocrx_word' id='word_1_88' title='bbox 1241 1138 1368 1190; x_wconf 85' lang='lat'><strong>466.</strong></span> <span class='ocrx_word' id='word_1_89' title='bbox 1410 1136 1481 1188; x_wconf 93' lang='lat' dir='ltr'><strong>D.</strong></span> <span class='ocrx_word' id='word_1_90' title='bbox 1504 1167 1574 1175; x_wconf 90' lang='lat'><strong>——-</strong></span> <span class='ocrx_word' id='word_1_91' title='bbox 1609 1138 1733 1197; x_wconf 81' lang='lat'>471.</span> <span class='ocrx_word' id='word_1_92' title='bbox 1771 1134 1883 1205; x_wconf 66' lang='lat' dir='ltr'><strong>Q).</strong></span> <span class='ocrx_word' id='word_1_93' title='bbox 1917 1167 1987 1177; x_wconf 89' lang='lat'><strong>--</strong></span> 
     </span>
     <span class='ocr_line' id='line_1_15' title="bbox 276 1207 1991 1281; baseline -0.003 -15"><span class='ocrx_word' id='word_1_94' title='bbox 276 1211 384 1266; x_wconf 88' lang='lat' dir='ltr'><strong>His</strong></span> <span class='ocrx_word' id='word_1_95' title='bbox 421 1210 673 1265; x_wconf 85' lang='lat' dir='ltr'><strong>omnibus</strong></span> <span class='ocrx_word' id='word_1_96' title='bbox 711 1217 892 1263; x_wconf 83' lang='lat' dir='ltr'><strong>autem</strong></span> <span class='ocrx_word' id='word_1_97' title='bbox 930 1210 1218 1281; x_wconf 71' lang='lat' dir='ltr'><strong>explicatis</strong></span> <span class='ocrx_word' id='word_1_98' title='bbox 1265 1207 1531 1262; x_wconf 84' lang='lat' dir='ltr'><strong>transitur</strong></span> <span class='ocrx_word' id='word_1_99' title='bbox 1567 1207 1788 1260; x_wconf 88' lang='lat' dir='ltr'><strong>tandem</strong></span> <span class='ocrx_word' id='word_1_100' title='bbox 1825 1207 1991 1260; x_wconf 83' lang='lat' dir='ltr'><strong>etiam</strong></span> 
     </span>
     <span class='ocr_line' id='line_1_16' title="bbox 279 1278 1989 1354; baseline -0.003 -18"><span class='ocrx_word' id='word_1_101' title='bbox 279 1282 363 1336; x_wconf 88' lang='lat' dir='ltr'><strong>ad</strong></span> <span class='ocrx_word' id='word_1_102' title='bbox 402 1281 915 1354; x_wconf 87' lang='lat' dir='ltr'><strong>philosophiae</strong></span> <span class='ocrx_word' id='word_1_103' title='bbox 953 1281 1306 1338; x_wconf 86' lang='lat' dir='ltr'><strong>rationem</strong></span> <span class='ocrx_word' id='word_1_104' title='bbox 1356 1298 1430 1337; x_wconf 81' lang='lat' dir='ltr'><strong>ac</strong></span> <span class='ocrx_word' id='word_1_105' title='bbox 1483 1278 1989 1350; x_wconf 80' lang='lat' dir='ltr'><strong>disciplinam,</strong></span> 
     </span>
     <span class='ocr_line' id='line_1_17' title="bbox 280 1350 1991 1424; baseline -0.003 -16"><span class='ocrx_word' id='word_1_106' title='bbox 280 1373 412 1424; x_wconf 89' lang='lat' dir='ltr'><strong>qua</strong></span> <span class='ocrx_word' id='word_1_107' title='bbox 451 1353 789 1408; x_wconf 84' lang='lat' dir='ltr'><strong>civ-itatis</strong></span> <span class='ocrx_word' id='word_1_108' title='bbox 826 1352 1198 1424; x_wconf 87' lang='lat' dir='ltr'><strong>principes</strong></span> <span class='ocrx_word' id='word_1_109' title='bbox 1239 1359 1305 1406; x_wconf 87' lang='lat' dir='ltr'><strong>et</strong></span> <span class='ocrx_word' id='word_1_110' title='bbox 1341 1351 1808 1422; x_wconf 84' lang='lat' dir='ltr'><strong>magistratus</strong></span> <span class='ocrx_word' id='word_1_111' title='bbox 1844 1350 1991 1404; x_wconf 90' lang='lat' dir='ltr'><strong>for-</strong></span> 
     </span>
     <span class='ocr_line' id='line_1_18' title="bbox 278 1421 1994 1495; baseline -0.003 -15"><span class='ocrx_word' id='word_1_112' title='bbox 278 1424 515 1480; x_wconf 82' lang='lat' dir='ltr'><strong>mandi</strong></span> <span class='ocrx_word' id='word_1_113' title='bbox 562 1425 720 1479; x_wconf 85' lang='lat' dir='ltr'><strong>sint.</strong></span> <span class='ocrx_word' id='word_1_114' title='bbox 795 1423 1176 1495; x_wconf 84' lang='lat' dir='ltr'><strong>Interrogatus</strong></span> <span class='ocrx_word' id='word_1_115' title='bbox 1212 1424 1356 1476; x_wconf 89' lang='lat' dir='ltr'><strong>enim</strong></span> <span class='ocrx_word' id='word_1_116' title='bbox 1394 1421 1676 1490; x_wconf 75' lang='lat' dir='ltr'><strong>Socrates,</strong></span> <span class='ocrx_word' id='word_1_117' title='bbox 1712 1442 1844 1476; x_wconf 89' lang='lat' dir='ltr'><strong>num</strong></span> <span class='ocrx_word' id='word_1_118' title='bbox 1882 1440 1994 1491; x_wconf 88' lang='lat' dir='ltr'><strong>qua</strong></span> 
     </span>
     <span class='ocr_line' id='line_1_19' title="bbox 278 1493 1988 1568; baseline -0.002 -18"><span class='ocrx_word' id='word_1_119' title='bbox 278 1497 399 1551; x_wconf 87' lang='lat' dir='ltr'><strong>fieri</strong></span> <span class='ocrx_word' id='word_1_120' title='bbox 435 1515 603 1568; x_wconf 82' lang='lat' dir='ltr'><strong>posse</strong></span> <span class='ocrx_word' id='word_1_121' title='bbox 639 1503 815 1567; x_wconf 83' lang='lat' dir='ltr'><strong>putet,</strong></span> <span class='ocrx_word' id='word_1_122' title='bbox 854 1503 918 1549; x_wconf 91' lang='lat' dir='ltr'><strong>ut</strong></span> <span class='ocrx_word' id='word_1_123' title='bbox 953 1496 1084 1550; x_wconf 85' lang='lat' dir='ltr'><strong>talis</strong></span> <span class='ocrx_word' id='word_1_124' title='bbox 1114 1495 1338 1563; x_wconf 85' lang='lat' dir='ltr'><strong>civitas,</strong></span> <span class='ocrx_word' id='word_1_125' title='bbox 1389 1494 1605 1562; x_wconf 88' lang='lat' dir='ltr'><strong>qualem</strong></span> <span class='ocrx_word' id='word_1_126' title='bbox 1643 1493 1988 1550; x_wconf 86' lang='lat' dir='ltr'><strong>deformave-</strong></span> 
     </span>
     <span class='ocr_line' id='line_1_20' title="bbox 277 1563 1992 1638; baseline -0.002 -16"><span class='ocrx_word' id='word_1_127' title='bbox 277 1570 378 1638; x_wconf 83' lang='lat' dir='ltr'><strong>rit,</strong></span> <span class='ocrx_word' id='word_1_128' title='bbox 424 1569 569 1622; x_wconf 86' lang='lat' dir='ltr'><strong>inter</strong></span> <span class='ocrx_word' id='word_1_129' title='bbox 618 1567 866 1622; x_wconf 88' lang='lat' dir='ltr'><strong>homines</strong></span> <span class='ocrx_word' id='word_1_130' title='bbox 913 1586 1106 1621; x_wconf 86' lang='lat' dir='ltr'><strong>revera</strong></span> <span class='ocrx_word' id='word_1_131' title='bbox 1141 1566 1540 1633; x_wconf 72' lang='lat' dir='ltr'><strong>constituatur,</strong></span> <span class='ocrx_word' id='word_1_132' title='bbox 1596 1583 1847 1619; x_wconf 80' lang='lat' dir='ltr'><strong>caussam</strong></span> <span class='ocrx_word' id='word_1_133' title='bbox 1886 1563 1992 1618; x_wconf 75' lang='lat' dir='ltr'><strong>dif-</strong></span> 
     </span>
     <span class='ocr_line' id='line_1_21' title="bbox 278 1636 1991 1709; baseline -0.003 -16"><span class='ocrx_word' id='word_1_134' title='bbox 278 1640 616 1709; x_wconf 83' lang='lat' dir='ltr'><strong>ficultatum,</strong></span> <span class='ocrx_word' id='word_1_135' title='bbox 657 1657 798 1709; x_wconf 90' lang='lat' dir='ltr'><strong>quae</strong></span> <span class='ocrx_word' id='word_1_136' title='bbox 839 1638 969 1692; x_wconf 89' lang='lat' dir='ltr'><strong>huic</strong></span> <span class='ocrx_word' id='word_1_137' title='bbox 1008 1638 1240 1692; x_wconf 88' lang='lat' dir='ltr'><strong>consilio</strong></span> <span class='ocrx_word' id='word_1_138' title='bbox 1281 1636 1642 1705; x_wconf 83' lang='lat' dir='ltr'><strong>obiiciantur,</strong></span> <span class='ocrx_word' id='word_1_139' title='bbox 1695 1656 1764 1692; x_wconf 76' lang='lat' dir='ltr'><strong>ex,</strong></span> <span class='ocrx_word' id='word_1_140' title='bbox 1803 1655 1877 1689; x_wconf 87' lang='lat' dir='ltr'><strong>eo</strong></span> <span class='ocrx_word' id='word_1_141' title='bbox 1906 1656 1991 1689; x_wconf 88' lang='lat' dir='ltr'><strong>re·-</strong></span> 
     </span>
     <span class='ocr_line' id='line_1_22' title="bbox 279 1707 1992 1785; baseline -0.004 -19"><span class='ocrx_word' id='word_1_142' title='bbox 279 1713 449 1784; x_wconf 82' lang='lat' dir='ltr'><strong>petit,</strong></span> <span class='ocrx_word' id='word_1_143' title='bbox 507 1710 657 1782; x_wconf 91' lang='lat' dir='ltr'><strong>quod</strong></span> <span class='ocrx_word' id='word_1_144' title='bbox 708 1711 878 1783; x_wconf 88' lang='lat' dir='ltr'><strong>vulgo</strong></span> <span class='ocrx_word' id='word_1_145' title='bbox 931 1709 1281 1785; x_wconf 83' lang='lat' dir='ltr'><strong>philosophia</strong></span> <span class='ocrx_word' id='word_1_146' title='bbox 1319 1727 1352 1761; x_wconf 85' lang='lat' dir='ltr'><strong>a</strong></span> <span class='ocrx_word' id='word_1_147' title='bbox 1388 1708 1722 1779; x_wconf 83' lang='lat' dir='ltr'><strong>reipublicae</strong></span> <span class='ocrx_word' id='word_1_148' title='bbox 1759 1707 1992 1761; x_wconf 84' lang='lat' dir='ltr'><strong>admini-</strong></span> 
     </span>
     <span class='ocr_line' id='line_1_23' title="bbox 279 1779 1993 1854; baseline -0.004 -16"><span class='ocrx_word' id='word_1_149' title='bbox 279 1783 538 1838; x_wconf 89' lang='lat' dir='ltr'><strong>strandae</strong></span> <span class='ocrx_word' id='word_1_150' title='bbox 609 1782 823 1836; x_wconf 86' lang='lat' dir='ltr'><strong>ratione</strong></span> <span class='ocrx_word' id='word_1_151' title='bbox 886 1785 1237 1854; x_wconf 76' lang='lat' dir='ltr'><strong>sejungatur:</strong></span> <span class='ocrx_word' id='word_1_152' title='bbox 1296 1799 1477 1849; x_wconf 89' lang='lat' dir='ltr'><strong>neque</strong></span> <span class='ocrx_word' id='word_1_153' title='bbox 1536 1780 1680 1832; x_wconf 87' lang='lat' dir='ltr'><strong>enim</strong></span> <span class='ocrx_word' id='word_1_154' title='bbox 1739 1779 1993 1833; x_wconf 85' lang='lat' dir='ltr'><strong>civitates</strong></span> 
     </span>
     <span class='ocr_line' id='line_1_24' title="bbox 278 1851 1995 1929; baseline -0.003 -20"><span class='ocrx_word' id='word_1_155' title='bbox 278 1855 433 1929; x_wconf 86' lang='lat' dir='ltr'><strong>prius</strong></span> <span class='ocrx_word' id='word_1_156' title='bbox 472 1856 586 1908; x_wconf 90' lang='lat' dir='ltr'><strong>fore</strong></span> <span class='ocrx_word' id='word_1_157' title='bbox 632 1854 856 1923; x_wconf 87' lang='lat' dir='ltr'><strong>beatas,</strong></span> <span class='ocrx_word' id='word_1_158' title='bbox 906 1872 1071 1923; x_wconf 88' lang='lat' dir='ltr'><strong>quam</strong></span> <span class='ocrx_word' id='word_1_159' title='bbox 1120 1861 1219 1906; x_wconf 84' lang='lat' dir='ltr'><strong>aut</strong></span> <span class='ocrx_word' id='word_1_160' title='bbox 1274 1851 1591 1922; x_wconf 86' lang='lat' dir='ltr'><strong>philosophi</strong></span> <span class='ocrx_word' id='word_1_161' title='bbox 1629 1858 1862 1922; x_wconf 82' lang='lat' dir='ltr'><strong>regnent</strong></span> <span class='ocrx_word' id='word_1_162' title='bbox 1899 1859 1995 1904; x_wconf 82' lang='lat' dir='ltr'><strong>aut</strong></span> 
     </span>
     <span class='ocr_line' id='line_1_25' title="bbox 278 1922 1992 2000; baseline -0.004 -20"><span class='ocrx_word' id='word_1_163' title='bbox 278 1946 437 1999; x_wconf 87' lang='lat' dir='ltr'><strong>reges</strong></span> <span class='ocrx_word' id='word_1_164' title='bbox 474 1925 948 2000; x_wconf 82' lang='lat' dir='ltr'><strong>philosophentur.</strong></span> <span class='ocrx_word' id='word_1_165' title='bbox 1024 1923 1194 1992; x_wconf 76' lang='lat' dir='ltr'><strong>Quod</strong></span> <span class='ocrx_word' id='word_1_166' title='bbox 1231 1943 1340 1993; x_wconf 91' lang='lat' dir='ltr'><strong>quo</strong></span> <span class='ocrx_word' id='word_1_167' title='bbox 1379 1923 1578 1977; x_wconf 87' lang='lat' dir='ltr'><strong>clarius</strong></span> <span class='ocrx_word' id='word_1_168' title='bbox 1633 1922 1992 1994; x_wconf 77' lang='lat' dir='ltr'><strong>intelligatur,</strong></span> 
     </span>
     <span class='ocr_line' id='line_1_26' title="bbox 281 1995 1994 2070; baseline -0.004 -18"><span class='ocrx_word' id='word_1_169' title='bbox 281 1998 480 2052; x_wconf 87' lang='lat' dir='ltr'><strong>deinde</strong></span> <span class='ocrx_word' id='word_1_170' title='bbox 544 1997 888 2070; x_wconf 85' lang='lat' dir='ltr'><strong>philosophis</strong></span> <span class='ocrx_word' id='word_1_171' title='bbox 953 1997 1088 2068; x_wconf 92' lang='lat' dir='ltr'><strong>quid</strong></span> <span class='ocrx_word' id='word_1_172' title='bbox 1152 1995 1352 2049; x_wconf 87' lang='lat' dir='ltr'><strong>debeat</strong></span> <span class='ocrx_word' id='word_1_173' title='bbox 1428 2013 1551 2048; x_wconf 88' lang='lat' dir='ltr'><strong>esse</strong></span> <span class='ocrx_word' id='word_1_174' title='bbox 1629 1995 1994 2066; x_wconf 84' lang='lat' dir='ltr'><strong>propositum,</strong></span> 
     </span>
     <span class='ocr_line' id='line_1_27' title="bbox 281 2066 1994 2141; baseline -0.005 -16"><span class='ocrx_word' id='word_1_175' title='bbox 281 2071 434 2125; x_wconf 85' lang='lat' dir='ltr'><strong>Libr.</strong></span> <span class='ocrx_word' id='word_1_176' title='bbox 486 2070 557 2124; x_wconf 93' lang='lat' dir='ltr'><strong>V.</strong></span> <span class='ocrx_word' id='word_1_177' title='bbox 610 2091 664 2141; x_wconf 85' lang='lat' dir='ltr'><strong>p.</strong></span> <span class='ocrx_word' id='word_1_178' title='bbox 711 2070 836 2126; x_wconf 86' lang='lat'>471.</span> <span class='ocrx_word' id='word_1_179' title='bbox 893 2066 955 2122; x_wconf 90' lang='lat' dir='ltr'><strong>C.</strong></span> <span class='ocrx_word' id='word_1_180' title='bbox 998 2100 1064 2107; x_wconf 88' lang='lat'>—</span> <span class='ocrx_word' id='word_1_181' title='bbox 1103 2070 1228 2121; x_wconf 85' lang='lat'><strong>480.</strong></span> <span class='ocrx_word' id='word_1_182' title='bbox 1265 2068 1334 2120; x_wconf 89' lang='lat' dir='ltr'><strong>A.</strong></span> <span class='ocrx_word' id='word_1_183' title='bbox 1379 2066 1635 2120; x_wconf 85' lang='lat' dir='ltr'><strong>subtilius</strong></span> <span class='ocrx_word' id='word_1_184' title='bbox 1673 2066 1994 2137; x_wconf 85' lang='lat' dir='ltr'><strong>explicatur.</strong></span> 
     </span>
     <span class='ocr_line' id='line_1_28' title="bbox 279 2132 1999 2213; baseline -0.003 -17"><span class='ocrx_word' id='word_1_185' title='bbox 279 2143 534 2196; x_wconf 83' lang='lat' dir='ltr'><strong>Docetur</strong></span> <span class='ocrx_word' id='word_1_186' title='bbox 584 2143 726 2201; x_wconf 85' lang='lat' dir='ltr'><strong>enim</strong></span> <span class='ocrx_word' id='word_1_187' title='bbox 775 2140 1088 2213; x_wconf 81' lang='lat' dir='ltr'><strong>philosophi</strong></span> <span class='ocrx_word' id='word_1_188' title='bbox 1143 2158 1263 2193; x_wconf 88' lang='lat' dir='ltr'><strong>esse</strong></span> <span class='ocrx_word' id='word_1_189' title='bbox 1316 2139 1494 2207; x_wconf 85' lang='lat' dir='ltr'><strong>ipsam</strong></span> <span class='ocrx_word' id='word_1_190' title='bbox 1532 2132 1715 2190; x_wconf 71' lang='lat' dir='ltr'><strong>rei-&#39;um</strong></span> <span class='ocrx_word' id='word_1_191' title='bbox 1750 2138 1860 2191; x_wconf 84' lang='lat' dir='ltr'><strong>vim</strong></span> <span class='ocrx_word' id='word_1_192' title='bbox 1899 2156 1999 2208; x_wconf 85' lang='lat' dir='ltr'><strong>per</strong></span> 
     </span>
     <span class='ocr_line' id='line_1_29' title="bbox 282 2208 1996 2283; baseline -0.004 -15"><span class='ocrx_word' id='word_1_193' title='bbox 282 2233 342 2268; x_wconf 91' lang='lat' dir='ltr'><strong>se</strong></span> <span class='ocrx_word' id='word_1_194' title='bbox 381 2221 723 2268; x_wconf 86' lang='lat' dir='ltr'><strong>constantem</strong></span> <span class='ocrx_word' id='word_1_195' title='bbox 764 2212 869 2283; x_wconf 76' lang='grc' dir='ltr'><strong>(τά</strong></span> <span class='ocrx_word' id='word_1_196' title='bbox 908 2211 1084 2274; x_wconf 74' lang='grc' dir='ltr'><em>ὄντως</em></span> <span class='ocrx_word' id='word_1_197' title='bbox 1121 2209 1300 2279; x_wconf 82' lang='grc' dir='ltr'>ὄντα)</span> <span class='ocrx_word' id='word_1_198' title='bbox 1339 2208 1701 2279; x_wconf 87' lang='lat' dir='ltr'><strong>contemplari</strong></span> <span class='ocrx_word' id='word_1_199' title='bbox 1754 2209 1996 2278; x_wconf 82' lang='lat' dir='ltr'><strong>indeque</strong></span> 
     </span>
     <span class='ocr_line' id='line_1_30' title="bbox 281 2281 1998 2354; baseline -0.004 -15"><span class='ocrx_word' id='word_1_200' title='bbox 281 2285 658 2350; x_wconf 72' lang='lat' dir='ltr'><strong>scientiam</strong></span> <span class='ocrx_word' id='word_1_201' title='bbox 697 2281 1056 2354; x_wconf 75' lang='grc' dir='ltr'>(ἐπιστήμην)</span> <span class='ocrx_word' id='word_1_202' title='bbox 1094 2283 1342 2350; x_wconf 86' lang='lat' dir='ltr'><strong>haurire,</strong></span> <span class='ocrx_word' id='word_1_203' title='bbox 1392 2300 1571 2350; x_wconf 88' lang='lat' dir='ltr'><strong>neque</strong></span> <span class='ocrx_word' id='word_1_204' title='bbox 1597 2281 1653 2333; x_wconf 92' lang='lat' dir='ltr'><strong>in</strong></span> <span class='ocrx_word' id='word_1_205' title='bbox 1679 2281 1998 2350; x_wconf 81' lang='lat' dir='ltr'><strong>opinionum</strong></span> 
     </span>
     <span class='ocr_line' id='line_1_31' title="bbox 280 2352 1998 2424; baseline -0.002 -14"><span class='ocrx_word' id='word_1_206' title='bbox 280 2357 504 2411; x_wconf 85' lang='lat' dir='ltr'><strong>levitate</strong></span> <span class='ocrx_word' id='word_1_207' title='bbox 559 2357 878 2410; x_wconf 86' lang='lat' dir='ltr'><strong>subsistere.</strong></span> <span class='ocrx_word' id='word_1_208' title='bbox 969 2354 1188 2423; x_wconf 77' lang='lat' dir='ltr'><strong>Quibus</strong></span> <span class='ocrx_word' id='word_1_209' title='bbox 1235 2355 1314 2406; x_wconf 87' lang='lat' dir='ltr'><strong>ita</strong></span> <span class='ocrx_word' id='word_1_210' title='bbox 1376 2352 1670 2424; x_wconf 86' lang='lat' dir='ltr'><strong>disputatis</strong></span> <span class='ocrx_word' id='word_1_211' title='bbox 1729 2352 1897 2404; x_wconf 75' lang='lat' dir='ltr'><strong>inde·</strong></span> <span class='ocrx_word' id='word_1_212' title='bbox 1919 2353 1998 2406; x_wconf 90' lang='lat' dir='ltr'><strong>ab</strong></span> 
     </span>
     <span class='ocr_line' id='line_1_32' title="bbox 281 2423 1998 2494; baseline -0.003 -12"><span class='ocrx_word' id='word_1_213' title='bbox 281 2429 505 2482; x_wconf 89' lang='lat' dir='ltr'><strong>initio</strong></span> <span class='ocrx_word' id='word_1_214' title='bbox 542 2429 731 2483; x_wconf 87' lang='lat' dir='ltr'><strong>Libr.</strong></span> <span class='ocrx_word' id='word_1_215' title='bbox 782 2426 872 2481; x_wconf 88' lang='lat' dir='ltr'><strong>Vl.</strong></span> <span class='ocrx_word' id='word_1_216' title='bbox 926 2426 1234 2481; x_wconf 82' lang='lat' dir='ltr'><strong>ostenditur</strong></span> <span class='ocrx_word' id='word_1_217' title='bbox 1279 2443 1440 2478; x_wconf 82' lang='lat' dir='ltr'><strong>veros</strong></span> <span class='ocrx_word' id='word_1_218' title='bbox 1478 2423 1998 2494; x_wconf 73' lang='lat' dir='ltr'><strong>philosophosideo</strong></span> 
     </span>
     <span class='ocr_line' id='line_1_33' title="bbox 281 2495 2000 2565; baseline -0.004 -12"><span class='ocrx_word' id='word_1_219' title='bbox 281 2501 517 2553; x_wconf 83' lang='lat' dir='ltr'><strong>maxime</strong></span> <span class='ocrx_word' id='word_1_220' title='bbox 556 2500 786 2553; x_wconf 90' lang='lat' dir='ltr'><strong>idoneos</strong></span> <span class='ocrx_word' id='word_1_221' title='bbox 825 2501 946 2552; x_wconf 85' lang='lat' dir='ltr'><strong>fore</strong></span> <span class='ocrx_word' id='word_1_222' title='bbox 982 2499 1266 2552; x_wconf 81' lang='lat' dir='ltr'><strong>civitatum</strong></span> <span class='ocrx_word' id='word_1_223' title='bbox 1304 2504 1568 2563; x_wconf 77' lang='lat' dir='ltr'><strong>rectoreS,</strong></span> <span class='ocrx_word' id='word_1_224' title='bbox 1610 2496 1740 2565; x_wconf 85' lang='lat' dir='ltr'><strong>quia</strong></span> <span class='ocrx_word' id='word_1_225' title='bbox 1763 2495 2000 2549; x_wconf 86' lang='lat' dir='ltr'><strong>habeant</strong></span> 
     </span>
     <span class='ocr_line' id='line_1_34' title="bbox 283 2566 2001 2644; baseline -0.003 -20"><span class='ocrx_word' id='word_1_226' title='bbox 283 2573 457 2643; x_wconf 81' lang='lat' dir='ltr'><strong>ipsius</strong></span> <span class='ocrx_word' id='word_1_227' title='bbox 494 2572 745 2626; x_wconf 87' lang='lat' dir='ltr'><strong>veritatis</strong></span> <span class='ocrx_word' id='word_1_228' title='bbox 789 2570 1159 2644; x_wconf 86' lang='lat' dir='ltr'><strong>cognitionem</strong></span> <span class='ocrx_word' id='word_1_229' title='bbox 1197 2568 1457 2638; x_wconf 74' lang='lat' dir='ltr'><strong>ideoque,</strong></span> <span class='ocrx_word' id='word_1_230' title='bbox 1502 2566 1636 2637; x_wconf 81' lang='lat' dir='ltr'><strong>quid</strong></span> <span class='ocrx_word' id='word_1_231' title='bbox 1662 2567 1869 2620; x_wconf 85' lang='lat' dir='ltr'><strong>iustum</strong></span> <span class='ocrx_word' id='word_1_232' title='bbox 1907 2575 2001 2619; x_wconf 89' lang='lat' dir='ltr'><strong>aut</strong></span> 
     </span>
     <span class='ocr_line' id='line_1_35' title="bbox 281 2637 1998 2714; baseline -0.003 -18"><span class='ocrx_word' id='word_1_233' title='bbox 281 2644 542 2699; x_wconf 78' lang='lat' dir='ltr'><strong>iniustum</strong></span> <span class='ocrx_word' id='word_1_234' title='bbox 579 2644 667 2711; x_wconf 83' lang='lat' dir='ltr'><strong>sit,</strong></span> <span class='ocrx_word' id='word_1_235' title='bbox 710 2643 915 2714; x_wconf 90' lang='lat' dir='ltr'><strong>optime</strong></span> <span class='ocrx_word' id='word_1_236' title='bbox 949 2640 1255 2696; x_wconf 78' lang='lat' dir='ltr'><strong>diiudicare</strong></span> <span class='ocrx_word' id='word_1_237' title='bbox 1293 2646 1513 2709; x_wconf 83' lang='lat' dir='ltr'><strong>queant,</strong></span> <span class='ocrx_word' id='word_1_238' title='bbox 1550 2637 1801 2708; x_wconf 85' lang='lat' dir='ltr'><strong>adeoque</strong></span> <span class='ocrx_word' id='word_1_239' title='bbox 1829 2639 1998 2691; x_wconf 87' lang='lat' dir='ltr'><strong>futuri</strong></span> 
     </span>
     <span class='ocr_line' id='line_1_36' title="bbox 286 2710 1997 2782; baseline -0.004 -14"><span class='ocrx_word' id='word_1_240' title='bbox 286 2715 399 2768; x_wconf 84' lang='lat' dir='ltr'><strong>sint</strong></span> <span class='ocrx_word' id='word_1_241' title='bbox 434 2715 683 2773; x_wconf 82' lang='lat' dir='ltr'><strong>veritatis</strong></span> <span class='ocrx_word' id='word_1_242' title='bbox 725 2715 958 2767; x_wconf 89' lang='lat' dir='ltr'><strong>maxime</strong></span> <span class='ocrx_word' id='word_1_243' title='bbox 993 2728 1258 2780; x_wconf 78' lang='lat' dir='ltr'><strong>amanteS,</strong></span> <span class='ocrx_word' id='word_1_244' title='bbox 1299 2718 1684 2782; x_wconf 74' lang='lat' dir='ltr'><strong>temper-antee,</strong></span> <span class='ocrx_word' id='word_1_245' title='bbox 1725 2710 1997 2781; x_wconf 85' lang='lat' dir='ltr'><strong>generosi,</strong></span> 
     </span>
     <span class='ocr_line' id='line_1_37' title="bbox 281 2781 2003 2858; baseline -0.003 -19"><span class='ocrx_word' id='word_1_246' title='bbox 281 2788 631 2858; x_wconf 83' lang='lat' dir='ltr'><strong>magnanimi,</strong></span> <span class='ocrx_word' id='word_1_247' title='bbox 683 2787 888 2854; x_wconf 85' lang='lat' dir='ltr'><strong>fortes,</strong></span> <span class='ocrx_word' id='word_1_248' title='bbox 946 2785 1136 2854; x_wconf 81' lang='lat' dir='ltr'><strong>aequi,</strong></span> <span class='ocrx_word' id='word_1_249' title='bbox 1186 2783 1349 2852; x_wconf 83' lang='lat' dir='ltr'><strong>iusti,</strong></span> <span class='ocrx_word' id='word_1_250' title='bbox 1426 2781 1662 2850; x_wconf 86' lang='lat' dir='ltr'><strong>dociles,</strong></span> <span class='ocrx_word' id='word_1_251' title='bbox 1712 2801 1911 2835; x_wconf 78' lang='lat' dir='ltr'><strong>suaves</strong></span> <span class='ocrx_word' id='word_1_252' title='bbox 1949 2791 2003 2834; x_wconf 87' lang='lat' dir='ltr'><strong>et</strong></span> 
     </span>
     <span class='ocr_line' id='line_1_38' title="bbox 281 2854 1996 2926; baseline -0.002 -16"><span class='ocrx_word' id='word_1_253' title='bbox 281 2858 527 2911; x_wconf 89' lang='lat' dir='ltr'><strong>iucundi.</strong></span> <span class='ocrx_word' id='word_1_254' title='bbox 602 2861 656 2910; x_wconf 93' lang='lat' dir='ltr'>A</span> <span class='ocrx_word' id='word_1_255' title='bbox 708 2858 910 2926; x_wconf 87' lang='lat' dir='ltr'><strong>quibus</strong></span> <span class='ocrx_word' id='word_1_256' title='bbox 949 2856 1169 2925; x_wconf 88' lang='lat' dir='ltr'><strong>quidem</strong></span> <span class='ocrx_word' id='word_1_257' title='bbox 1205 2854 1501 2908; x_wconf 81' lang='lat' dir='ltr'><strong>virtutibus</strong></span> <span class='ocrx_word' id='word_1_258' title='bbox 1538 2854 1649 2905; x_wconf 88' lang='lat' dir='ltr'><strong>fere</strong></span> <span class='ocrx_word' id='word_1_259' title='bbox 1676 2854 1838 2906; x_wconf 86' lang='lat' dir='ltr'><strong>alieni</strong></span> <span class='ocrx_word' id='word_1_260' title='bbox 1875 2871 1996 2906; x_wconf 87' lang='lat' dir='ltr'><strong>esse</strong></span> 
     </span>
     <span class='ocr_line' id='line_1_39' title="bbox 283 2923 1997 3001; baseline -0.004 -19"><span class='ocrx_word' id='word_1_261' title='bbox 283 2937 589 3001; x_wconf 84' lang='lat' dir='ltr'><strong>arguuntur</strong></span> <span class='ocrx_word' id='word_1_262' title='bbox 627 2930 723 2997; x_wconf 88' lang='lat' dir='ltr'><strong>qui</strong></span> <span class='ocrx_word' id='word_1_263' title='bbox 760 2929 929 3000; x_wconf 85' lang='lat' dir='ltr'><strong>vulgo</strong></span> <span class='ocrx_word' id='word_1_264' title='bbox 968 2927 1316 2999; x_wconf 88' lang='lat' dir='ltr'><strong>appellentur</strong></span> <span class='ocrx_word' id='word_1_265' title='bbox 1340 2923 1670 2999; x_wconf 86' lang='lat' dir='ltr'><strong>philosophi.</strong></span> <span class='ocrx_word' id='word_1_266' title='bbox 1746 2924 1997 2992; x_wconf 78' lang='lat' dir='ltr'><strong>Quorum</strong></span> 
     </span>
     <span class='ocr_line' id='line_1_40' title="bbox 282 2994 1995 3071; baseline -0.004 -18"><span class='ocrx_word' id='word_1_267' title='bbox 282 3000 432 3053; x_wconf 85' lang='lat' dir='ltr'><strong>vitiis</strong></span> <span class='ocrx_word' id='word_1_268' title='bbox 491 3019 694 3071; x_wconf 85' lang='lat' dir='ltr'><strong>magna</strong></span> <span class='ocrx_word' id='word_1_269' title='bbox 765 2999 968 3053; x_wconf 89' lang='lat' dir='ltr'><strong>dicitur</strong></span> <span class='ocrx_word' id='word_1_270' title='bbox 1025 2997 1408 3070; x_wconf 87' lang='lat' dir='ltr'><strong>philosophiae</strong></span> <span class='ocrx_word' id='word_1_271' title='bbox 1474 2995 1703 3049; x_wconf 88' lang='lat' dir='ltr'><strong>conflari</strong></span> <span class='ocrx_word' id='word_1_272' title='bbox 1764 2994 1995 3062; x_wconf 83' lang='lat' dir='ltr'><strong>invidia,</strong></span> 
     </span>
     <span class='ocr_line' id='line_1_41' title="bbox 283 3067 1997 3142; baseline -0.002 -18"><span class='ocrx_word' id='word_1_273' title='bbox 283 3072 606 3142; x_wconf 86' lang='lat' dir='ltr'><strong>praesertim</strong></span> <span class='ocrx_word' id='word_1_274' title='bbox 665 3090 832 3139; x_wconf 91' lang='lat' dir='ltr'><strong>quum</strong></span> <span class='ocrx_word' id='word_1_275' title='bbox 899 3073 1062 3124; x_wconf 87' lang='lat' dir='ltr'><strong>etiam</strong></span> <span class='ocrx_word' id='word_1_276' title='bbox 1111 3070 1259 3123; x_wconf 89' lang='lat' dir='ltr'><strong>bona</strong></span> <span class='ocrx_word' id='word_1_277' title='bbox 1303 3067 1526 3139; x_wconf 87' lang='lat' dir='ltr'><strong>ingenia</strong></span> <span class='ocrx_word' id='word_1_278' title='bbox 1574 3075 1881 3137; x_wconf 89' lang='lat' dir='ltr'><strong>temporum</strong></span> <span class='ocrx_word' id='word_1_279' title='bbox 1934 3086 1997 3120; x_wconf 81' lang='lat' dir='ltr'><strong>ac</strong></span> 
     </span>
     <span class='ocr_line' id='line_1_42' title="bbox 283 3138 1997 3211; baseline -0.004 -15"><span class='ocrx_word' id='word_1_280' title='bbox 283 3144 534 3202; x_wconf 82' lang='lat' dir='ltr'><strong>fortunae</strong></span> <span class='ocrx_word' id='word_1_281' title='bbox 582 3142 874 3210; x_wconf 83' lang='lat' dir='ltr'><strong>iniquitate</strong></span> <span class='ocrx_word' id='word_1_282' title='bbox 920 3140 1195 3211; x_wconf 83' lang='lat' dir='ltr'><strong>corrumpi</strong></span> <span class='ocrx_word' id='word_1_283' title='bbox 1240 3139 1474 3207; x_wconf 85' lang='lat' dir='ltr'><strong>ideoque</strong></span> <span class='ocrx_word' id='word_1_284' title='bbox 1534 3138 1884 3208; x_wconf 87' lang='lat' dir='ltr'><strong>philosophia</strong></span> <span class='ocrx_word' id='word_1_285' title='bbox 1941 3139 1997 3191; x_wconf 90' lang='lat' dir='ltr'><strong>in</strong></span> 
     </span>
     <span class='ocr_line' id='line_1_43' title="bbox 283 3209 1996 3277; baseline -0.004 -9"><span class='ocrx_word' id='word_1_286' title='bbox 283 3213 563 3268; x_wconf 88' lang='lat' dir='ltr'><strong>hominum</strong></span> <span class='ocrx_word' id='word_1_287' title='bbox 604 3213 789 3269; x_wconf 85' lang='lat' dir='ltr'><strong>vilium</strong></span> <span class='ocrx_word' id='word_1_288' title='bbox 823 3220 878 3266; x_wconf 90' lang='lat' dir='ltr'><strong>et</strong></span> <span class='ocrx_word' id='word_1_289' title='bbox 917 3214 1254 3267; x_wconf 87' lang='lat' dir='ltr'><strong>abiectorum</strong></span> <span class='ocrx_word' id='word_1_290' title='bbox 1291 3228 1482 3262; x_wconf 89' lang='lat' dir='ltr'><strong>manus</strong></span> <span class='ocrx_word' id='word_1_291' title='bbox 1521 3209 1765 3262; x_wconf 86' lang='lat' dir='ltr'><strong>incidere</strong></span> <span class='ocrx_word' id='word_1_292' title='bbox 1804 3210 1996 3277; x_wconf 81' lang='lat' dir='ltr'><strong>soleat,</strong></span> 
     </span>
     <span class='ocr_line' id='line_1_44' title="bbox 286 3282 1998 3356; baseline -0.003 -18"><span class='ocrx_word' id='word_1_293' title='bbox 286 3284 603 3356; x_wconf 80' lang='lat' dir='ltr'><strong>paucissimi</strong></span> <span class='ocrx_word' id='word_1_294' title='bbox 668 3291 850 3337; x_wconf 73' lang='lat' dir='ltr'><strong>autem</strong></span> <span class='ocrx_word' id='word_1_295' title='bbox 912 3284 1021 3352; x_wconf 86' lang='lat' dir='ltr'><strong>illi,</strong></span> <span class='ocrx_word' id='word_1_296' title='bbox 1097 3283 1190 3355; x_wconf 93' lang='lat' dir='ltr'><strong>qui</strong></span> <span class='ocrx_word' id='word_1_297' title='bbox 1257 3301 1382 3336; x_wconf 87' lang='lat' dir='ltr'><strong>vere</strong></span> <span class='ocrx_word' id='word_1_298' title='bbox 1441 3282 1705 3335; x_wconf 82' lang='lat' dir='ltr'><strong>exsistant</strong></span> <span class='ocrx_word' id='word_1_299' title='bbox 1784 3282 1998 3354; x_wconf 87' lang='lat' dir='ltr'><strong>sapien-</strong></span> 
     </span>
     <span class='ocr_line' id='line_1_45' title="bbox 286 3353 1998 3428; baseline -0.002 -18"><span class='ocrx_word' id='word_1_300' title='bbox 286 3366 400 3424; x_wconf 83' lang='lat' dir='ltr'><strong>tes,</strong></span> <span class='ocrx_word' id='word_1_301' title='bbox 466 3363 690 3428; x_wconf 84' lang='lat' dir='ltr'><strong>propter</strong></span> <span class='ocrx_word' id='word_1_302' title='bbox 741 3355 938 3410; x_wconf 84' lang='lat' dir='ltr'><strong>aetatis</strong></span> <span class='ocrx_word' id='word_1_303' title='bbox 986 3356 1122 3410; x_wconf 84' lang='lat' dir='ltr'><strong>vitia</strong></span> <span class='ocrx_word' id='word_1_304' title='bbox 1166 3362 1225 3408; x_wconf 77' lang='lat' dir='ltr'><strong>et</strong></span> <span class='ocrx_word' id='word_1_305' title='bbox 1271 3374 1482 3407; x_wconf 88' lang='lat' dir='ltr'><strong>morum</strong></span> <span class='ocrx_word' id='word_1_306' title='bbox 1534 3353 1998 3423; x_wconf 81' lang='lat' dir='ltr'><strong>depravationem,</strong></span> 
     </span>
    </p>
   </div>
   <div class='ocr_carea' id='block_1_5' title="bbox 2098 887 2106 1341">
    <p class='ocr_par' dir='ltr' id='par_1_5' title="bbox 2098 887 2106 1341">
     <span class='ocr_line' id='line_1_46' title="bbox 2098 887 2106 1341; textangle 90"><span class='ocrx_word' id='word_1_307' title='bbox 2098 887 2106 1341; x_wconf 44' lang='lat' dir='ltr'><strong>-x.-.-.—..—..—-s—-.—.-a.-</strong></span> 
     </span>
    </p>
   </div>
  </div>
 </body>
</html>
