2124 3744
192 1304 293 1356 573

325 223 427 274 294
951 219 1431 273 PLATONIS

326 364 496 420 πάλιν
543 369 642 422 τοῦ
691 366 953 422 τοιούτου
997 363 1101 433 ἤδη
1149 369 1516 439 πρεσβυτέρου
1561 367 1858 435 γεγονότος
1901 375 2025 423 νέον

327 448 450 505 υἱὸν
496 459 552 506 ὲν
599 462 721 515 τοῖς
767 449 966 506 τούτου
1010 442 1082 504 αὖ
1109 447 1279 516 ἤθεσι
1312 454 1725 521 τεθραμμένον.
1791 455 2025 522 Τίθημι.

334 537 500 590 Τίθει
542 540 732 590 τοίνυν
776 539 869 590 καὶ
914 532 982 588 τὰ
1029 532 1176 588 αὐτὰ
1224 541 1401 589 ἐκεῖνα
1448 538 1570 604 περὶ
1615 533 1796 589 αὐτὸν
1842 536 2027 605 γιγνό-

325 617 698 689 μενα,κᾶπερ
754 622 846 674 καὶ
900 620 1023 687 περὶ
1081 616 1180 673 τὸν
1227 623 1437 688 πατέρα
1481 617 1692 688 αὐτοῦ,
1745 617 2027 690 ἀγόμενόν

330 723 387 757 τε
430 709 504 767 εὶς
548 693 737 759 πᾶσαν
782 707 1156 774 παρανομίαν,
1202 701 1616 783 ὀνομαζομένην
1661 700 1710 756 ὸ’
1761 700 1871 758 ὑπὸ
1915 706 2026 757 τῶν

330 786 586 855 ἀγόντων
631 791 958 859 ἐλευθερίαν
1001 784 1265 852 ἅπασαν,
1323 787 1663 856 βοηθοῦντά
1709 808 1764 841 τε
1807 799 1930 852 ταῖς
1969 795 2026 842 ἐν

328 877 472 941 μέσῳ
517 870 747 936 ταύταις
789 875 1118 941 ἐπιθυμίαις
1159 877 1369 939 πατέρα
1418 893 1473 925 τε
1517 874 1606 925 καὶ
1651 868 1784 933 τους
1824 870 2027 937 ἄλλους

330 960 586 1020 οἰκείους,
651 955 780 1019 τοὺς
824 953 878 1010 δ’
930 947 1001 1009 αὗ
1049 957 1601 1026 παραβοηθοῦντας·
1650 953 1789 1009 ὅταν
1834 956 1878 1009 δ’
1930 961 2021 1011 ἐλ-

330 1043 561 1095 πίσωσιν
621 1046 675 1095 οἱ
735 1043 899 1095 δεινοὶ
948 1037 1121 1111 μα’γοι
1175 1061 1230 1094 τε
1285 1043 1380 1094 καὶ
1425 1044 1819 1112 τυραννοποιοὶ
1867 1034 2025 1096 οὗτοι

328 1122 403 1194 μὴ
446 1121 627 1189 ἄλλως
673 1123 774 1180 τὸν
818 1131 942 1179 νέον
987 1123 1276 1195 καθέξειν,
1331 1123 1505 1194 ἔρωτά
1552 1147 1676 1178 τινα
1721 1123 1874 1193 αὐτῷ
1921 1149 2024 1195 μη-

326 1217 681 1279 χανωμένους
726 1212 1025 1278 ἐμποιῆσαι
1068 1208 1388 1278 προστάτην
1430 1212 1540 1262 τῶν
1584 1209 1774 1278 α’ργῶν
1820 1212 1911 1263 καὶ
1953 1210 2021 1264 τὰ

331 1298 523 1363 ἕτοιμα
572 1297 978 1364 διανεμομένων
1020 1294 1352 1361 ἐπιθυμιῶν,
1386 1292 1703 1362 ὑπόπτερον
1741 1297 1831 1348 καὶ
1854 1300 2025 1363 μέγαν

330 1377 554 1451 κηφῆνά
601 1399 744 1433 τινα.
790 1375 823 1444 ἢ
871 1381 923 1431 τί
966 1375 1105 1431 ἄλλο
1153 1377 1251 1430 οὶέι
1297 1376 1435 1431 εἶναι
1477 1374 1576 1431 τὸν
1624 1380 1731 1430 τῶν
1760 1376 2025 1434 τοιούτων

332 1464 542 1529 ἔρωτα,-
634 1462 808 1517 Ούδὲν
853 1466 1030 1531 ἔγωγε,
1078 1452 1108 1526 ἦ
1156 1459 1206 1514 δ’
1259 1458 1353 1525 ὅς’,
1397 1460 1524 1515 ἄλλ’
1576 1458 1609 1528 ἢ
1658 1464 1842 1517 τοῦτο.
1918 1462 2025 1517 Οὐ-

449 1655 500 1696 Ρ.
532 1655 631 1701 573.
693 1654 785 1696 τὸν
832 1657 932 1696 τῶν
976 1653 1250 1697 τοιούτων
1292 1656 1490 1710 ἔρωτα]
1534 1654 1610 1697 τὸν
1649 1656 1851 1697 τοιοῦτον
1890 1656 2027 1711 ἔρωτα

333 1713 451 1755 Μοη.
483 1713 602 1755 Flor.
635 1713 678 1765 β.
710 1714 810 1756 Par.
843 1714 895 1755 K.

331 1789 335 1794 ·
450 1767 577 1812 ὅταν
622 1771 746 1825 περὶ
796 1767 989 1826 αὐτόν]
1042 1769 1097 1825 δή
1140 1773 1270 1825 vulgo
1313 1776 1412 1825 post
1454 1767 1558 1811 ὅταν
1596 1770 1894 1824 interpositum
1936 1786 2022 1814 om.

337 1827 434 1868 Par.
467 1830 524 1870 A.
556 1830 688 1870 Vind.
723 1831 823 1870 Vat.
857 1843 913 1872 m.
976 1830 1243 1882 Quamquam
1278 1830 1374 1871 nillil
1408 1829 1658 1870 offensionis
1690 1828 1818 1882 habet
1849 1833 2026 1872 voculae

332 1885 519 1927 iteratio.
580 1887 696 1929 Dein
737 1890 812 1928 καί
844 1901 929 1930 om.
974 1889 1076 1929 Par.
1116 1890 1173 1929 A.
1219 1887 1340 1929 vind.
1389 1887 1484 1928 Vat.
1516 1900 1572 1928 m.
1617 1886 1734 1928 Flor.
1769 1900 1807 1927 a.
1841 1901 1877 1928 c.
1911 1903 1949 1942 γ.
1980 1902 2022 1929 x.

334 1945 378 1985 ln
419 1945 521 1985 Vat.
570 1942 617 1985 Θ.
663 1945 767 1986 Ven.
809 1946 868 1986 II.
918 1950 1008 1987 Par.
1055 1946 1155 1987 DK.
1197 1945 1317 1987 Mon.
1360 1944 1477 1986 Flor.
1511 1959 1550 1985 α.
1583 1944 1627 1996 β.
1661 1943 1708 1984 αἱ
1735 1944 1871 1986 deest.
1932 1945 2025 1987 Nec

332 2001 438 2054 legit
477 2001 524 2042 αἱ
549 2002 748 2054 Ficinus,
792 2004 864 2055 qui
909 2004 1062 2044 Latine
1102 2004 1232 2044 vertit
1275 2004 1361 2044 sic:
1421 2002 1646 2045 Quando
1694 2015 1824 2042 vero
1868 2003 2026 2045 circa

331 2060 514 2112 ipsum
548 2065 916 2102 susurrantes
945 2061 1293 2114 cupiditates
1332 2059 1477 2101 aliae
1508 2065 1586 2100 etr.
1648 2061 1707 2100 Et
1739 2073 1821 2113 ego
1852 2073 2025 2113 quoque

332 2117 479 2158 malim
516 2118 686 2158 abesse.
748 2119 912 2171 Nuperi
953 2119 1074 2160 editt.
1116 2119 1183 2158 καὶ
1223 2119 1497 2166 abiecerunt,
1538 2118 1651 2170 quod
1694 2118 1829 2159 minus
1870 2120 2022 2171 placet.

332 2174 442 2214 Mox
481 2188 523 2214 τε
563 2180 665 2228 post
703 2173 987 2227 θυμιαμάτων
1025 2190 1110 2218 om.
1145 2177 1255 2218 Ven.
1291 2175 1338 2220 Ξ.
1386 2175 1514 2216 Viud.
1556 2176 1654 2216 Par.
1687 2175 1744 2216 K.
1780 2178 1886 2230 Ang.
1920 2178 2022 2217 Vat.

338 2315 499 2357 Τίθει
553 2319 744 2357 τοίνυν
796 2322 876 2358 etr.
958 2317 1137 2371 Optime
1222 2330 1320 2358 uem
1360 2329 1446 2358 non
1486 2317 1612 2358 aliter
1649 2331 1783 2370 posse
1822 2318 2024 2368 retinere,

330 2375 387 2415 A.
422 2374 693 2416 Matthiae
733 2374 810 2415 Gr.
845 2375 884 2426 §-
917 2375 1016 2419 501.
1050 2375 1136 2416 dis-

332 2431 493 2473 crimen
562 2432 804 2485 imperativi
875 2433 1024 2474 aoristi
1086 2446 1137 2474 ac

332 2489 574 2542 praesentis
612 2490 858 2531 illustravit.
919 2490 1014 2532 Non
1057 2492 1136 2532 ali-

333 2553 402 2588 ter
432 2546 714 2589 iudicandum
749 2547 803 2588 de
834 2548 915 2590 illis
951 2548 1134 2602 Eurip.

334 2605 562 2657 Hippolyt.
603 2619 643 2646 v.
681 2605 781 2649 473.
837 2604 904 2646 ed.
957 2606 1136 2647 Matth.:

335 2657 442 2711 ἀλλ’,
475 2657 508 2702 ὦ
541 2664 637 2714 φίλε
669 2668 767 2710 παῖ,
800 2664 924 2716 λῆγε
954 2663 1029 2713 μὲν
1062 2678 1136 2703 κα-

337 2722 425 2759 κῶν
463 2722 657 2775 φρενῶν,
713 2721 882 2772 λῆξον
922 2718 969 2761 δ’
1011 2719 1136 2775 ὑβρί-

335 2774 488 2830 ζουσ’·
537 2774 592 2819 ov’
624 2775 705 2832 γὰρ
736 2776 837 2818 ἄλλο
870 2777 979 2833 πλὴν
1008 2777 1138 2833 ὕβρις

338 2831 433 2876 τάδ’
465 2833 564 2876 ἐστι’.
625 2837 693 2877 Ad
727 2837 919 2888 proxima
960 2835 1064 2878 τοὺς
1095 2833 1137 2877 δ’

338 2888 394 2934 αὖ
425 2894 830 2948 παραβοηθοῦντας
861 2897 969 2938 bene
1014 2895 1139 2937 scho-

336 2952 506 2993 liastes:
549 2947 634 2992 α’πὸ
676 2953 833 2993 κοινοῦ
874 2949 920 2992 τὸ
967 2953 1136 2994 τίθει·

338 3010 450 3049 τίθει
480 3009 814 3062 μηχανωμένους
843 3006 961 3065 αὐτῷ
991 3012 1139 3065 ἔρωτα,

341 3063 443 3106 ὅταν
503 3066 705 3108 ἐλπίσωσι
764 3066 820 3122 μὴ
878 3066 1014 3110 ἄλλως
1061 3067 1139 3109 τὸν

338 3124 439 3164 νέον
468 3149 522 3154 ——-
554 3125 768 3176 καθέξειν.
826 3127 1030 3168 Dicuntur
1061 3140 1137 3167 au-

338 3189 424 3222 tem
480 3184 747 3235 voluptatum
801 3186 1013 3226 satellites
1054 3185 1138 3238 pri·

337 3251 451 3279 mum
501 3241 674 3290 quidem
728 3242 1031 3294 παραβοηθεῖν
1074 3256 1135 3283 sc,

337 3299 658 3337 contrariis
707 3299 1136 3351 cupiditatibus

334 3366 487 3405 quam
529 3366 668 3406 quae
707 3369 732 3396 a
772 3362 929 3408 patre
973 3363 1026 3400 et
1055 3371 1134 3398 co-

334 3412 520 3463 gnatis
585 3412 956 3469 adiuvantur3
1016 3416 1135 3456 dein-

335 3468 389 3510 de
417 3472 578 3521 autem,
610 3470 680 3511 ubi
712 3484 811 3513 sese
832 3477 985 3525 putant
1018 3474 1133 3514 iuve-

1223 2376 1351 2416 etiam
1384 2375 1426 2416 id
1459 2374 1703 2427 machinari,
1735 2381 1786 2417 ut
1812 2377 1903 2417 eius
1934 2376 2024 2417 ani—

1223 2446 1340 2475 mum
1372 2434 1620 2474 vehementi
1661 2434 1848 2475 lubidine
1880 2435 2024 2475 incen-

1224 2490 1339 2532 dant.
1400 2491 1552 2532 Verbo
1585 2490 1770 2543 κατέχειν
1807 2494 2026 2546 eleganter

1222 2562 1327 2589 usus
1361 2554 1454 2600 est,
1486 2561 1619 2601 quum
1652 2547 1825 2591 δεινούς
1857 2547 2026 2604 μάγους

1222 2607 1540 2649 memoraverit.

1282 2693 1330 2734 E.
1365 2691 1685 2746 προστάτην
1717 2694 1820 2732 τῶν
1847 2688 2023 2746 ἀργῶν

1223 2752 1296 2806 -]
1323 2750 1508 2792 ducem
1538 2751 1795 2794 inertium
1827 2758 1878 2793 et
1909 2763 2022 2804 pro-

1225 2809 1474 2860 digarnm
1506 2809 1886 2863 cupiditatum.
1927 2806 2020 2849 Non

1225 2875 1430 2919 ceperunt
1472 2868 1729 2920 interpretes
1774 2866 1852 2906 vim
1903 2866 2020 2905 verbi

1225 2924 1354 2965 medii
1389 2923 1713 2977 διανεμομένων,
1744 2935 1928 2975 quorum
1951 2924 2020 2963 alii

1222 2982 1556 3034 interpretantur
1586 2997 1607 3022 s
1620 2995 1646 3022 u
1661 2980 1857 3028 hminis
1872 2984 1890 3019 t
1901 2993 1922 3019 r
1936 2994 1958 3020 a
1972 2993 2021 3020 n-

1224 3041 1379 3090 tium‚
1448 3041 1516 3081 alii
1593 3038 2022 3090 dissipantium‚

1223 3098 1294 3137 alii
1342 3098 1479 3140 aliter.
1563 3096 1771 3137 Nimirum
1824 3094 2022 3136 dicuntur

1223 3155 1482 3208 cupiditates
1542 3159 1714 3206 paratas
1755 3167 1880 3206 .opes
1927 3160 2021 3194 tan-

1222 3225 1348 3264 quam
1389 3212 1564 3252 arbitrio
1608 3224 1687 3251 suo
1727 3211 1837 3251 inter
1878 3225 1925 3252 se
1956 3210 2021 3250 di-

1222 3270 1391 3323 spertiri
1428 3283 1566 3321 eoque
1597 3281 1866 3309 consumere.

1280 3355 1329 3395 P.
1377 3354 1477 3398 573.
1566 3349 1706 3394 εἶναι
1768 3352 1861 3395 τὸν
1920 3356 2021 3395 τῶν

1223 3409 1492 3453 τοιούτων
1523 3412 1722 3468 ἔρωτα]
1766 3414 1789 3453 i.
1824 3429 1860 3454 e.
1906 3413 2019 3453 isti-

1222 3469 1438 3511 usmodi
1472 3469 1755 3513 hominum.
1803 3471 1912 3512 Nam
1938 3472 2022 3511 τῶν
