2124 3744
361 186 462 237 ‘256
944 183 1051 235 PL
1075 181 1425 236 ATONIS

357 336 472 384 ἔστι
517 327 566 382 δ’
622 325 715 382 ὅτε
757 328 948 397 ἀργῶν
993 351 1084 383 και
1141 328 1368 384 πάντων
1409 326 1655 398 άμελῶν,
1714 332 1838 383 τοτὲ
1885 328 1933 382 ὃ
1986 328 2058 392 ὡς

357 421 415 467 ἐν
456 415 767 487 φιλοσοφία
807 415 1119 512 διατρίβων.
1164 413 1430 476 πολλάκις
1457 415 1513 466 δὲ
1560 410 1922 477 πολιτεύεται,
1966 435 2058 466 και

357 496 664 563 ἀναπηδῶν
718 493 747 550 ὅ
815 518 868 550 τι
923 493 996 550 ὀὲν
1049 494 1182 571 τύχη
1242 500 1379 566 λέγει
1423 517 1479 550 τε
1526 518 1618 550 και
1662 497 1908 566 πράττει.
1954 494 2059 550 κᾶν

358 585 490 636 ποτέ
550 602 704 643 τινας
764 579 1095 650 πολεμικοὺς
1148 582 1386 655 ζηλωσῃ,
1454 581 1630 655 ταύτῃ
1695 586 1947 655 φέρεται·
2023 576 2057 645 ἢ

353 661 851 737 χρηματιστικούς,
910 669 999 719 ἐπὶ
1055 664 1207 719 τοῦτ’
1275 658 1368 720 αὖ.
1423 669 1516 719 καὶ
1570 661 1696 719 οὔτε
1772 686 1850 728 τις
1906 664 2061 729 τάξις

359 747 487 804 οὔτε
533 747 750 816 ἀνάγκη
804 752 1018 803 ἔπεστιν
1077 748 1253 803 αὐτοῦ
1311 751 1389 818 τῷ
1426 751 1558 820 βίῳ,
1616 745 1740 802 ἀλλ’
1803 747 1944 814 ἡδύν
2001 769 2059 801 τε

361 831 424 899 δὴ
473 836 566 887 καὶ
611 836 933 904 ἐλευθέριον
967 835 1058 886 καὶ
1101 831 1382 902 μακάριον
1427 835 1611 887 καλῶν
1636 831 1735 887 τὸν
1777 835 1903 902 βίον
1929 834 2060 887 τοῦ·

360 938 461 973 τον
513 919 718 988 χρῆται
775 915 929 986 αὐτῷ
987 915 1077 972 διὰ
1141 916 1374 981 παντός.
1461 914 1874 982 Παντάπασιν,
1918 908 1953 982 ἦ
2001 915 2050 970 δ’

359 999 439 1067 ὅς,
485 999 830 1066 διελήλυθας
870 1004 994 1072 βίον
1039 1005 1363 1071 ἰσονομικοῦ
1409 1022 1560 1064 τινος
1602 999 1829 1073 ἀνδρός.
1893 1001 2058 1070 Οἶμαι

361 1091 418 1143 δέ
461 1108 546 1156 γε,
589 1078 661 1152 ἦν
701 1083 749 1140 δ’
801 1084 928 1156 ἐγώ,
986 1088 1077 1139 καὶ
1134 1085 1502 1141 παντοδαπόν
1557 1106 1614 1139 τε
1657 1090 1751 1140 καὶ
1794 1089 2059 1139 πλείστων

359 1171 528 1238 ἠθῶν
571 1168 790 1239 μεστόν,
835 1173 927 1224 καὶ
973 1167 1072 1224 τὸν
1114 1168 1289 1225 καλόν
1335 1192 1391 1224 τε
1435 1173 1527 1224 καὶ
1569 1173 1840 1234 ποικίλον,
1883 1166 2059 1238 ὥςπερ

359 1260 569 1321 ἐκείνην
614 1252 716 1320 τὴν
761 1251 939 1317 πόλιν,
984 1257 1193 1309 τοῦτον
1236 1251 1335 1309 τὸν
1377 1251 1557 1324 ἄνδρα
1591 1251 1765 1308 εἶναι·
1811 1250 1878 1307 ὃν
1922 1256 2058 1307 πολ-

360 1343 448 1394 λοὶ
492 1337 567 1393 ἂν
609 1341 702 1393 καὶ
746 1342 951 1393 πολλαὶ
994 1336 1294 1405 ζηλώσειαν
1317 1341 1416 1393 τοῦ
1442 1341 1585 1409 βίον,
1632 1341 2059 1409 παραδείγματα

359 1425 650 1479 πολιτειῶν
711 1443 766 1476 τε
826 1426 918 1476 καὶ
974 1420 1193 1495 τρόπων
1244 1427 1471 1478 πλεῖστα
1525 1428 1583 1476 ὲν
1642 1421 1796 1491 αὐτῷ
1842 1424 2058 1497 ἔχοντα.

475 1643 526 1686 Ε,
586 1641 801 1684 καὶτὸν
833 1640 999 1683 καλόν
1029 1657 1084 1682 τε
1115 1642 1198 1681 καὶ
1232 1643 1508 1698 ποικίλον]
1542 1643 1789 1685 Articulum
1820 1639 1900 1683 τόν
1931 1644 2060 1696 vulgo

355 1702 566 1743 omissum
609 1713 762 1741 omnes
805 1699 935 1742 codd.
981 1712 1066 1740 uno
1112 1713 1324 1742 consensu
1371 1701 1673 1745 exhibuerunt.
1753 1701 1885 1742 Solus
1939 1700 2058 1744 Vind.

356 1759 573 1801 scribendi
606 1771 755 1799 errore
785 1761 868 1798 τῶν
898 1757 1048 1798 καλῶν.

474 1817 580 1870 Cap.
612 1815 728 1860 X1V
768 1813 814 1856 P.
849 1814 948 1860 562.
990 1815 1045 1858 B.
1091 1818 1260 1854 τοῦτο
1293 1809 1340 1855 δ’
1373 1809 1869 1871 ἠνυπέρπλουτος]
1908 1813 2058 1868 Steph

357 1888 455 1917 cum
495 1876 609 1916 Ven.
655 1875 702 1916 Ξ.
743 1876 876 1915 τοῦτο
917 1873 956 1914 δ’
1006 1867 1058 1926 ἧν
1097 1873 1330 1926 γίγνεσθαι
1375 1871 1690 1929 ὑπέρπλουτος.
1748 1872 1836 1915 Sed
1868 1873 1929 1914 ita
1961 1886 2059 1914 esse

1256 2042 1358 2092 Quo
1390 2043 1487 2083 loco
1519 2055 1650 2096 quum
1674 2043 1728 2085 de
1760 2045 1851 2085 sola
1885 2044 2059 2085 civitate

1255 2100 1417 2141 dictum
1457 2100 1515 2140 sit
1557 2113 1694 2154 neque
1730 2102 1864 2143 etiam
1897 2100 1952 2142 de
1983 2114 2058 2142 va-

420 2047 476 2088 D.
537 2043 601 2092 ὥς
630 2045 682 2084 ἐν
715 2043 1027 2096 φιλοσοφίᾳ
1058 2044 1170 2084 δια-

359 2102 589 2157 τρίβων]
649 2101 880 2142 Praemisit
926 2098 1005 2151 ὡς,
1066 2102 1170 2154 quia

359 2164 490 2203 talem
552 2160 766 2200 hominem
826 2159 924 2198 vult
972 2158 1169 2200 indicare

359 2232 510 2260 revera
558 2230 642 2258 non
685 2217 848 2257 versari
894 2217 934 2256 in
977 2215 1168 2268 philoso-

358 2277 486 2331 phiae
536 2275 694 2316 studio.
746 2294 798 2304 —-
878 2273 1168 2326 ἀναπηδῶν

359 2337 581 2389 eleganter
612 2332 770 2372 indicat
793 2332 1065 2383 repentinum
1088 2330 1167 2372 ho-

359 2393 484 2434 minis
514 2392 752 2443 impetum,
789 2401 877 2440 quo
909 2390 965 2428 ad
999 2389 1170 2440 publica

358 2450 533 2504 negotia
576 2445 803 2489 tractanda
843 2447 1083 2499 accingitur
1122 2453 1166 2487 et

360 2508 554 2562 prosilit,
597 2506 765 2545 scilicet
809 2502 980 2557 quidvis
1022 2517 1167 2544 coram

358 2567 520 2637 populo
562 2563 758 2604 dicturus
800 2567 930 2615 atque
961 2562 1162 2603 facturus

359 2624 432 2665 Ad
475 2620 504 2664 δ’
543 2638 588 2662 τι
628 2619 682 2659 ἂν
714 2617 828 2674 τύχῃ
859 2633 912 2661 ex
945 2621 1165 2673 sequenti-

357 2683 440 2723 bus
492 2679 738 2732 intelligere
789 2679 891 2718 licet
940 2677 1071 2732 λέγων
1122 2693 1166 2718 τε

357 2739 434 2779 καὶ
463 2735 680 2806 πράττων

413 2794 592 2850 ταύτῃ
631 2791 885 2847 φέρεται]
927 2790 1028 2833 hac
1059 2791 1165 2841 via,

357 2856 384 2896 i.
408 2869 444 2897 e.
480 2851 653 2899 adhoc,
688 2851 894 2901 fertur3
923 2862 962 2889 v.
997 2849 1166 2891 Hein—

354 2912 502 2954 dorf.
536 2910 589 2951 ad
622 2907 814 2962 Sophist.
847 2921 887 2961 p.
907 2906 1008 2951 351.
1050 2908 1166 2948 Dein

358 2969 477 3016 τάξις
509 2972 577 3009 est
608 2967 766 3018 ordo,
801 2978 928 3018 quem
956 2966 1052 3018 quis
1071 2967 1166 3018 ipse

355 3028 437 3068 sibi
478 3025 782 3079 praescripsit3
821 3021 982 3076 ἀνάγκη
1017 3029 1166 3065 autem

359 3097 549 3125 norma
596 3087 646 3123 et
690 3084 778 3122 lex
821 3081 874 3121 ab
920 3082 1014 3122 aliis
1057 3094 1162 3122 con·-

360 3142 525 3182 stituta.
587 3141 683 3180 Καί
722 3143 822 3180 ante
855 3140 958 3179 οὔτε
989 3153 1057 3184 τις
1087 3137 1163 3179 τά·

361 3199 420 3246 ξις
441 3211 553 3239 nunc
575 3203 643 3238 est
675 3196 926 3251 deniqne,
948 3205 1165 3249 postre-

355 3268 462 3307 mo,
495 3261 551 3296 ut
583 3254 775 3307 paucis
806 3256 1163 3307 complectar,

357 3317 405 3355 ut
437 3326 586 3363 saepe.

413 3371 466 3412 Ε.
499 3368 667 3423 ὥςπερ
700 3368 908 3420 ἐκείνην
940 3366 1036 3418 τὴν
1069 3365 1164 3409 no'-

357 3427 475 3477 λιν]
509 3426 707 3480 Respicit
739 3425 791 3466 ad
826 3438 864 3478 p.
895 3425 996 3469 557.
1029 3427 1077 3469 C.
1116 3426 1161 3465 D.

1255 2158 1410 2199 rietate
1448 2171 1620 2199 morum
1663 2159 1704 2199 in
1752 2159 1936 2212 singulis
1981 2157 2058 2199 bo-

1254 2215 1439 2256 minibus
1471 2217 1831 2269 conspicuorum3
1873 2216 2059 2258 fortasse

1253 2273 1352 2313 ferri
1398 2286 1481 2314 non
1527 2287 1658 2327 posse
1702 2274 1900 2315 videatur
1939 2273 2058 2326 quod

1255 2331 1414 2383 primus
1465 2344 1521 2371 ex
1572 2331 1798 2373 codicibus
1842 2332 2060 2383 evulgavit

1254 2389 1284 2429 l.
1321 2388 1572 2430 Bekkerus=
1603 2388 1675 2428 καὶ
1709 2386 1807 2429 τᾶν
1841 2387 1980 2428 καλόν
2011 2403 2057 2429 τε

1251 2445 1322 2486 καὶ
1369 2446 1567 2485 ποικίλον
1615 2463 1651 2487 κ.
1702 2463 1740 2488 τ.
1794 2446 1830 2489 λ.
1900 2446 2058 2488 Addito

1253 2505 1366 2544 enim
1400 2504 1580 2545 articulo
1614 2504 1682 2546 hic
1710 2505 1849 2546 oritur
1879 2517 2056 2545 sensus:

1252 2562 1320 2603 Et
1375 2560 1513 2615 hunp
1571 2563 1748 2604 virum
1810 2562 2059 2603 arbitror
2122 2582 2124 2604 a

1254 2632 1380 2660 esse
1411 2620 1654 2672 pulcrum
1700 2621 1856 2662 illum
1891 2624 2057 2672 atque
2122 2631 2124 2634 ·

1253 2677 1492 2727 varium,
1534 2679 1687 2718 cuius
1726 2683 1887 2718 antea
1918 2689 2057 2718 men—

1251 2735 1460 2775 tionem
1513 2734 1928 2776 iniiciebamus.

1252 2793 1363 2833 enim
1412 2804 1518 2832 vero
1569 2793 1747 2846 intelligi
1785 2797 1934 2845 potest
1975 2804 2054 2832 va-

1254 2850 1372 2891 rius
1430 2850 1529 2891 ille
1589 2851 1670 2892 vir
1719 2854 1884 2901 atque
1932 2852 2055 2902 pul·
2123 2861 2124 2864 ’

1254 2906 1408 2957 cher,
1477 2907 1572 2958 qui
1629 2908 1741 2948 ista
1799 2906 2055 2948 civitatis

1252 2966 1421 3007 forma
1454 2964 1552 3006 iam
1578 2964 1931 3017 significatus
1956 2971 2055 3008 est.

1309 3021 1476 3066 P.562.
1537 3020 1728 3075 ὀρθῶς
1763 3019 1827 3060 ἂν
1854 3037 2054 3077 προςα-

1250 3077 1638 3135 γορευόμενος]
1696 3077 1797 3119 Vid.
1850 3078 1904 3120 ad
1961 3081 2053 3123 libr.

1257 3138 1302 3182 V.
1334 3151 1375 3190 p.
1406 3136 1506 3180 478.
1538 3137 1590 3176 E.

1309 3195 1414 3248 Cap'.
1447 3193 1572 3235 XIV.
1610 3193 1693 3239 τίς
1725 3192 1940 3250 τρόπος
1967 3209 2052 3235 τυ-

1249 3252 1506 3306 ραννίδος
1554 3251 1855 3305 γίγνεταις]
1919 3254 2055 3293 Acute

1250 3307 1683 3351 Schleiermach.
1756 3308 1862 3351 haec
1921 3310 2056 3351 verba

1250 3367 1390 3409 labem
1424 3366 1610 3418 aliquam
1633 3368 1878 3421 suscepisse
1909 3367 2053 3409 conie-

1251 3424 1320 3468 cit.
1383 3421 1536 3475 Neque
1562 3423 1672 3465 enim
1703 3426 1789 3466 iam
1822 3425 1967 3479 agitur
1999 3423 2053 3465 de

2002 2737 2124 2782 At*
