<?xml version="1.0" encoding="UTF-8"?>
<!DOCTYPE html PUBLIC "-//W3C//DTD XHTML 1.0 Transitional//EN"
    "http://www.w3.org/TR/xhtml1/DTD/xhtml1-transitional.dtd">
<html xmlns="http://www.w3.org/1999/xhtml" xml:lang="en" lang="en">
 <head>
  <title>
</title>
<meta http-equiv="Content-Type" content="text/html;charset=utf-8" />
  <meta name='ocr-system' content='tesseract 3.04.00' />
  <meta name='ocr-capabilities' content='ocr_page ocr_carea ocr_par ocr_line ocrx_word'/>
</head>
<body>
  <div class='ocr_page' id='page_1' title='image "./operaomniarecens03platuoft_0133.png"; bbox 0 0 2106 3594; ppageno 0'>
   <div class='ocr_carea' id='block_1_1' title="bbox 1518 132 1805 192">
    <p class='ocr_par' dir='ltr' id='par_1_1' title="bbox 1518 132 1805 192">
     <span class='ocr_line' id='line_1_1' title="bbox 1518 132 1805 192; baseline 0 -6"><span class='ocrx_word' id='word_1_1' title='bbox 1518 132 1805 192; x_wconf 79' lang='lat' dir='ltr'>CXXVII</span> 
     </span>
    </p>
   </div>
   <div class='ocr_carea' id='block_1_2' title="bbox 97 274 1809 1206">
    <p class='ocr_par' dir='ltr' id='par_1_2' title="bbox 97 274 1809 1206">
     <span class='ocr_line' id='line_1_2' title="bbox 108 274 1806 348; baseline -0.001 -18"><span class='ocrx_word' id='word_1_2' title='bbox 108 288 213 330; x_wconf 86' lang='lat' dir='ltr'><strong>tur.</strong></span> <span class='ocrx_word' id='word_1_3' title='bbox 251 276 426 331; x_wconf 87' lang='lat' dir='ltr'><strong>Cuius</strong></span> <span class='ocrx_word' id='word_1_4' title='bbox 447 278 526 330; x_wconf 92' lang='lat' dir='ltr'><strong>rei</strong></span> <span class='ocrx_word' id='word_1_5' title='bbox 550 274 797 346; x_wconf 82' lang='lat' dir='ltr'><strong>exempla</strong></span> <span class='ocrx_word' id='word_1_6' title='bbox 808 274 942 328; x_wconf 85' lang='lat' dir='ltr'><strong>satis</strong></span> <span class='ocrx_word' id='word_1_7' title='bbox 966 274 1246 329; x_wconf 86' lang='lat' dir='ltr'><strong>luculenta</strong></span> <span class='ocrx_word' id='word_1_8' title='bbox 1268 275 1430 329; x_wconf 83' lang='lat' dir='ltr'><strong>etiam</strong></span> <span class='ocrx_word' id='word_1_9' title='bbox 1455 276 1581 330; x_wconf 86' lang='lat' dir='ltr'><strong>alibi</strong></span> <span class='ocrx_word' id='word_1_10' title='bbox 1605 275 1806 348; x_wconf 91' lang='lat' dir='ltr'><strong>reperi-</strong></span> 
     </span>
     <span class='ocr_line' id='line_1_3' title="bbox 107 345 1809 419; baseline 0 -17"><span class='ocrx_word' id='word_1_11' title='bbox 107 357 290 403; x_wconf 90' lang='lat' dir='ltr'><strong>untur.</strong></span> <span class='ocrx_word' id='word_1_12' title='bbox 356 349 499 403; x_wconf 86' lang='lat' dir='ltr'><strong>Nam</strong></span> <span class='ocrx_word' id='word_1_13' title='bbox 534 348 590 401; x_wconf 89' lang='lat' dir='ltr'><strong>in</strong></span> <span class='ocrx_word' id='word_1_14' title='bbox 614 346 908 419; x_wconf 83' lang='lat' dir='ltr'>Symposio</span> <span class='ocrx_word' id='word_1_15' title='bbox 931 345 1153 415; x_wconf 90' lang='lat' dir='ltr'><strong>quidem</strong></span> <span class='ocrx_word' id='word_1_16' title='bbox 1206 346 1417 400; x_wconf 86' lang='lat' dir='ltr'><strong>dudum</strong></span> <span class='ocrx_word' id='word_1_17' title='bbox 1466 355 1689 402; x_wconf 86' lang='lat' dir='ltr'><strong>notatus</strong></span> <span class='ocrx_word' id='word_1_18' title='bbox 1724 355 1809 402; x_wconf 84' lang='lat' dir='ltr'><strong>est</strong></span> 
     </span>
     <span class='ocr_line' id='line_1_4' title="bbox 107 418 1806 491; baseline 0 -18"><span class='ocrx_word' id='word_1_19' title='bbox 107 420 262 475; x_wconf 86' lang='lat' dir='ltr'><strong>locus</strong></span> <span class='ocrx_word' id='word_1_20' title='bbox 280 441 345 474; x_wconf 92' lang='lat' dir='ltr'><strong>eo</strong></span> <span class='ocrx_word' id='word_1_21' title='bbox 366 419 582 474; x_wconf 91' lang='lat' dir='ltr'><strong>nomine</strong></span> <span class='ocrx_word' id='word_1_22' title='bbox 595 418 827 472; x_wconf 80' lang='lat' dir='ltr'>maxime</span> <span class='ocrx_word' id='word_1_23' title='bbox 862 418 1094 488; x_wconf 87' lang='lat' dir='ltr'><strong>insignis</strong></span> <span class='ocrx_word' id='word_1_24' title='bbox 1134 439 1186 490; x_wconf 90' lang='lat' dir='ltr'><strong>p.</strong></span> <span class='ocrx_word' id='word_1_25' title='bbox 1242 421 1360 474; x_wconf 78' lang='lat'><strong>193.</strong></span> <span class='ocrx_word' id='word_1_26' title='bbox 1396 419 1652 488; x_wconf 85' lang='lat' dir='ltr'><strong>A.,unde</strong></span> <span class='ocrx_word' id='word_1_27' title='bbox 1666 438 1806 491; x_wconf 90' lang='lat' dir='ltr'><strong>opus</strong></span> 
     </span>
     <span class='ocr_line' id='line_1_5' title="bbox 105 488 1806 563; baseline 0.001 -19"><span class='ocrx_word' id='word_1_28' title='bbox 105 501 236 562; x_wconf 89' lang='lat' dir='ltr'><strong>post</strong></span> <span class='ocrx_word' id='word_1_29' title='bbox 272 491 494 563; x_wconf 88' lang='lat' dir='ltr'><strong>Olymp.</strong></span> <span class='ocrx_word' id='word_1_30' title='bbox 533 488 780 543; x_wconf 88' lang='lat' dir='ltr'><strong>XCVlll.</strong></span> <span class='ocrx_word' id='word_1_31' title='bbox 817 496 869 543; x_wconf 89' lang='lat'><strong>4.</strong></span> <span class='ocrx_word' id='word_1_32' title='bbox 908 490 1171 559; x_wconf 90' lang='lat' dir='ltr'><strong>scriptum</strong></span> <span class='ocrx_word' id='word_1_33' title='bbox 1209 490 1297 543; x_wconf 89' lang='lat' dir='ltr'><strong>vel</strong></span> <span class='ocrx_word' id='word_1_34' title='bbox 1333 491 1647 545; x_wconf 88' lang='lat' dir='ltr'><strong>absolutum</strong></span> <span class='ocrx_word' id='word_1_35' title='bbox 1685 509 1806 546; x_wconf 91' lang='lat' dir='ltr'><strong>esse</strong></span> 
     </span>
     <span class='ocr_line' id='line_1_6' title="bbox 105 560 1805 633; baseline 0 -17"><span class='ocrx_word' id='word_1_36' title='bbox 105 562 403 617; x_wconf 79' lang='lat' dir='ltr'><strong>clarissime</strong></span> <span class='ocrx_word' id='word_1_37' title='bbox 477 561 823 633; x_wconf 84' lang='lat' dir='ltr'>perspicitur.</span> <span class='ocrx_word' id='word_1_38' title='bbox 949 560 1073 614; x_wconf 88' lang='lat' dir='ltr'><strong>Nec</strong></span> <span class='ocrx_word' id='word_1_39' title='bbox 1151 581 1281 615; x_wconf 85' lang='lat' dir='ltr'><strong>vero</strong></span> <span class='ocrx_word' id='word_1_40' title='bbox 1342 562 1452 615; x_wconf 87' lang='lat' dir='ltr'><strong>alia</strong></span> <span class='ocrx_word' id='word_1_41' title='bbox 1510 563 1651 617; x_wconf 86' lang='lat' dir='ltr'><strong>ratio</strong></span> <span class='ocrx_word' id='word_1_42' title='bbox 1717 571 1805 616; x_wconf 87' lang='lat' dir='ltr'><strong>est</strong></span> 
     </span>
     <span class='ocr_line' id='line_1_7' title="bbox 104 632 1806 706; baseline 0 -18"><span class='ocrx_word' id='word_1_43' title='bbox 104 633 508 688; x_wconf 75' lang='lat' dir='ltr'><strong>anachronismi</strong></span> <span class='ocrx_word' id='word_1_44' title='bbox 544 634 602 686; x_wconf 91' lang='lat' dir='ltr'><strong>in</strong></span> <span class='ocrx_word' id='word_1_45' title='bbox 650 633 962 686; x_wconf 84' lang='lat' dir='ltr'><strong>Menexeno</strong></span> <span class='ocrx_word' id='word_1_46' title='bbox 1000 632 1246 700; x_wconf 83' lang='lat' dir='ltr'><strong>admissi,</strong></span> <span class='ocrx_word' id='word_1_47' title='bbox 1284 632 1352 687; x_wconf 91' lang='lat' dir='ltr'><strong>de</strong></span> <span class='ocrx_word' id='word_1_48' title='bbox 1390 653 1500 704; x_wconf 87' lang='lat' dir='ltr'><strong>quo</strong></span> <span class='ocrx_word' id='word_1_49' title='bbox 1538 654 1714 706; x_wconf 80' lang='lat' dir='ltr'>nuper</span> <span class='ocrx_word' id='word_1_50' title='bbox 1749 635 1806 688; x_wconf 91' lang='lat' dir='ltr'><strong>in</strong></span> 
     </span>
     <span class='ocr_line' id='line_1_8' title="bbox 105 703 1804 777; baseline 0.001 -18"><span class='ocrx_word' id='word_1_51' title='bbox 105 705 359 777; x_wconf 86' lang='lat' dir='ltr'><strong>Prolegg.</strong></span> <span class='ocrx_word' id='word_1_52' title='bbox 395 704 468 758; x_wconf 90' lang='lat' dir='ltr'><strong>ad</strong></span> <span class='ocrx_word' id='word_1_53' title='bbox 504 724 629 758; x_wconf 90' lang='lat' dir='ltr'><strong>eum</strong></span> <span class='ocrx_word' id='word_1_54' title='bbox 653 704 852 758; x_wconf 89' lang='lat' dir='ltr'><strong>librum</strong></span> <span class='ocrx_word' id='word_1_55' title='bbox 889 724 942 776; x_wconf 91' lang='lat' dir='ltr'><strong>p.</strong></span> <span class='ocrx_word' id='word_1_56' title='bbox 982 705 1068 758; x_wconf 65' lang='lat'><strong>⁸23.</strong></span> <span class='ocrx_word' id='word_1_57' title='bbox 1108 722 1190 773; x_wconf 89' lang='lat' dir='ltr'><strong>sq.</strong></span> <span class='ocrx_word' id='word_1_58' title='bbox 1229 703 1315 758; x_wconf 91' lang='lat' dir='ltr'><strong>ed.</strong></span> <span class='ocrx_word' id='word_1_59' title='bbox 1355 706 1406 760; x_wconf 83' lang='lat'><strong>2.</strong></span> <span class='ocrx_word' id='word_1_60' title='bbox 1433 723 1501 758; x_wconf 87' lang='lat' dir='ltr'><strong>ex</strong></span> <span class='ocrx_word' id='word_1_61' title='bbox 1541 707 1804 760; x_wconf 84' lang='lat' dir='ltr'><strong>osuimuS.</strong></span> 
     </span>
     <span class='ocr_line' id='line_1_9' title="bbox 104 775 1803 860; baseline 0 -30"><span class='ocrx_word' id='word_1_62' title='bbox 104 776 316 860; x_wconf 82' lang='lat' dir='ltr'><strong>Nempe</strong></span> <span class='ocrx_word' id='word_1_63' title='bbox 341 795 508 846; x_wconf 91' lang='lat' dir='ltr'><strong>quum</strong></span> <span class='ocrx_word' id='word_1_64' title='bbox 544 775 635 830; x_wconf 87' lang='lat' dir='ltr'><strong>ille</strong></span> <span class='ocrx_word' id='word_1_65' title='bbox 670 776 793 829; x_wconf 82' lang='lat' dir='ltr'><strong>aliis</strong></span> <span class='ocrx_word' id='word_1_66' title='bbox 831 776 1039 828; x_wconf 78' lang='lat' dir='ltr'><strong>nitatur</strong></span> <span class='ocrx_word' id='word_1_67' title='bbox 1075 776 1287 831; x_wconf 81' lang='lat' dir='ltr'><strong>caussis</strong></span> <span class='ocrx_word' id='word_1_68' title='bbox 1322 794 1488 830; x_wconf 91' lang='lat' dir='ltr'><strong>recon</strong></span> <span class='ocrx_word' id='word_1_69' title='bbox 1531 777 1803 845; x_wconf 78' lang='lat' dir='ltr'><strong>itioribuS,</strong></span> 
     </span>
     <span class='ocr_line' id='line_1_10' title="bbox 100 847 1805 920; baseline 0 -18"><span class='ocrx_word' id='word_1_70' title='bbox 100 856 215 902; x_wconf 89' lang='lat' dir='ltr'><strong>tum</strong></span> <span class='ocrx_word' id='word_1_71' title='bbox 252 847 519 920; x_wconf 77' lang='lat' dir='ltr'><strong>imprimis</strong></span> <span class='ocrx_word' id='word_1_72' title='bbox 555 847 720 901; x_wconf 85' lang='lat' dir='ltr'><strong>etiam</strong></span> <span class='ocrx_word' id='word_1_73' title='bbox 760 866 826 900; x_wconf 93' lang='grc' dir='ltr'><strong>6ο</strong></span> <span class='ocrx_word' id='word_1_74' title='bbox 864 847 1033 915; x_wconf 86' lang='lat' dir='ltr'><strong>valet,</strong></span> <span class='ocrx_word' id='word_1_75' title='bbox 1072 856 1135 900; x_wconf 88' lang='lat' dir='ltr'><strong>ut</strong></span> <span class='ocrx_word' id='word_1_76' title='bbox 1170 847 1349 902; x_wconf 80' lang='lat' dir='ltr'><strong>natale</strong></span> <span class='ocrx_word' id='word_1_77' title='bbox 1375 848 1631 919; x_wconf 84' lang='lat' dir='ltr'><strong>opusculi</strong></span> <span class='ocrx_word' id='word_1_78' title='bbox 1668 855 1805 902; x_wconf 86' lang='lat' dir='ltr'><strong>tem-</strong></span> 
     </span>
     <span class='ocr_line' id='line_1_11' title="bbox 99 918 1806 991; baseline 0 -17"><span class='ocrx_word' id='word_1_79' title='bbox 99 939 203 991; x_wconf 90' lang='lat' dir='ltr'><strong>pus</strong></span> <span class='ocrx_word' id='word_1_80' title='bbox 251 919 611 991; x_wconf 86' lang='lat' dir='ltr'><strong>significetur.</strong></span> <span class='ocrx_word' id='word_1_81' title='bbox 699 918 948 973; x_wconf 78' lang='lat' dir='ltr'><strong>Tertium</strong></span> <span class='ocrx_word' id='word_1_82' title='bbox 1010 918 1176 972; x_wconf 89' lang='lat' dir='ltr'><strong>etiam</strong></span> <span class='ocrx_word' id='word_1_83' title='bbox 1233 938 1296 973; x_wconf 83' lang='lat' dir='ltr'><strong>su</strong></span> <span class='ocrx_word' id='word_1_84' title='bbox 1337 920 1476 991; x_wconf 87' lang='lat' dir='ltr'><strong>petit</strong></span> <span class='ocrx_word' id='word_1_85' title='bbox 1536 919 1806 974; x_wconf 91' lang='lat' dir='ltr'><strong>eiusmodi</strong></span> 
     </span>
     <span class='ocr_line' id='line_1_12' title="bbox 99 939 1803 1063; baseline 0.001 -19"><span class='ocrx_word' id='word_1_86' title='bbox 99 992 425 1063; x_wconf 84' lang='lat' dir='ltr'><strong>exemplum,</strong></span> <span class='ocrx_word' id='word_1_87' title='bbox 463 990 615 1062; x_wconf 92' lang='lat' dir='ltr'><strong>quod</strong></span> <span class='ocrx_word' id='word_1_88' title='bbox 656 990 818 1060; x_wconf 89' lang='lat' dir='ltr'><strong>quale</strong></span> <span class='ocrx_word' id='word_1_89' title='bbox 855 991 945 1059; x_wconf 78' lang='lat' dir='ltr'><strong>sit,</strong></span> <span class='ocrx_word' id='word_1_90' title='bbox 986 989 1092 1044; x_wconf 91' lang='lat' dir='ltr'><strong>alio</strong></span> <span class='ocrx_word' id='word_1_91' title='bbox 1128 991 1252 1045; x_wconf 92' lang='lat' dir='ltr'><strong>loco</strong></span> <span class='ocrx_word' id='word_1_92' title='bbox 1291 939 1803 1046; x_wconf 46' lang='lat' dir='ltr'><strong>demonstrabimus.</strong></span> 
     </span>
     <span class='ocr_line' id='line_1_13' title="bbox 100 1062 1805 1130; baseline 0.001 -14"><span class='ocrx_word' id='word_1_93' title='bbox 100 1063 266 1116; x_wconf 88' lang='lat' dir='ltr'><strong>Nunc</strong></span> <span class='ocrx_word' id='word_1_94' title='bbox 306 1063 442 1116; x_wconf 86' lang='lat' dir='ltr'><strong>satis</strong></span> <span class='ocrx_word' id='word_1_95' title='bbox 478 1062 583 1116; x_wconf 89' lang='lat' dir='ltr'><strong>erit</strong></span> <span class='ocrx_word' id='word_1_96' title='bbox 618 1063 787 1116; x_wconf 87' lang='lat' dir='ltr'><strong>verbo</strong></span> <span class='ocrx_word' id='word_1_97' title='bbox 825 1062 1124 1130; x_wconf 86' lang='lat' dir='ltr'><strong>monuisse,</strong></span> <span class='ocrx_word' id='word_1_98' title='bbox 1165 1062 1434 1117; x_wconf 86' lang='lat' dir='ltr'><strong>Ismeniae</strong></span> <span class='ocrx_word' id='word_1_99' title='bbox 1471 1064 1805 1118; x_wconf 80' lang='lat' dir='ltr'><strong>mentionem</strong></span> 
     </span>
     <span class='ocr_line' id='line_1_14' title="bbox 97 1134 1803 1206; baseline 0.001 -18"><span class='ocrx_word' id='word_1_100' title='bbox 97 1134 399 1188; x_wconf 88' lang='lat' dir='ltr'><strong>rationibus</strong></span> <span class='ocrx_word' id='word_1_101' title='bbox 437 1134 735 1206; x_wconf 81' lang='lat' dir='ltr'><strong>legentium</strong></span> <span class='ocrx_word' id='word_1_102' title='bbox 763 1134 1138 1188; x_wconf 80' lang='lat' dir='ltr'><strong>sollertissime</strong></span> <span class='ocrx_word' id='word_1_103' title='bbox 1166 1153 1287 1188; x_wconf 81' lang='lat' dir='ltr'><strong>esse</strong></span> <span class='ocrx_word' id='word_1_104' title='bbox 1315 1135 1803 1205; x_wconf 79' lang='lat' dir='ltr'><strong>accommodatam,</strong></span> 
     </span>
    </p>
   </div>
   <div class='ocr_carea' id='block_1_3' title="bbox 18 1206 1806 1276">
    <p class='ocr_par' dir='ltr' id='par_1_3' title="bbox 18 1206 1806 1276">
     <span class='ocr_line' id='line_1_15' title="bbox 18 1206 1806 1276; baseline 0.001 -17"><span class='ocrx_word' id='word_1_105' title='bbox 18 1264 19 1268; x_wconf 41' lang='lat'>,</span> <span class='ocrx_word' id='word_1_106' title='bbox 97 1206 193 1276; x_wconf 89' lang='lat' dir='ltr'><strong>qui</strong></span> <span class='ocrx_word' id='word_1_107' title='bbox 226 1224 395 1276; x_wconf 89' lang='lat' dir='ltr'><strong>quum</strong></span> <span class='ocrx_word' id='word_1_108' title='bbox 431 1214 694 1276; x_wconf 87' lang='lat' dir='ltr'><strong>tanquam</strong></span> <span class='ocrx_word' id='word_1_109' title='bbox 726 1206 782 1258; x_wconf 90' lang='lat' dir='ltr'><strong>in</strong></span> <span class='ocrx_word' id='word_1_110' title='bbox 817 1214 1134 1260; x_wconf 86' lang='lat' dir='ltr'><strong>transcursu</strong></span> <span class='ocrx_word' id='word_1_111' title='bbox 1171 1214 1500 1260; x_wconf 87' lang='lat' dir='ltr'><strong>memoretur</strong></span> <span class='ocrx_word' id='word_1_112' title='bbox 1523 1226 1625 1261; x_wconf 90' lang='lat' dir='ltr'><strong>nec</strong></span> <span class='ocrx_word' id='word_1_113' title='bbox 1662 1208 1806 1262; x_wconf 85' lang='lat' dir='ltr'><strong>ullas</strong></span> 
     </span>
    </p>
   </div>
   <div class='ocr_carea' id='block_1_4' title="bbox 17 1277 1806 1498">
    <p class='ocr_par' dir='ltr' id='par_1_4' title="bbox 17 1277 1806 1498">
     <span class='ocr_line' id='line_1_16' title="bbox 99 1277 1804 1351; baseline 0.001 -20"><span class='ocrx_word' id='word_1_114' title='bbox 99 1293 383 1350; x_wconf 84' lang='lat' dir='ltr'><strong>praeterea</strong></span> <span class='ocrx_word' id='word_1_115' title='bbox 417 1286 605 1350; x_wconf 85' lang='lat' dir='ltr'><strong>partes</strong></span> <span class='ocrx_word' id='word_1_116' title='bbox 641 1277 871 1347; x_wconf 82' lang='lat' dir='ltr'><strong>habeat,</strong></span> <span class='ocrx_word' id='word_1_117' title='bbox 919 1277 1000 1331; x_wconf 92' lang='lat' dir='ltr'><strong>illi</strong></span> <span class='ocrx_word' id='word_1_118' title='bbox 1034 1277 1181 1331; x_wconf 90' lang='lat' dir='ltr'><strong>inter</strong></span> <span class='ocrx_word' id='word_1_119' title='bbox 1215 1278 1511 1351; x_wconf 83' lang='lat' dir='ltr'><strong>legendum</strong></span> <span class='ocrx_word' id='word_1_120' title='bbox 1549 1279 1642 1332; x_wconf 84' lang='lat' dir='ltr'><strong>vix</strong></span> <span class='ocrx_word' id='word_1_121' title='bbox 1679 1299 1804 1334; x_wconf 91' lang='lat' dir='ltr'><strong>sen-</strong></span> 
     </span>
     <span class='ocr_line' id='line_1_17' title="bbox 17 1349 1806 1426; baseline 0.001 -23"><span class='ocrx_word' id='word_1_122' title='bbox 17 1383 20 1426; x_wconf 79' lang='lat' dir='ltr'><strong>i</strong></span> <span class='ocrx_word' id='word_1_123' title='bbox 97 1349 202 1404; x_wconf 85' lang='lat' dir='ltr'><strong>tire</strong></span> <span class='ocrx_word' id='word_1_124' title='bbox 239 1358 558 1421; x_wconf 85' lang='lat' dir='ltr'><strong>potuerunt,</strong></span> <span class='ocrx_word' id='word_1_125' title='bbox 595 1349 921 1421; x_wconf 82' lang='lat' dir='ltr'><strong>scriptorem</strong></span> <span class='ocrx_word' id='word_1_126' title='bbox 955 1366 1117 1414; x_wconf 78' lang='lat' dir='ltr'><strong>usum</strong></span> <span class='ocrx_word' id='word_1_127' title='bbox 1152 1366 1276 1406; x_wconf 87' lang='lat' dir='ltr'><strong>esse</strong></span> <span class='ocrx_word' id='word_1_128' title='bbox 1315 1369 1380 1404; x_wconf 89' lang='lat' dir='ltr'><strong>ea</strong></span> <span class='ocrx_word' id='word_1_129' title='bbox 1415 1351 1656 1420; x_wconf 83' lang='lat' dir='ltr'><strong>licentia,</strong></span> <span class='ocrx_word' id='word_1_130' title='bbox 1696 1371 1806 1422; x_wconf 90' lang='lat' dir='ltr'><strong>qua</strong></span> 
     </span>
     <span class='ocr_line' id='line_1_18' title="bbox 98 1422 1803 1498; baseline -0.001 -21"><span class='ocrx_word' id='word_1_131' title='bbox 98 1422 410 1498; x_wconf 80' lang='lat' dir='ltr'><strong>praesentia</strong></span> <span class='ocrx_word' id='word_1_132' title='bbox 444 1441 571 1476; x_wconf 91' lang='lat' dir='ltr'><strong>cum</strong></span> <span class='ocrx_word' id='word_1_133' title='bbox 607 1422 917 1494; x_wconf 87' lang='lat' dir='ltr'><strong>praeteritis</strong></span> <span class='ocrx_word' id='word_1_134' title='bbox 942 1428 1130 1476; x_wconf 88' lang='lat' dir='ltr'><strong>essent</strong></span> <span class='ocrx_word' id='word_1_135' title='bbox 1152 1422 1322 1476; x_wconf 82' lang='lat' dir='ltr'><strong>mixta</strong></span> <span class='ocrx_word' id='word_1_136' title='bbox 1357 1430 1524 1493; x_wconf 84' lang='lat' dir='ltr'><strong>atque</strong></span> <span class='ocrx_word' id='word_1_137' title='bbox 1556 1422 1803 1478; x_wconf 86' lang='lat' dir='ltr'><strong>confusa.</strong></span> 
     </span>
    </p>
   </div>
   <div class='ocr_carea' id='block_1_5' title="bbox 94 1630 1804 2211">
    <p class='ocr_par' dir='ltr' id='par_1_5' title="bbox 94 1630 1804 2211">
     <span class='ocr_line' id='line_1_19' title="bbox 242 1630 1802 1708; baseline 0.002 -18"><span class='ocrx_word' id='word_1_138' title='bbox 242 1631 358 1691; x_wconf 89' lang='lat' dir='ltr'><strong>Sed</strong></span> <span class='ocrx_word' id='word_1_139' title='bbox 406 1633 544 1688; x_wconf 76' lang='lat' dir='ltr'><strong>haec</strong></span> <span class='ocrx_word' id='word_1_140' title='bbox 592 1630 813 1704; x_wconf 85' lang='lat' dir='ltr'><strong>quidem</strong></span> <span class='ocrx_word' id='word_1_141' title='bbox 858 1631 1142 1689; x_wconf 71' lang='lat' dir='ltr'><strong>hactenus.</strong></span> <span class='ocrx_word' id='word_1_142' title='bbox 1217 1631 1491 1690; x_wconf 77' lang='lat' dir='ltr'><strong>veremur</strong></span> <span class='ocrx_word' id='word_1_143' title='bbox 1527 1638 1692 1708; x_wconf 88' lang='lat' dir='ltr'><strong>enim,</strong></span> <span class='ocrx_word' id='word_1_144' title='bbox 1732 1658 1802 1693; x_wconf 91' lang='lat' dir='ltr'><strong>ne</strong></span> 
     </span>
     <span class='ocr_line' id='line_1_20' title="bbox 101 1703 1802 1778; baseline 0.003 -18"><span class='ocrx_word' id='word_1_145' title='bbox 101 1705 348 1778; x_wconf 89' lang='lat' dir='ltr'><strong>pluribus</strong></span> <span class='ocrx_word' id='word_1_146' title='bbox 397 1703 699 1778; x_wconf 69' lang='lat' dir='ltr'><strong>praefando</strong></span> <span class='ocrx_word' id='word_1_147' title='bbox 750 1706 1062 1778; x_wconf 87' lang='lat' dir='ltr'><strong>legentibus</strong></span> <span class='ocrx_word' id='word_1_148' title='bbox 1101 1705 1339 1778; x_wconf 91' lang='lat' dir='ltr'><strong>denique</strong></span> <span class='ocrx_word' id='word_1_149' title='bbox 1375 1710 1594 1764; x_wconf 85' lang='lat' dir='ltr'><strong>molesti</strong></span> <span class='ocrx_word' id='word_1_150' title='bbox 1632 1710 1802 1764; x_wconf 88' lang='lat' dir='ltr'><strong>futuri</strong></span> 
     </span>
     <span class='ocr_line' id='line_1_21' title="bbox 96 1776 1803 1850; baseline 0.002 -18"><span class='ocrx_word' id='word_1_151' title='bbox 96 1778 286 1847; x_wconf 88' lang='lat' dir='ltr'><strong>simus,</strong></span> <span class='ocrx_word' id='word_1_152' title='bbox 325 1776 650 1848; x_wconf 83' lang='lat' dir='ltr'><strong>praesertim</strong></span> <span class='ocrx_word' id='word_1_153' title='bbox 688 1795 855 1847; x_wconf 90' lang='lat' dir='ltr'><strong>quum</strong></span> <span class='ocrx_word' id='word_1_154' title='bbox 885 1777 974 1846; x_wconf 87' lang='lat' dir='ltr'><strong>iis,</strong></span> <span class='ocrx_word' id='word_1_155' title='bbox 1014 1778 1110 1848; x_wconf 89' lang='lat' dir='ltr'><strong>qui</strong></span> <span class='ocrx_word' id='word_1_156' title='bbox 1149 1777 1322 1832; x_wconf 86' lang='lat' dir='ltr'><strong>divini</strong></span> <span class='ocrx_word' id='word_1_157' title='bbox 1355 1781 1540 1850; x_wconf 91' lang='lat' dir='ltr'><strong>operis</strong></span> <span class='ocrx_word' id='word_1_158' title='bbox 1563 1781 1803 1836; x_wconf 91' lang='lat' dir='ltr'><strong>lectione</strong></span> 
     </span>
     <span class='ocr_line' id='line_1_22' title="bbox 95 1848 1803 1920; baseline 0.002 -17"><span class='ocrx_word' id='word_1_159' title='bbox 95 1867 260 1920; x_wconf 69' lang='lat' dir='ltr'><strong>qnam</strong></span> <span class='ocrx_word' id='word_1_160' title='bbox 297 1849 532 1920; x_wconf 85' lang='lat' dir='ltr'><strong>primum</strong></span> <span class='ocrx_word' id='word_1_161' title='bbox 565 1848 827 1903; x_wconf 86' lang='lat' dir='ltr'><strong>oblectari</strong></span> <span class='ocrx_word' id='word_1_162' title='bbox 867 1849 1127 1920; x_wconf 86' lang='lat' dir='ltr'><strong>cupiant,</strong></span> <span class='ocrx_word' id='word_1_163' title='bbox 1176 1850 1285 1903; x_wconf 88' lang='lat' dir='ltr'><strong>iam</strong></span> <span class='ocrx_word' id='word_1_164' title='bbox 1320 1849 1508 1906; x_wconf 88' lang='lat' dir='ltr'><strong>aditus</strong></span> <span class='ocrx_word' id='word_1_165' title='bbox 1547 1851 1619 1906; x_wconf 84' lang='lat' dir='ltr'><strong>ad</strong></span> <span class='ocrx_word' id='word_1_166' title='bbox 1652 1853 1803 1907; x_wconf 89' lang='lat' dir='ltr'><strong>illam</strong></span> 
     </span>
     <span class='ocr_line' id='line_1_23' title="bbox 95 1919 1804 1994; baseline 0.002 -17"><span class='ocrx_word' id='word_1_167' title='bbox 95 1921 233 1977; x_wconf 68' lang='lat' dir='ltr'><strong>utin</strong></span> <span class='ocrx_word' id='word_1_168' title='bbox 278 1921 590 1994; x_wconf 70' lang='lat' dir='ltr'><strong>patefactus</strong></span> <span class='ocrx_word' id='word_1_169' title='bbox 634 1919 909 1977; x_wconf 82' lang='lat' dir='ltr'><strong>videatur.</strong></span> <span class='ocrx_word' id='word_1_170' title='bbox 1007 1920 1365 1994; x_wconf 87' lang='lat' dir='ltr'><strong>Disputatum</strong></span> <span class='ocrx_word' id='word_1_171' title='bbox 1417 1923 1560 1978; x_wconf 91' lang='lat' dir='ltr'><strong>enim</strong></span> <span class='ocrx_word' id='word_1_172' title='bbox 1611 1924 1804 1980; x_wconf 85' lang='lat' dir='ltr'><strong>ordine</strong></span> 
     </span>
     <span class='ocr_line' id='line_1_24' title="bbox 94 1990 1803 2066; baseline 0.002 -18"><span class='ocrx_word' id='word_1_173' title='bbox 94 1992 356 2065; x_wconf 81' lang='lat' dir='ltr'><strong>deinceps</strong></span> <span class='ocrx_word' id='word_1_174' title='bbox 404 2001 492 2047; x_wconf 83' lang='lat' dir='ltr'><strong>est</strong></span> <span class='ocrx_word' id='word_1_175' title='bbox 539 1990 609 2046; x_wconf 91' lang='lat' dir='ltr'><strong>de</strong></span> <span class='ocrx_word' id='word_1_176' title='bbox 659 1991 894 2048; x_wconf 81' lang='lat' dir='ltr'><strong>Politiae</strong></span> <span class='ocrx_word' id='word_1_177' title='bbox 943 2009 1005 2046; x_wconf 83' lang='lat' dir='ltr'><strong>ar</strong></span> <span class='ocrx_word' id='word_1_178' title='bbox 1084 2002 1268 2048; x_wconf 89' lang='lat' dir='ltr'><strong>mento</strong></span> <span class='ocrx_word' id='word_1_179' title='bbox 1315 2001 1372 2048; x_wconf 90' lang='lat' dir='ltr'><strong>et</strong></span> <span class='ocrx_word' id='word_1_180' title='bbox 1420 1997 1682 2066; x_wconf 81' lang='lat' dir='ltr'><strong>consiliu,</strong></span> <span class='ocrx_word' id='word_1_181' title='bbox 1733 1996 1803 2052; x_wconf 87' lang='lat' dir='ltr'><strong>de</strong></span> 
     </span>
     <span class='ocr_line' id='line_1_25' title="bbox 95 2064 1802 2140; baseline 0.002 -20"><span class='ocrx_word' id='word_1_182' title='bbox 95 2065 215 2120; x_wconf 78' lang='lat' dir='ltr'><strong>eins</strong></span> <span class='ocrx_word' id='word_1_183' title='bbox 260 2065 390 2119; x_wconf 66' lang='lat' dir='ltr'><strong>arte!</strong></span> <span class='ocrx_word' id='word_1_184' title='bbox 403 2068 474 2119; x_wconf 78' lang='lat' dir='ltr'><strong>&#39;et</strong></span> <span class='ocrx_word' id='word_1_185' title='bbox 507 2064 939 2135; x_wconf 83' lang='lat' dir='ltr'><strong>compositione,</strong></span> <span class='ocrx_word' id='word_1_186' title='bbox 1031 2084 1061 2119; x_wconf 90' lang='grc'><strong>6</strong></span> <span class='ocrx_word' id='word_1_187' title='bbox 1098 2067 1283 2137; x_wconf 87' lang='lat' dir='ltr'><strong>operis</strong></span> <span class='ocrx_word' id='word_1_188' title='bbox 1318 2067 1666 2140; x_wconf 85' lang='lat' dir='ltr'><strong>integritate,</strong></span> <span class='ocrx_word' id='word_1_189' title='bbox 1705 2088 1802 2123; x_wconf 89' lang='lat' dir='ltr'><strong>au-</strong></span> 
     </span>
     <span class='ocr_line' id='line_1_26' title="bbox 95 2135 1803 2211; baseline 0.002 -19"><span class='ocrx_word' id='word_1_190' title='bbox 95 2136 381 2206; x_wconf 72' lang='lat' dir='ltr'><strong>ctoritate,</strong></span> <span class='ocrx_word' id='word_1_191' title='bbox 428 2145 624 2192; x_wconf 85' lang='lat' dir='ltr'><strong>aetate.</strong></span> <span class='ocrx_word' id='word_1_192' title='bbox 699 2135 920 2205; x_wconf 80' lang='lat' dir='ltr'><strong>Quibus</strong></span> <span class='ocrx_word' id='word_1_193' title='bbox 957 2138 1211 2192; x_wconf 90' lang='lat' dir='ltr'><strong>omnibus</strong></span> <span class='ocrx_word' id='word_1_194' title='bbox 1248 2139 1589 2211; x_wconf 84' lang='lat' dir='ltr'><strong>explicandis</strong></span> <span class='ocrx_word' id='word_1_195' title='bbox 1625 2140 1684 2195; x_wconf 89' lang='lat' dir='ltr'><strong>id</strong></span> <span class='ocrx_word' id='word_1_196' title='bbox 1722 2142 1803 2196; x_wconf 87' lang='lat' dir='ltr'><strong>vi-</strong></span> 
     </span>
    </p>
   </div>
   <div class='ocr_carea' id='block_1_6' title="bbox 16 2207 1802 2279">
    <p class='ocr_par' dir='ltr' id='par_1_6' title="bbox 16 2207 1802 2279">
     <span class='ocr_line' id='line_1_27' title="bbox 16 2207 1802 2279; baseline 0.003 -16"><span class='ocrx_word' id='word_1_197' title='bbox 16 2271 17 2276; x_wconf 13' lang='lat'><em>*</em></span> <span class='ocrx_word' id='word_1_198' title='bbox 96 2207 289 2264; x_wconf 82' lang='lat' dir='ltr'><strong>demur</strong></span> <span class='ocrx_word' id='word_1_199' title='bbox 323 2207 653 2279; x_wconf 86' lang='lat' dir='ltr'><strong>consequuti</strong></span> <span class='ocrx_word' id='word_1_200' title='bbox 689 2227 842 2278; x_wconf 88' lang='lat' dir='ltr'><strong>esse,</strong></span> <span class='ocrx_word' id='word_1_201' title='bbox 893 2208 1045 2279; x_wconf 88' lang='lat' dir='ltr'><strong>quod</strong></span> <span class='ocrx_word' id='word_1_202' title='bbox 1077 2209 1138 2267; x_wconf 87' lang='lat' dir='ltr'><strong>in</strong></span> <span class='ocrx_word' id='word_1_203' title='bbox 1176 2210 1263 2265; x_wconf 85' lang='lat' dir='ltr'><strong>his</strong></span> <span class='ocrx_word' id='word_1_204' title='bbox 1297 2212 1604 2267; x_wconf 80' lang='lat' dir='ltr'><strong>scribendis</strong></span> <span class='ocrx_word' id='word_1_205' title='bbox 1640 2213 1802 2269; x_wconf 89' lang='lat' dir='ltr'><strong>nobis</strong></span> 
     </span>
    </p>
   </div>
   <div class='ocr_carea' id='block_1_7' title="bbox 0 0 27 3594">
    <p class='ocr_par' dir='ltr' id='par_1_7' title="bbox 0 0 27 3594">
     <span class='ocr_line' id='line_1_28' title="bbox 0 0 27 3594; baseline 0 0"><span class='ocrx_word' id='word_1_206' title='bbox 0 0 27 3594; x_wconf 95' lang='lat' dir='ltr'><strong> </strong></span> 
     </span>
    </p>
   </div>
   <div class='ocr_carea' id='block_1_8' title="bbox 93 2279 1802 2998">
    <p class='ocr_par' dir='ltr' id='par_1_8' title="bbox 93 2279 1802 2643">
     <span class='ocr_line' id='line_1_29' title="bbox 95 2279 1802 2353; baseline 0.003 -19"><span class='ocrx_word' id='word_1_207' title='bbox 95 2279 256 2335; x_wconf 84' lang='lat' dir='ltr'><strong>unice</strong></span> <span class='ocrx_word' id='word_1_208' title='bbox 291 2280 398 2334; x_wconf 85' lang='lat' dir='ltr'><strong>fuit</strong></span> <span class='ocrx_word' id='word_1_209' title='bbox 431 2281 809 2353; x_wconf 84' lang='lat' dir='ltr'><strong>propositum,</strong></span> <span class='ocrx_word' id='word_1_210' title='bbox 860 2288 925 2336; x_wconf 86' lang='lat' dir='ltr'><strong>ut</strong></span> <span class='ocrx_word' id='word_1_211' title='bbox 962 2300 1103 2352; x_wconf 85' lang='lat' dir='ltr'><strong>quae</strong></span> <span class='ocrx_word' id='word_1_212' title='bbox 1139 2282 1196 2339; x_wconf 85' lang='lat' dir='ltr'><strong>in</strong></span> <span class='ocrx_word' id='word_1_213' title='bbox 1234 2285 1640 2341; x_wconf 84' lang='lat' dir='ltr'><strong>commentariis</strong></span> <span class='ocrx_word' id='word_1_214' title='bbox 1677 2292 1802 2339; x_wconf 75' lang='lat' dir='ltr'><strong>era·</strong></span> 
     </span>
     <span class='ocr_line' id='line_1_30' title="bbox 93 2351 1802 2412; baseline 0.003 -5"><span class='ocrx_word' id='word_1_215' title='bbox 93 2352 233 2407; x_wconf 73' lang='lat' dir='ltr'><strong>tioni</strong></span> <span class='ocrx_word' id='word_1_216' title='bbox 260 2366 262 2370; x_wconf 78' lang='grc'>’</span> <span class='ocrx_word' id='word_1_217' title='bbox 293 2351 544 2407; x_wconf 79' lang='lat' dir='ltr'><strong>Platonis</strong></span> <span class='ocrx_word' id='word_1_218' title='bbox 601 2352 909 2408; x_wconf 84' lang='lat' dir='ltr'><strong>subiunctis</strong></span> <span class='ocrx_word' id='word_1_219' title='bbox 964 2372 1079 2408; x_wconf 91' lang='lat' dir='ltr'><strong>non</strong></span> <span class='ocrx_word' id='word_1_220' title='bbox 1120 2353 1456 2411; x_wconf 72' lang='lat' dir='ltr'><strong>viderentur</strong></span> <span class='ocrx_word' id='word_1_221' title='bbox 1516 2357 1802 2412; x_wconf 85' lang='lat' dir='ltr'><strong>commode</strong></span> 
     </span>
     <span class='ocr_line' id='line_1_31' title="bbox 93 2423 1800 2497; baseline 0.002 -18"><span class='ocrx_word' id='word_1_222' title='bbox 93 2423 377 2497; x_wconf 76' lang='lat' dir='ltr'><strong>explanari</strong></span> <span class='ocrx_word' id='word_1_223' title='bbox 412 2443 614 2496; x_wconf 84' lang='lat' dir='ltr'><strong>posse,</strong></span> <span class='ocrx_word' id='word_1_224' title='bbox 675 2443 742 2479; x_wconf 85' lang='lat' dir='ltr'><strong>ea</strong></span> <span class='ocrx_word' id='word_1_225' title='bbox 790 2443 958 2495; x_wconf 86' lang='lat' dir='ltr'><strong>quum</strong></span> <span class='ocrx_word' id='word_1_226' title='bbox 1017 2425 1088 2485; x_wconf 84' lang='lat' dir='ltr'><strong>ad</strong></span> <span class='ocrx_word' id='word_1_227' title='bbox 1144 2426 1398 2487; x_wconf 67' lang='lat' dir='ltr'><strong>Plamnis</strong></span> <span class='ocrx_word' id='word_1_228' title='bbox 1458 2428 1800 2484; x_wconf 87' lang='lat' dir='ltr'><strong>intellectum</strong></span> 
     </span>
     <span class='ocr_line' id='line_1_32' title="bbox 96 2495 1774 2572; baseline 0.003 -21"><span class='ocrx_word' id='word_1_229' title='bbox 96 2495 391 2569; x_wconf 74' lang='lat' dir='ltr'><strong>pleniorem</strong></span> <span class='ocrx_word' id='word_1_230' title='bbox 441 2512 668 2567; x_wconf 86' lang='lat' dir='ltr'><strong>prorsus</strong></span> <span class='ocrx_word' id='word_1_231' title='bbox 715 2506 903 2552; x_wconf 80' lang='lat' dir='ltr'><strong>essent</strong></span> <span class='ocrx_word' id='word_1_232' title='bbox 937 2498 1266 2568; x_wconf 80' lang='lat' dir='ltr'><strong>necessaria,</strong></span> <span class='ocrx_word' id='word_1_233' title='bbox 1305 2507 1575 2572; x_wconf 87' lang='lat' dir='ltr'><strong>perpetua</strong></span> <span class='ocrx_word' id='word_1_234' title='bbox 1609 2500 1695 2556; x_wconf 86' lang='lat' dir='ltr'><strong>dis</strong></span> <span class='ocrx_word' id='word_1_235' title='bbox 1735 2521 1774 2556; x_wconf 91' lang='grc' dir='ltr'><strong>ιι</strong></span> 
     </span>
     <span class='ocr_line' id='line_1_33' title="bbox 94 2522 1802 2643; baseline 0.004 -22"><span class='ocrx_word' id='word_1_236' title='bbox 94 2568 303 2622; x_wconf 73' lang='lat' dir='ltr'><strong>tatione</strong></span> <span class='ocrx_word' id='word_1_237' title='bbox 341 2566 596 2638; x_wconf 82' lang='lat' dir='ltr'><strong>exposita</strong></span> <span class='ocrx_word' id='word_1_238' title='bbox 629 2574 688 2621; x_wconf 79' lang='lat' dir='ltr'><strong>et</strong></span> <span class='ocrx_word' id='word_1_239' title='bbox 720 2567 1002 2627; x_wconf 69' lang='lat' dir='ltr'><strong>illustrata⁴</strong></span> <span class='ocrx_word' id='word_1_240' title='bbox 1036 2568 1388 2627; x_wconf 86' lang='lat' dir='ltr'><strong>haberentur.·</strong></span> <span class='ocrx_word' id='word_1_241' title='bbox 1455 2572 1655 2643; x_wconf 83' lang='lat' dir='ltr'><strong>Itaque</strong></span> <span class='ocrx_word' id='word_1_242' title='bbox 1693 2522 1802 2628; x_wconf 59' lang='lat' dir='ltr'><strong>Eoc</strong></span> 
     </span>
    </p>

    <p class='ocr_par' dir='ltr' id='par_1_9' title="bbox 93 2637 1800 2998">
     <span class='ocr_line' id='line_1_34' title="bbox 299 2637 1799 2723; baseline 0.003 -30"><span class='ocrx_word' id='word_1_243' title='bbox 299 2637 482 2693; x_wconf 83' lang='lat' dir='ltr'><strong>adhuc</strong></span> <span class='ocrx_word' id='word_1_244' title='bbox 516 2637 794 2723; x_wconf 80' lang='lat' dir='ltr'><strong>agendum</strong></span> <span class='ocrx_word' id='word_1_245' title='bbox 830 2640 992 2696; x_wconf 85' lang='lat' dir='ltr'><strong>nobis</strong></span> <span class='ocrx_word' id='word_1_246' title='bbox 1028 2650 1130 2710; x_wconf 85' lang='lat' dir='ltr'><strong>est,</strong></span> <span class='ocrx_word' id='word_1_247' title='bbox 1169 2651 1231 2696; x_wconf 83' lang='lat' dir='ltr'><strong>ut</strong></span> <span class='ocrx_word' id='word_1_248' title='bbox 1266 2650 1324 2697; x_wconf 87' lang='lat' dir='ltr'><strong>et</strong></span> <span class='ocrx_word' id='word_1_249' title='bbox 1361 2642 1430 2698; x_wconf 88' lang='lat' dir='ltr'><strong>de</strong></span> <span class='ocrx_word' id='word_1_250' title='bbox 1468 2643 1631 2700; x_wconf 89' lang='lat' dir='ltr'><strong>codd.</strong></span> <span class='ocrx_word' id='word_1_251' title='bbox 1669 2663 1799 2699; x_wconf 85' lang='lat' dir='ltr'><strong>mss.</strong></span> 
     </span>
     <span class='ocr_line' id='line_1_35' title="bbox 93 2709 1800 2787; baseline -0.001 -20"><span class='ocrx_word' id='word_1_252' title='bbox 93 2709 167 2767; x_wconf 75' lang='lat' dir='ltr'><strong>ed</strong></span> <span class='ocrx_word' id='word_1_253' title='bbox 206 2709 311 2766; x_wconf 85' lang='lat' dir='ltr'><strong>hos</strong></span> <span class='ocrx_word' id='word_1_254' title='bbox 364 2710 615 2766; x_wconf 75' lang='lat' dir='ltr'><strong>Platonis</strong></span> <span class='ocrx_word' id='word_1_255' title='bbox 656 2729 935 2768; x_wconf 85' lang='lat' dir='ltr'><strong>sermones</strong></span> <span class='ocrx_word' id='word_1_256' title='bbox 969 2714 1249 2784; x_wconf 81' lang='lat' dir='ltr'><strong>excussis,</strong></span> <span class='ocrx_word' id='word_1_257' title='bbox 1288 2723 1345 2770; x_wconf 86' lang='lat' dir='ltr'><strong>et</strong></span> <span class='ocrx_word' id='word_1_258' title='bbox 1380 2714 1449 2769; x_wconf 90' lang='lat' dir='ltr'><strong>de</strong></span> <span class='ocrx_word' id='word_1_259' title='bbox 1484 2716 1800 2787; x_wconf 58' lang='lat' dir='ltr'><strong>interpreti&gt;</strong></span> 
     </span>
     <span class='ocr_line' id='line_1_36' title="bbox 96 2781 1799 2860; baseline 0.002 -22"><span class='ocrx_word' id='word_1_260' title='bbox 96 2782 202 2838; x_wconf 78' lang='lat' dir='ltr'><strong>bns</strong></span> <span class='ocrx_word' id='word_1_261' title='bbox 249 2790 416 2853; x_wconf 78' lang='lat' dir='ltr'><strong>atque</strong></span> <span class='ocrx_word' id='word_1_262' title='bbox 464 2781 771 2838; x_wconf 85' lang='lat' dir='ltr'><strong>editoribus</strong></span> <span class='ocrx_word' id='word_1_263' title='bbox 819 2783 1006 2855; x_wconf 82' lang='lat' dir='ltr'><strong>operis</strong></span> <span class='ocrx_word' id='word_1_264' title='bbox 1053 2794 1112 2839; x_wconf 85' lang='lat' dir='ltr'><strong>et</strong></span> <span class='ocrx_word' id='word_1_265' title='bbox 1145 2784 1216 2840; x_wconf 89' lang='lat' dir='ltr'><strong>de</strong></span> <span class='ocrx_word' id='word_1_266' title='bbox 1253 2786 1624 2860; x_wconf 75' lang='lat' dir='ltr'><strong>singularibus</strong></span> <span class='ocrx_word' id='word_1_267' title='bbox 1662 2788 1799 2842; x_wconf 82' lang='lat' dir='ltr'><strong>scri·</strong></span> 
     </span>
     <span class='ocr_line' id='line_1_37' title="bbox 95 2854 1797 2933; baseline 0.004 -24"><span class='ocrx_word' id='word_1_268' title='bbox 95 2854 415 2927; x_wconf 78' lang='lat' dir='ltr'><strong>ptionibns‚</strong></span> <span class='ocrx_word' id='word_1_269' title='bbox 466 2871 608 2925; x_wconf 72' lang='lat' dir='ltr'><strong>quse</strong></span> <span class='ocrx_word' id='word_1_270' title='bbox 642 2854 715 2909; x_wconf 86' lang='lat' dir='ltr'><strong>ad</strong></span> <span class='ocrx_word' id='word_1_271' title='bbox 750 2855 871 2910; x_wconf 84' lang='lat' dir='ltr'><strong>eius</strong></span> <span class='ocrx_word' id='word_1_272' title='bbox 909 2854 1332 2927; x_wconf 78' lang='lat' dir='ltr'><strong>explicationem</strong></span> <span class='ocrx_word' id='word_1_273' title='bbox 1367 2859 1797 2933; x_wconf 57' lang='lat' dir='ltr'><strong>spech.bre-</strong></span> 
     </span>
     <span class='ocr_line' id='line_1_38' title="bbox 96 2927 1565 2998; baseline 0.002 -16"><span class='ocrx_word' id='word_1_274' title='bbox 96 2927 236 2983; x_wconf 71' lang='lat' dir='ltr'><strong>viter</strong></span> <span class='ocrx_word' id='word_1_275' title='bbox 270 2934 596 2998; x_wconf 71' lang='lat' dir='ltr'><strong>exponatur.</strong></span> <span class='ocrx_word' id='word_1_276' title='bbox 1435 2965 1457 2984; x_wconf 88' lang='lat'><strong>-..</strong></span> <span class='ocrx_word' id='word_1_277' title='bbox 1564 2974 1565 2978; x_wconf 15' lang='grc' dir='ltr'>η</span> 
     </span>
    </p>
   </div>
   <div class='ocr_carea' id='block_1_9' title="bbox 652 3166 1278 3283">
    <p class='ocr_par' dir='ltr' id='par_1_10' title="bbox 652 3166 1278 3283">
     <span class='ocr_line' id='line_1_39' title="bbox 652 3166 1278 3196; baseline -0.002 -1"><span class='ocrx_word' id='word_1_278' title='bbox 652 3166 1185 3196; x_wconf 67' lang='lat'><strong>————--—-·—</strong></span> <span class='ocrx_word' id='word_1_279' title='bbox 1276 3175 1278 3180; x_wconf 94' lang='lat'>·</span> 
     </span>
     <span class='ocr_line' id='line_1_40' title="bbox 993 3253 1006 3283; baseline 0 0"><span class='ocrx_word' id='word_1_280' title='bbox 993 3253 1006 3283; x_wconf 70' lang='grc'>1</span> 
     </span>
    </p>
   </div>
  </div>
 </body>
</html>
