2124 3744
238 863 293 914 Ι)

334 202 400 248 ὅὸ
954 196 1430 251 PL'A'PONIS

332 343 589 410 ἀγαθοῦ,
634 340 707 403 ὡς
752 332 825 395 αὖ
873 337 1164 407 ξννιέντων
1210 343 1365 412 ἡμῶν
1413 343 1443 399 ὅ
1492 365 1541 398 τι
1591 347 1858 411 λέγουσιν,
1903 352 2043 399 ἐπει·

334 425 441 507 δᾶν
498 425 720 482 τὸτοῦ
789 423 1026 491 ἀγαθοῦ
1099 429 1454 503 φθέγξωνται
1512 427 1713 497 ὄνομα.
1804 427 2041 494 Ἀληθέ-

332 524 538 574 στατα,
582 515 704 583 ἔφη.
803 513 870 565 Τι’
926 514 1047 575 δαίς
1109 517 1163 568 οἱ
1219 511 1323 578 τὴν
1383 510 1594 578 ἡδονὴν
1644 510 1883 580 ἀγαθὸν
1927 511 2041 582 ὁρι-

334 592 552 663 ζόμενοι
611 596 732 662 μῶν
790 594 864 663 μή
916 616 972 648 τι
1014 595 1321 659 ἐλάττονος·Ι
1374 595 1591 663 πλάνης
1650 601 1875 664 ἔμπλεοι
1933 599 2044 650 τῶν

334 684 562 753 ἑτέρωνῆς
607 675 639 744 ἢ
687 677 754 732 οὐ
802 681 915 732 καὶ
941 672 1098 734 οὗτοι
1141 679 1559 748 ἀναγκάζονται
1597 679 1890 751 ὁμολογεῖν
1915 679 2042 747 ἡδο-

332 761 436 826 νὰς
494 762 634 817 εἶναι
689 761 893 825 κακάςς
977 762 1227 837 Σφόδρα
1284 785 1358 834 γε.
1444 762 1749 834 Ξῖιμβαίνει
1807 763 1874 830 δὴ
1943 764 2045 818 αὐ·

331 857 473 911 τοῖς,
521 846 692 916 οἶμαι,
739 844 1029 915 ὁμολογεῖν
1079 846 1285 917 ἀγαθοὶ
1334 849 1473 904 εἶναι
1516 854 1606 903 καὶ
1653 846 1796 902 κακὰ
1844 847 2043 903 ταύτά.

333 924 369 999 ἦ
414 931 553 1001 γάρς
629 934 695 985 Τι’
737 929 881 1000 Ιιιήνς
954 929 1171 987 Οὐκοῦν
1215 930 1305 988 ὅτι
1346 938 1448 1005 μὲν
1488 933 1728 1004 μεγάλαι
1775 939 1867 987 καὶ
1912 937 2045 989 πολ-

332 1020 428 1071 λαὶ
470 1015 907 1090 ἀμφιςβητήσεις
952 1020 1071 1085 περὶ
1118 1017 1328 1083 αὐτοῦ,
1385 1017 1669 1093 φανερόν,·
1754 1020 1891 1080 Πῶς
1934 1015 2043 1086 γὰρ

333 1097 430 1162 οὕς
526 1103 592 1154 Τί
638 1103 758 1165 δαίς
802 1098 927 1154 τόδε
975 1098 1040 1154 οὐ
1087 1101 1364 1173 φανερόν,
1424 1101 1497 1166 ὡς
1552 1105 1739 1157 δίκαια
1805 1105 1906 1170 μὲν
1953 1107 2043 1155 καὶ

331 1182 475 1240 καλοὶ
540 1188 737 1239 πολλοὶ
793 1181 867 1239 ἂν
921 1188 1137 1240 ἕλοιντο
1194 1185 1264 1240 τὰ
1322 1190 1635 1256 δοκοῦντα,
1696 1181 1803 1239 κᾶν
1857 1183 1933 1254 μὴ
1996 1177 2044 1261 ᾖ,

332 1266 482 1339 ὅμως
526 1272 706 1323 ταῦτα
754 1268 1020 1340 πράττειν
1063 1275 1156 1325 καὶ
1198 1273 1510 1338 κεκτῆσθαι
1538 1274 1630 1326 καὶ
1665 1273 1864 1335 δοκεῖν,
1906 1268 2047 1337 ἁγα-

451 1477 561 1531 Cap.
583 1478 735 1522 XVII.
780 1478 830 1519 C.
892 1478 956 1520 Tc'
982 1477 1094 1524 Bal,-
1126 1479 1182 1518 οἱ
1210 1475 1300 1531 τὴν
1336 1475 1539 1532 ἡδονὴν
1568 1478 1654 1532 -]
1686 1480 1741 1519 V.
1775 1478 1822 1519 δέ
1853 1491 1908 1519 ex
1947 1479 2044 1520 ΡΜ.

334 1540 390 1576 A.
418 1535 541 1581 Flor.
574 1549 614 1578 a.
647 1550 683 1578 c.
716 1550 755 1590 γ.
787 1539 970 1578 mutavi.
1031 1537 1214 1578 Plenior
1252 1537 1398 1578 forma
1436 1539 1483 1577 in
1513 1537 1597 1578 hac
1627 1538 1943 1578 sententiarum
1975 1550 2044 1577 rs.-

334 1595 455 1635 tione
487 1595 649 1658 aptior.
710 1595 822 1634 Mox
854 1608 1033 1649 qnoque
1063 1602 1164 1636 ante
1197 1593 1296 1635 τόδε
1328 1594 1382 1636 οὐ
1416 1593 1612 1648 φανερόν
1642 1609 1696 1636 ex
1731 1596 1830 1638 Vat.
1849 1608 1907 1635 m.
1923 1595 2045 1635 Flor.

334 1665 374 1693 a.
407 1665 443 1692 c.
481 1666 520 1705 γ.
555 1651 628 1692 Bac
654 1654 828 1705 scripsi.

335 1827 431 1879 ipse
463 1834 625 1869 temere
650 1829 753 1869 olim
780 1827 1010 1878 amplexus
1035 1842 1145 1869 sum.

333 1882 460 1926 Nihil
490 1888 639 1928 verius
672 1892 740 1928 est
771 1887 986 1938 genitivo.
1049 1887 1149 1927 Hoc

336 1945 466 1986 dicit:
528 1944 676 1987 Quum
717 1946 791 1986 isti
833 1943 964 1984 fateri
1007 1946 1147 1985 coacti

336 1993 434 2043 sint
470 2004 771 2054 cognitionem
826 2015 904 2056 per
951 2017 998 2044 se
1058 2015 1148 2042 non

335 2073 433 2102 esse
476 2072 691 2101 summum
733 2061 922 2110 bonum,
961 2061 1039 2101 sed
1078 2073 1146 2100 re-

335 2118 446 2159 ferri
486 2130 584 2159 eam
623 2120 681 2159 ad
725 2119 890 2159 bonum
921 2124 1145 2170 oportere,

337 2177 443 2228 quia
473 2176 670 2228 cognitio
699 2178 888 2216 alicuius
912 2178 975 2216 rei
994 2177 1145 2228 cogni-

335 2235 398 2274 tio
433 2234 491 2274 sit
522 2247 698 2274 necesse
719 2240 807 2274 est:
840 2236 885 2274 in
909 2235 1147 2274 ridiculum

336 2303 532 2332 errorem
551 2292 770 2341 incidunt,
805 2293 880 2344 qui
907 2305 1042 2345 quum
1061 2304 1144 2331 nos

335 2351 443 2390 boni
487 2351 693 2390 notitiam
741 2351 905 2390 habere
964 2354 1145 2402 negent,

335 2413 484 2449 tamen
502 2409 733 2449 nobiscum
752 2410 815 2448 sic
837 2414 988 2460 agant,
1021 2409 1148 2461 quasi

338 2466 444 2518 quid
476 2465 640 2506 bonum
673 2467 732 2507 sit
761 2472 1041 2518 perspectum
1074 2465 1147 2505 ha-

334 2524 538 2572 beamus3
587 2525 749 2576 quippe
792 2525 903 2564 illud
944 2525 1149 2564 dictitant

334 2583 383 2622 in
412 2582 549 2630 boni
591 2583 847 2634 cognitione
893 2595 989 2623 esse
1027 2582 1148 2634 posi-

337 2645 445 2679 tum.
512 2638 674 2692 Itaque
718 2634 829 2680 αὐτό
868 2639 1150 2681 referendum

339 2706 407 2739 est
438 2697 496 2737 ad
525 2710 836 2751 praegressum
869 2695 921 2737 τὸ
957 2693 1156 2750 a’ya00'v2

337 2762 387 2796 ut
429 2755 568 2796 verba
595 2757 660 2797 ita
702 2756 996 2799 cohaereant:
1043 2755 1151 2806 φασὶ

337 2810 420 2868 γὰρ
452 2806 561 2854 αὐτὸ
582 2809 692 2854 εἶναι
715 2810 934 2867 φρόνησιν
953 2810 1147 2867 ἀγαθοῦ.

398 2869 453 2910 οἱ
510 2868 608 2924 τὴν
668 2868 883 2942 ἡδονὴν
931 2868 1149 2925 ἀγαθὸν

339 2925 700 3000 ὁριζόμενοι]
748 2925 943 2983 Ἀγαθόν
981 2930 1147 2970 intelli-

337 2988 404 3039 git
436 2981 542 3026 αὐτὸ
571 2983 769 3041 ταγαθόν
817 2988 988 3030 Phileb
1012 2987 1146 3040 p.11.

338 3047 403 3085 A.
451 3043 644 3098 Φιληβος
680 3044 758 3097 μὲν
790 3048 940 3086 τοίνυν
972 3041 1149 3098 ἀγαθὸν

338 3096 454 3142 εἶναι
479 3116 588 3155 φησι
620 3100 667 3144 τὸ
699 3107 871 3156 χαιρειν.
917 3104 1145 3144 Phaedon.

337 3173 381 3212 p
412 3160 481 3203 76.
512 3161 581 3200 D:
625 3161 668 3202 εἰ
693 3162 829 3210 ἔστιν,
869 3158 896 3203 ἃ
926 3161 1145 3211 θ’ρὺλλοῦ-

338 3231 414 3266 μεν
453 3213 539 3265 ἀεί,
589 3217 721 3259 καλόν
766 3233 808 3261 τε
848 3221 916 3259 καὶ
957 3214 1148 3275 ἀγαθόν.

338 3275 476 3327 Hipp.
506 3278 608 3316 mai.
640 3291 683 3329 p.
717 3278 818 3321 293.
857 3278 911 3317 Ε.
954 3277 1025 3317 De
1055 3277 1149 3326 μῶν

338 3345 469 3432 μέ9ν.
503 3333 785 3376 Hermann
833 3337 890 3376 ad
922 3336 1072 3387 Viger.
1105 3348 1146 3387 p.

398 3441 461 3486 οἷν
473 3445 805 3499 αγκάζονται
850 3444 1147 3501 ὁμολογεῖν

1235 1850 1288 1862 ·-·-
1330 1825 1522 1881 nands]
1577 1827 1702 1868 Haec
1747 1797 2045 1879 philosophae

1234 1887 1523 1928 subtilissima
1563 1886 1865 1937 disputatione
1905 1884 2044 1935 expli-

1234 1946 1325 1985 cuit
1356 1945 1530 1985 Phileb.
1561 1957 1604 1996 p.
1638 1943 1706 1986 12.
1741 1941 1792 1982 C.
1825 1955 1924 1994 sqq.

1294 2030 1352 2070 D.
1429 2031 1514 2071 καὶ
1575 2029 1892 2083 κεκτῆσθαι
1956 2029 2046 2069 καὶ

1233 2086 1445 2142 δοκέῑν]
1507 2088 1660 2129 Minus
1720 2094 1873 2141 aptum
1937 2093 2045 2140 puto

1233 2146 1355 2200 quod
1387 2147 1583 2187 Astius
1618 2147 1671 2186 de
1693 2147 1948 2187 coniectura
1978 2157 2045 2186 re-

1230 2205 1487 2257 ponendum
1518 2205 1690 2245 censuit
1713 2201 1895 2246 διώκειν.
1929 2202 2047 2244 Nam

1233 2262 1301 2302 καὶ
1336 2259 1480 2302 δοκεῖν
1507 2263 1710 2313 additur,
1743 2268 1791 2302 ut
1822 2261 2044 2314 significe-

1235 2326 1307 2360 tur
1338 2333 1415 2360 eos
1450 2333 1538 2360 non
1569 2322 1704 2361 modo
1737 2321 1939 2373 speciosa
1969 2333 2045 2372 ap-

1236 2383 1415 2431 petere,
1454 2380 1530 2419 sed
1574 2378 1695 2431 ipsos
1737 2391 1911 2432 quoque
1951 2378 2044 2418 eius

1234 2438 1300 2476 rei
1347 2437 1540 2489 speciem
1577 2450 1685 2489 prae
1724 2450 1787 2487 se,
1812 2436 1945 2476 ferre.
1991 2459 2045 2464 ——-

1235 2492 1491 2542 ἐνταῦθα,
1521 2495 1598 2535 ubi
1630 2495 1684 2536 de
1719 2495 1849 2536 bonis
1880 2494 2042 2547 agitur.

1290 2581 1346 2623 E.
1400 2576 1451 2622 ”O
1481 2577 1542 2634 δὴ
1574 2578 1760 2622 διώκει
1791 2593 1890 2630 μεν
1919 2575 2045 2619 ὅπα-

1235 2650 1296 2678 σα
1335 2635 1513 2692 ψυχή]
1560 2638 1767 2692 Vulgaris
1799 2639 1915 2678 ratio
1949 2640 2043 2679 exi-

1234 2697 1369 2748 gebat
1405 2696 1476 2736 καὶ
1508 2688 1563 2735 οὗ
1598 2695 1723 2737 ἕνεκα
1744 2692 1883 2736 πάντα
1913 2692 2041 2748 πράτ-

1234 2767 1306 2794 τει.
1389 2754 1514 2794 Nihil
1567 2760 1712 2796 tamen
1767 2754 2044 2806 frequentius

1232 2813 1315 2852 hac
1361 2813 1629 2853 transitione
1678 2825 1704 2853 a
1748 2812 1939 2852 relativo
1987 2813 2045 2852 ad

1234 2868 1645 2911 demonstrativum.
1680 2885 1720 2910 v.
1754 2870 1811 2910 ad
1833 2870 1933 2910 libr.
1955 2870 2042 2909 ΙΙΙ.

1233 2931 1276 2979 p.
1310 2927 1408 2971 395.
1442 2927 1500 2971 D.
1534 2933 1576 2968 et
1607 2929 1664 2968 ad
1696 2927 1831 2978 Gorg.
1864 2941 1907 2980 p.
1941 2927 2042 2970 452.

1234 2985 1292 3027 D.
1332 2985 1525 3027 Matth.
1577 2984 1654 3026 Gr.
1694 2988 1733 3037 ξ.
1777 2985 1876 3028 469.
1950 2985 2045 3026 Nec

1233 3042 1410 3084 Latinis
1439 3044 1512 3083 hic
1541 3043 1755 3095 loquendi
1781 3057 1887 3084 usus
1918 3043 2042 3083 inco-

1233 3103 1397 3154 gnitus.
1441 3100 1645 3141 Cicero
1692 3101 1873 3142 Tuscul.
1912 3100 2042 3153 Disp.

1238 3159 1297 3210 V,
1339 3158 1381 3201 3.
1423 3171 1578 3211 quem
1622 3182 1674 3189 —
1716 3159 2041 3199 Phliuntem

1234 3217 1443 3256 ferunt*
1489 3218 1738 3262 venisse.
1810 3223 2041 3269 cumque

1234 3286 1352 3313 cum
1400 3274 1619 3314 Leonte
1668 3298 1720 3304 —-
1777 3277 1940 3316 docte
1975 3283 2042 3315 ‘et

1222 3332 1471 3384 ¹copiose
1504 3332 1852 3374 disseruisse
1871 3344 2038 3384 *quae-

1234 3387 1366 3430 dam.
1407 3384 1462 3431 cf.
1504 3390 1558 3429 de
1598 3391 1747 3432 Finit».
1792 3390 1830 3441 ι,
1872 3390 1943 3433 12.
1988 3389 2038 3440 ιι,

1222 3447 1272 3488 2,
1305 3472 1350 3476 —
1398 3448 1466 3487 De
1500 3442 1878 3497 ἀπομανῑεύεσθαι
1911 3462 1948 3490 v.
1983 3449 2037 3487 ad
