2124 3744
331 209 396 257 3ss
946 205 1428 262 PLATONIS

333 356 394 430 τῇ
442 356 754 428 φιλοσοφίᾳ
779 357 966 422 λέγειν,
1013 353 1085 418 ὡς
1131 353 1492 425 παμπόνηροι
1539 362 1590 410 οἱ
1635 363 1881 414 πλεῖστοι
1927 365 2036 415 τῶν

330 435 528 492 ἐόντων
572 438 660 493 ἐπ’
712 437 921 505 αὐτήν,
967 444 1019 494 οἱ
1065 443 1120 493 δὲ
1163 445 1556 494 ἐπιεικέστατοι
1602 437 1896 514 ἄχρηστοι,
1940 449 2032 500 καὶ

331 521 431 590 ἐγώ
507 523 856 594 συνεχώρησα
915 517 1122 590 ’ἀληθῆ
1193 543 1251 576 σε
1324 526 1510 592 λέγειν.
1577 517 1611 592 ἦ
1670 529 1826 598 γάρ;’
1900 533 2033 584 Ναί.

333 602 471 683 Cap.
518 604 592 661 V.
688 606 907 662 Οὐκοῦν
943 610 1062 674 τῆς
1115 610 1215 675 μὲν
1274 610 1384 663 τῶν
1438 613 1689 665 ἐπιεικῶν
1730 612 2034 684 ἀχρηστίας

331 689 435 758 τὴν
478 696 666 747 αἰτίαν
710 689 1158 763 διεληλύθαμενς
1252 693 1363 746 Καὶ
1399 691 1574 761 μάλα.
1666 699 1776 762 Τῆς
1820 701 1876 752 δὲ
1923 701 2033 753 τῶν

333 779 870 848 πολλῶνπονηριάς
917 774 1018 843 τὴν
1063 773 1315 845 ἀνάγκην
1358 777 1545 846 βούλει
1589 778 1653 833 τὸ
1697 780 1834 851 μετὰ
1863 786 2031 838 τοῦτο

335 863 657 932 διέλθωμεν,
701 864 793 915 καὶ
838 858 923 916 ὅτι
970 860 1097 916 οὐδὲ
1149 860 1349 916 τούτου
1393 866 1700 938 φιλοσοφία
1746 872 1916 932 αἰτία,
1959 865 2032 921 ἂν

447 1026 553 1080 Cap
590 1031 638 1067 v.
702 1027 752 1068 Ε..
815 1023 953 1067 ὅθεν
982 1023 1193 1078 διῇμεν]
1228 1025 1300 1066 Sic
1332 1029 1426 1069 Ρ-ιιι·
1449 1029 1583 1069 ΑῡΚ
1620 1029 1722 1071 Ven.
1757 1032 1804 1075 Ξ.
1828 1032 1880 1073 ll.
1917 1032 2018 1074 Mon

329 1089 439 1139 Aug.
468 1085 722 1137 Florentini‚
753 1085 838 1136 alii,
868 1098 946 1138 pro
978 1088 1090 1137 vulg.
1125 1081 1322 1151 anjffllfflffi
1381 1087 1661 1128 Contractam
1694 1089 1878 1131 formam
1914 1094 2030 1144 apud

330 1144 500 1184 Atticos
531 1144 687 1197 ubique
723 1142 1007 1184 revocandam
1043 1155 1140 1183 esse
1173 1141 1340 1183 censuit
1373 1142 1604 1186 Elmsleius
1638 1147 1678 1186 in
1711 1145 1800 1188 the
1832 1150 2028 1189 classi-

331 1203 409 1244 cal
443 1202 668 1243 Iournal
702 1202 752 1244 N.
786 1200 936 1242 XVII.
970 1214 1010 1254 p.
1028 1201 1081 1244 51
1115 1213 1178 1252 sq.
1245 1199 1350 1241 Vide
1380 1205 1524 1243 tamen
1557 1215 1668 1255 quae
1700 1207 1867 1256 monuit
1901 1207 2026 1247 Butt-

1222 1341 1329 1382 ἰέναι
1361 1341 1428 1382 ἐπὶ
1462 1340 1509 1383 τὸ
1541 1341 1726 1387 κάλλιον.
1769 1351 1812 1386 et
1846 1342 1928 1386 οὐκ
1959 1346 2027 1387 ἐπὶ

1223 1397 1270 1439 τό
1322 1397 1493 1442 κάλλιόν
1541 1417 1583 1442 τε
1633 1404 1701 1443 καὶ
1743 1401 1919 1454 ἄμεινον
1959 1407 2027 1446 καὶ

1221 1454 1347 1511 ἥδιον
1378 1459 1550 1513 έᾘρχεται
1612 1460 1701 1502 Sed
1723 1463 1865 1515 aptius
1898 1460 2025 1506 etiarn

1220 1529 1450 1569 compares
1482 1518 1618 1587 Gorg.
1652 1533 1694 1572 p.
1732 1520 1831 1564 515.
1865 1521 1923 1562 B:
1957 1523 2022 1576 ἔρ·

1217 1574 1374 1628 χεσθαι
1413 1574 1481 1616 ἐπὶ
1524 1573 1572 1617 τὰ
1612 1577 1688 1630 τῆς
1719 1576 1887 1621 πόλεως
1917 1578 2022 1634 πρά·

329 1342 384 1382 ab
415 1341 469 1382 iis
500 1344 675 1385 conflari
707 1344 831 1393 dicit,
873 1344 964 1397 qui,
1004 1356 1132 1397 quum

330 1411 481 1440 revera
513 1401 566 1440 ab
599 1415 648 1442 ea
681 1403 807 1444 alieni
839 1403 948 1453 sint,
989 1407 1133 1442 tamen

328 1470 377 1496 se
419 1458 531 1499 illius
577 1459 722 1501 studio
754 1461 944 1502 maxime
974 1460 1134 1501 iactent

329 1518 374 1555 et
404 1516 652 1569 importune
694 1519 960 1572 superbiant.
1022 1517 1130 1559 Nam

329 1570 377 1612 τὰ
422 1575 598 1615 τοιαῦτα
641 1588 725 1617 non
764 1582 913 1630 potest
945 1575 1133 1617 dubitari

326 1632 428 1683 quin
460 1632 545 1674 ad
533 1633 671 1688 ipsius
698 1631 992 1690 philosophiae
1009 1645 1130 1675 com—

323 1691 683 1733 memorationem
731 1691 1002 1734 referendum
1057 1691 1130 1742 sit,

324 1753 374 1788 ut
401 1747 696 1802 intelligantur
728 1763 794 1802 ea,
829 1763 941 1804 quae
973 1749 1028 1792 ad
1059 1762 1128 1790 sa·

323 1803 514 1858 pientiae
545 1806 734 1850 studium
768 1809 996 1862 pertinent
1040 1806 1128 1849 Ne-

321 1875 404 1916 que
437 1863 567 1907 habet
608 1865 718 1908 haec
755 1867 983 1908 verborum
1026 1875 1129 1907 con·

322 1919 484 1964 iunctio
516 1923 647 1965 ullam
681 1924 995 1976 offensionem,
1027 1923 1129 1965 licet

322 1977 591 2023 diffitendum
639 1995 724 2024 non
773 1981 830 2024 sit
876 1995 977 2024 esse
1033 1993 1126 2023 eam

319 2037 466 2090 paullo
499 2038 760 2082 liberiorem.
793 2038 1002 2082 Similiter
1033 2039 1127 2080 libr.

317 2095 422 2137 IX.
436 2109 481 2152 p.
512 2095 614 2141 581.
653 2098 712 2137 D:
759 2095 835 2139 τὸν
866 2095 913 2138 δὲ
945 2093 1126 2151 qnid-oo

324 2166 414 2204 φον
444 2178 499 2184 —-
532 2150 608 2196 τὰς
649 2152 776 2196 ἄλλαι·
814 2151 976 2211 ἡδονὰς
1003 2156 1122 2206 νομί-

321 2211 409 2264 ζειν
441 2207 573 2254 οὐδὲν
603 2226 660 2268 πρ
665 2210 716 2255 ὂς
748 2210 824 2269 τὴν
854 2214 936 2256 τοῦ
966 2211 1123 2256 εἰδέναι

320 2265 505 2339 τάληθὲς
552 2267 637 2324 ὅπῃ
691 2271 800 2324 ἔχει,
860 2273 928 2314 καὶ
977 2272 1024 2314 ἐν
1066 2275 1124 2326 τῷ

315 2322 500 2399 τοιούτῳ
542 2330 623 2385 τινὶ
666 2325 731 2371 αἐὶ
773 2325 882 2372 εἶναι
924 2345 960 2375 κ.
1007 2345 1041 2370 τ.
1074 2330 1122 2376 2..

315 2386 388 2427 ubi
421 2383 468 2428 τὸ
505 2386 708 2430 τοιοῦτόν
739 2403 775 2429 τι
802 2388 911 2432 item
933 2388 1122 2431 refertur

314 2443 369 2484 ad
402 2445 600 2498 proxime
630 2459 906 2500 praegressa.
946 2445 1122 2488 Deinde

313 2502 524 2544 observes
567 2510 830 2548 structuram
876 2505 1121 2552 verborum,

315 2556 397 2602 οὓς
425 2557 478 2615 δὴ
513 2559 568 2603 σύ
609 2559 698 2615 φῂς
742 2559 819 2604 τὸν
857 2561 946 2617 elya.
984 2561 1121 2618 λέγειν

312 2612 374 2659 ὥς
414 2617 690 2693 παμπόνηροι
737 2621 784 2662 οἱ
818 2622 1003 2663 πλεῖστοι
1035 2621 1121 2662 ταῖν

313 2673 470 2718 ἰόντων
501 2674 573 2719 ἐπ’
605 2675 756 2734 αὐτήν.
818 2679 927 2722 Νιιιιι
971 2695 995 2722 e
1027 2681 1117 2720 vul-

311 2736 403 2787 gari
437 2738 629 2779 ratione
645 2737 874 2780 dicendum
908 2737 1012 2779 fuit:
1055 2729 1118 2778 ὦν

311 2788 385 2846 δὴ
407 2793 462 2834 σὺ
476 2792 591 2848 φῂς
629 2793 708 2837 τὸν
749 2795 835 2850 ἐγκ.
884 2794 1020 2850 λέγειν
1052 2792 1116 2837 ὅτι

309 2864 346 2892 s.
388 2847 447 2892 ai's
497 2851 774 2925 παμπόνηροι
825 2869 867 2894 οι
916 2854 1116 2895 πλεῖστοι.

310 2907 433 2952 Nune
468 2924 573 2955 vero
594 2909 676 2954 οὓς
699 2913 811 2955 dixit
832 2925 990 2954 usurus
1011 2924 1116 2954 eon-

309 2970 550 3011 structione
581 2968 818 3013 accusativi
849 2983 947 3013 cum
980 2969 1117 3012 infini-

308 3025 413 3074 tivo,
445 3040 573 3079 quam
603 3035 750 3071 tamen
772 3040 972 3071 sermone
993 3026 1115 3079 dein-

309 3081 364 3123 de
393 3085 521 3129 'aliter
556 3086 834 3130 conformato
852 3097 963 3128 cum*
982 3081 1043 3126 ais·
1073 3092 1116 3128 et

308 3139 540 3186 indicativo
573 3139 858 3200 permutavit.
892 3143 945 3186 cf.
979 3137 1113 3186 Met·

307 3195 460 3241 thiae
492 3201 569 3247 Gr.
603 3200 923 3258 §.539.1.—
963 3199 1113 3246 ἴέναι

308 3255 393 3298 ἐπὶ
433 3256 529 3314 τὴν
571 3257 922 3317 φιλοσοφίαν
960 3260 1113 3302 dicun-

306 3320 378 3357 tur
404 3314 477 3371 qui
508 3317 577 3359 ad
596 3317 783 3360 studium
817 3311 1113 3372 philosophiae

302 3375 521 3425 accedunt
551 3375 738 3428 ideoque
776 3389 876 3418 sese
919 3375 1110 3437 philoso-

300 3419 412 3485 phos
443 3433 715 3486 profitentur.
766 3430 977 3507 Similiter
999 3431 1108 3483 Pr6-

302 3490 441 3545 tagor.
475 3505 514 3546 p.
541 3490 640 3536 360.
659 3492 730 3532 A.
765 3488 846 3532 οὐκ
878 3479 1109 3532 ἐθέλουσα

1186 3427 1261 3473 ‘est
1292 3432 1345 3474 ad
1378 3433 1471 3475 libr.
1505 3434 1561 3477 V.

1218 1646 1366 1687 γματα.

1277 1715 1458 1774 ἀληθῆ
1518 1733 1575 1761 σε
1636 1720 1853 1776 λέγειν]
1920 1723 2021 1766 dum

1215 1780 1342 1821 istam
1359 1779 1706 1822 adversariorum
1729 1779 2024 1834 philosophiae

1215 1838 1476 1880 sententiam
1518 1838 1560 1878 in
1601 1837 1790 1879 medium
1824 1839 2021 1881 attulisti.

1274 1923 1450 1977 Cap.V.
1487 1923 1652 1971 P.490.
1684 1924 1734 1965 εἰ
1760 1926 1830 1980 νῷ
1861 1926 2018 1981 ἔχεις]

1215 1982 1261 2022 si
1294 1981 1474 2024 animo
1506 1986 1692 2034 tenes,
1723 1983 1750 2023 i.
1788 1997 1826 2026 e.
1863 1986 1897 2025 si
1931 1998 2020 2028 me-

1216 2040 1387 2083 ministi.
1448 2039 1547 2081 Noli
1577 2042 1866 2094 comprobare
1899 2043 2016 2096 quod

1214 2108 1350 2150 nuper
1381 2097 1435 2139 de
1468 2097 1751 2150 Stephani
1769 2100 2019 2143 coniectura

1213 2153 1442 2196 ediderunt
1481 2157 1527 2197 εἰ
1557 2154 1604 2196 ἐν
1643 2170 1703 2212 ιῳ
1747 2157 1874 2210 ἔχεις,
1916 2160 2021 2202 licet

1211 2213 1407 2266 aliquot
1422 2213 1514 2266 libri
1554 2215 1612 2255 ita
1657 2214 1866 2269 scriptum
1901 2216 2018 2259 exbi-

1211 2270 1354 2312 beant.
1395 2262 1693 2327 Euthyphron.
1730 2284 1771 2327 p.
1805 2275 1846 2317 2.
1878 2274 1940 2316 Β.
1983 2278 2030 2316 εἴ

1212 2342 1304 2370 τινα
1346 2344 1407 2386 νῳ
1452 2331 1558 2383 ἔχεις
1597 2328 1764 2372 Πιτθέα
1805 2330 2016 2386 Μέλητον,

1210 2388 1282 2428 ubi
1315 2389 1481 2430 nonnisi
1512 2399 1622 2430 unus
1655 2387 1710 2430 de
1739 2384 1884 2443 viginti
1915 2397 2016 2433 octo

1211 2444 1329 2487 libris
1369 2445 1418 2487 ἐν
1464 2446 1601 2488 addit.
1655 2447 1925 2489 Herodot.
1967 2449 2015 2498 V,

1207 2502 1286 2546 92:
1342 2503 1613 2559 Περίανδρος
1660 2505 1708 2547 δὲ
1761 2506 1922 2547 συνιεὶς
1967 2506 2016 2548 τὸ

1209 2562 1396 2616 ποιηθὲν
1440 2564 1507 2604 καὶ
1551 2560 1642 2618 νόῳ
1682 2565 1837 2617 ἴσχων,
1880 2561 1941 2606 ως
1975 2579 2016 2607 οι

1209 2614 1438 2663 ὑπετίθετο
1475 2619 1795 2676 Θρασύβουλος
1825 2636 1860 2663 κ.
1893 2638 1926 2669 τ
1960 2626 2013 2676 L,

1206 2678 1293 2719 ubi
1313 2692 1440 2722 nemo
1482 2680 1692 2722 adiecerit
1721 2679 1783 2721 ἐν.
1848 2681 2014 2724 Deinde

1205 2728 1426 2779 πάντως
1482 2740 1571 2778 καὶ
1632 2736 1805 2790 πάντῃ
1856 2739 2014 2782 dicitur

1206 2800 1474 2838 utnostrum
1498 2796 1597 2838 auf
1620 2796 1750 2838 iede
1775 2800 1874 2837 Art
1904 2798 2009 2839 und

1206 2852 1424 2896 weise.
1448 2853 1614 2896 Phileb.
1664 2867 1705 2908 p.
1751 2853 1823 2897 60.
1866 2853 1925 2900 C:
1977 2848 2011 2910 ᾦ

1205 2914 1377 2981 παρείη
1402 2908 1538 2954 τοῦτ’
1554 2907 1655 2954 ἀεί
1649 2935 1707 2942 -
1736 2907 1909 2953 πάντως
1940 2916 2009 2954 και

1204 2966 1355 3022 πάντῃζ
1386 2971 1574 3012 Phaedr.
1597 2983 1638 3023 p.
1658 2969 1757 3013 246.ι
1780 2975 1838 3010 A:
1872 2966 2008 3024 πάντῃ

1203 3024 1396 3070 πάντως.
1427 3016 1600 3080 Neque
1635 3028 1761 3078 aliter
1791 3029 2008 3082 accipien-

1201 3085 1325 3127 dum
1348 3086 1451 3127 illud
1492 3076 1694 3136 οὐδαμῶς
1723 3081 1911 3141 οὐδαμῆ,
1953 3087 2007 3129 de

1199 3143 1570 3244 ggogcrip'simus
1614 3143 1671 3185 ad
1705 3143 1930 3186 Phaedon.
1962 3159 2002 3199 p.

1255 3254 1307 3312 ⁷⁴5⁴
1343 3253 1569 3312 α’λαζόνι
1627 3257 1741 3300 ὄντι
1792 3257 2008 3330 μηδαμῇ

1188 3315 1468 3376 ’μεὲεἴναι]
1514 3317 1598 3358 Hic
1649 3330 1823 3373 quoque
1871 3314 1901 3372 ἤ
1938 3324 2006 3359 est

1195 3372 1467 3427 filioquim
1502 3381 1566 3417 ut
1614 3376 1714 3417 iam
1747 3381 2002 3418 annotatum

1599 3433 1801 3488 p..463
1805 3433 1855 3474 Β.
1912 3433 2002 3475 Sed

1192 3490 1404 3532 notandus
1472 3496 1704 3545 praeterea
1762 3491 2000 3534 infinitivus
