2098 3658
334 169 436 220 :276
944 168 1414 222 PLATONIS

246 312 292 366 1,
335 312 812 385 γενόμενος,μι’ξας
834 315 1212 384 γυμναστικὴν
1239 314 1784 416 ὶατρικῇ,οἰπέκναισε
1809 320 2032 388 πρῶτον

331 402 433 468 μὲν
474 402 568 453 καί
599 397 838 467 μάλιστα
887 399 1104 465 ἑαυτόν,
1136 401 1314 456 ἔπειτ’
1366 398 1574 464 ἄλλους
1626 400 1861 473 ὕστερον
1897 409 2032 458 πολ-

331 482 479 546 λούς.
526 486 622 559 Πῇ
651 481 749 549 δή;
795 489 916 554 ἔφη.
967 484 1228 555 Μακρόν,
1270 479 1342 551 ἦν
1387 484 1434 538 δ’
1490 485 1610 554 ἐγώ,
1637 485 1738 541 τὸν
1765 486 2031 543 θάνατον

331 566 484 637 αὐτῷ
513 566 766 633 ποιήσας.
803 573 1261 639 παρακολουθῶν
1288 569 1396 642 γὰρ
1427 572 1503 639 τῷ
1533 569 1812 641 νοσήματι
1839 576 2032 627 θανα-

330 656 468 722 σίμῳ
508 650 629 711 ὄντι
657 647 784 705 οὕτε
815 651 1117 720 ἰάσασθαι,
1146 654 1316 724 οἶμαι,
1367 652 1486 718 οἶός
1530 653 1567 707 τ’
1619 647 1686 722 ἦν
1709 655 1928 720 ἑαυτόν,
1972 664 2032 712 ἐν

329 736 569 807 ἀσχολίᾳ
618 757 675 790 τε
732 735 960 791 πάντων
1006 738 1398 810 ἰατρευόμενος
1447 736 1539 794 διὰ
1585 742 1712 808 βίου
1755 743 1846 807 ἔζη
1887 740 2032 797 ἀπο-

331 819 676 891 κναιόμενος,
722 820 772 874 εἴ
810 843 864 875 τι
907 824 1006 889 τῆς
1050 828 1318 887 εἰωθυίας
1366 827 1580 890 διαίτης
1624 827 1847 894 ἐκβαίη,
1910 824 2030 888 δυςτ

330 908 609 960 θανατῶν
658 907 714 959 δὲ
757 904 867 960 ὑπὸ
911 912 1114 983 σοφίας
1160 915 1234 972 εἰς
1271 911 1449 980 γῆρας
1491 908 1745 983 ἀφίκετο.
1834 907 2032 964 Καλὸν

328 987 443 1088 ἄρα
490 988 554 1045 τὸ
600 995 788 1059 γέρας,
836 996 970 1064 ἔφη,
1012 1013 1128 1059 >της
1172 1001 1359 1064 τέχνης
1403 993 1690 1061 ἠνέγκατο.
1783 991 1916 1049 Οἷον
1958 1001 2031 1048 εἰ-

225 1082 271 1136 C
327 1073 447 1140 κός,
492 1066 562 1142 ἦν
607 1073 656 1128 ὃ
711 1073 841 1144 ἐγω,
887 1074 987 1130 τὸν
1031 1077 1107 1147 μὴ
1157 1077 1375 1144 εἰδότα,
1429 1075 1516 1132 ὅτι
1555 1076 1884 1141 Ἀσκληπιὸς
1931 1077 2030 1134 οὐκ

330 1156 534 1230 άγνοίᾳ
579 1157 707 1215 οὐδὲ
755 1157 984 1231 ἀπειρίᾳ
1027 1162 1230 1217 τούτου
1275 1165 1376 1217 τοῦ
1422 1163 1599 1226 εἴδους
1636 1165 1741 1228 τῆς
1780 1166 2031 1235 ἰατρικῆς

332 1255 451 1308 τοῖς
502 1242 750 1312 ἐκγόνοις
803 1242 869 1299 οὐ
926 1246 1228 1312 κατέδειξεν
1271 1245 1444 1311 αὐτό,
1498 1245 1628 1300 ἀλλ
1676 1245 1874 1310 εἰδως,
1941 1245 2068 1302 ὅτι,

328 1331 469 1382 πᾶσι
513 1338 628 1391 τοῖς
672 1326 1099 1399 εὐνομουμένοις
1155 1336 1314 1402 ἔργον
1360 1352 1413 1384 τι
1457 1330 1669 1399 ἑκάστῳ
1715 1337 1773 1385 ὲν
1815 1332 1882 1407 τῇ
1927 1330 2029 1386 πό-

326 1417 407 1469 λει
452 1418 881 1484 προςτέτακται,
938 1411 967 1468 ὃ
1013 1412 1325 1485 αναγκαῖον
1371 1415 1737 1486 ἐργάζεσθαι,
1793 1419 1905 1469 καὶ
1932 1415 2026 1471 ου-

328 1499 440 1551 ὃενί
499 1493 669 1568 σχολὴ
724 1494 818 1567 δια
873 1499 1003 1567 βίου
1059 1498 1290 1570 κάμνειν
1351 1505 1739 1570 ἰατρευομένῳ.
1796 1497 1826 1554 ὃ
1875 1498 2029 1570 ἡμεῖς

324 1585 546 1652 γελοίως
601 1582 688 1637 ἐπὶ
745 1585 848 1652 μὲν
899 1585 1008 1638 τῶν
1052 1586 1402 1656 δημιουργῶν
1445 1582 1886 1655 αἰσθανόμεθα,
1940 1588 2025 1640 ἐπὶ

441 1776 548 1828 Cap.
582 1777 682 1819 XV.
742 1777 800 1817 D.
871 1777 1082 1819 Τέκτων
1113 1776 1227 1827 μέν,
1260 1771 1395 1830 ἧνδ’
1428 1773 1555 1829 ἐγώ,
1590 1773 1736 1826 κάμν.
1749 1774 1764 1829 ]
1803 1775 1912 1816 Post
1949 1774 2023 1816 Τὲ-

327 1834 436 1873 κτων
475 1828 579 1875 Par.
624 1837 680 1875 A.
720 1835 834 1878 Ven.
867 1837 914 1879 Ξ.
956 1837 1108 1877 Ambr.
1157 1835 1251 1877 Vat.
1291 1849 1349 1875 m.
1388 1833 1511 1878 Flor.
1552 1846 1592 1876 a.
1625 1847 1661 1898 ο.
1690 1847 1733 1873 n.
1764 1846 1805 1874 α.
1834 1839 1872 1887 γ.
1914 1827 2024 1879 infe-

325 1898 425 1932 runt
454 1890 531 1942 ’μέν
560 1899 662 1934 ante
695 1891 945 1935 Bekkerum
975 1894 1234 1947 neglectum.
1288 1908 1290 1910 ’

386 1950 395 2002 j
440 1947 652 2004 μακρὰν
693 1948 915 1992 διαιταν
959 1952 1066 2006 πρ]
1112 1951 1212 1992 Par.
1258 1949 1410 1991 ΑΒΚ.
1454 1949 1595 1989 Vind.
1627 1948 1731 1990 Ven.
1763 1948 1816 1991 11.
1849 1948 1973 1990 Vat.
1986 1962 2022 1989 ι.

1216 2080 1321 2133 bare
1356 2091 1646 2138 arbitrentur;
1687 2092 1784 2144 ipse
1824 2090 2023 2143 philoso-

323 2092 427 2132 dum
458 2078 571 2138 ‚usos
603 2105 724 2144 esse,
765 2102 808 2134 et
847 2096 997 2147 paullo
1028 2100 1131 2135 ante

1214 2151 1329 2203 phus
1368 2163 1492 2190 suam
1532 2161 1710 2196 caus-am
1761 2149 1823 2190 ita
1856 2154 2023 2199 tuetur,
2096 2195 2098 2198 ,

322 2148 522 2192 Platonis
567 2157 767 2204 tempora
813 2153 1130 2205 gymnasticam

321 2212 460 2251 artem
506 2209 858 2262 athletarumque
916 2212 1129 2251 exercita-

320 2266 487 2309 tionem
528 2268 592 2308 ad
642 2269 880 2311 curandam
929 2270 1129 2320 eorporis

320 2324 617 2365 valetudinem
693 2338 790 2366 esse
870 2327 1127 2368 adhibitam.

324 2381 456 2422 Cous.
489 2383 746 2424 Eustath.
779 2384 984 2426 adlliad.
1017 2385 1052 2424 λ.
1083 2398 1126 2437 p.

307 2439 433 2485 ’829
458 2439 538 2484 40.
584 2442 690 2493 φασὶ
731 2437 812 2495 γὰρ
857 2439 903 2481 τὸ
932 2455 1127 2496 χειρουρ-

325 2494 449 2569 γικὸν
487 2498 556 2541 καὶ
597 2497 946 2553 φαρμακευτικόν
988 2497 1127 2551 μόνον

321 2551 539 2610 ευρῆσθαι
600 2555 725 2612 παρὰ
778 2562 868 2598 τοῖς
920 2559 1128 2607 παλαιοῖς,

322 2615 403 2654 τοῦ
441 2612 488 2654 δὲ
537 2613 802 2671 διαιτητικοῦ
847 2611 1129 2671 Ἱπποκράτην

320 2671 416 2723 μὲν
427 2670 648 2727 κατάρξαι,
686 2671 914 2728 Ἡρόδικον
946 2673 992 2715 δὲ
1023 2688 1125 2716 συν-

322 2729 483 2772 τελέσαι
501 2733 570 2772 καὶ
591 2729 884 2786 Πραξαγόραν
915 2734 984 2775 καὶ
1003 2730 1125 2786 Χρύ-

322 2802 497 2830 σιππον.
529 2790 599 2832 De
621 2792 846 2833 Herodico
877 2791 963 2832 hoc
994 2793 1125 2844 siqui

318 2849 448 2900 plura
473 2851 587 2890 seire
617 2852 819 2902 cupiant,
857 2850 890 2889 ii
923 2848 1123 2891 Gesne-

319 2919 434 2946 rum
460 2912 522 2950 ,et
563 2907 932 2948 Hermannum
970 2913 1123 2953 annot.

318 2965 376 3005 ad
415 2965 601 3006 Luoian.
639 2967 696 3006 de
735 2965 964 3007 Conscrib.
1000 2965 1122 3010 nist.

320 3022 361 3074 ξ.
378 3021 450 3065 35.
479 3024 874 3065 Heindorfium
904 3025 963 3064 ad
983 3023 1123 3065 Phae-

320 3080 384 3120 dr.
416 3079 454 3131 ξ.
485 3080 526 3125 2.
549 3083 721 3124 adeant.
741 3105 798 3112 —
830 3076 1124 3122 ἀπέκναισε

319 3137 457 3177 schol.
500 3140 844 3192 interpretatur
862 3136 1130 3193 διέφθειρεν,

321 3190 382 3234 ὥς
419 3195 520 3235 νῦν·
565 3199 757 3249 σημαίνει
796 3195 843 3237 δὲ
881 3197 951 3237 καὶ
995 3197 1126 3248 ἔκοψε

321 3252 390 3292 και
433 3249 657 3306 ἐλύπησεν.
713 3269 765 3297 v.·
807 3255 1022 3296 Ruhnk.
1067 3256 1126 3296 ad

320 3309 435 3351 Tim.
468 3325 512 3363 p.
535 3310 680 3354 42.-
741 3311 948 3354 Ceterum
979 3313 1017 3353 si
1049 3314 1124 3366 qui

319 3375 435 3419 sunt,
469 3371 543 3422 qui
573 3370 686 3410 hanc
718 3368 917 3414 Platonis
951 3375 1122 3412 sentem

316 3430 422 3471 tiam
455 3427 552 3468 duri
574 3428 678 3479 quid
714 3434 756 3468 et
785 3429 1012 3471 inhumani
1045 3428 1120 3469 ha-

1215 2214 1263 2248 ut
1303 2209 1422 2249 dicat
1461 2209 1507 2248 in
1548 2207 1728 2251 civitate
1771 2207 1882 2247 bene
1914 2219 2021 2248 con-

1215 2268 1366 2307 stituta
1399 2279 1451 2306 ac
1480 2265 1676 2318 perfecta
1691 2265 1862 2307 nemini
1887 2265 2022 2313 licere

1216 2322 1373 2378 σχολὴν
1425 2319 1503 2370 διοίν
1540 2323 1647 2375 βίου
1697 2319 1914 2373 κάμνειν,
1943 2324 2021 2365 sed

1214 2397 1341 2424 suum
1371 2383 1529 2434 cuique
1559 2394 1674 2422 onus
1711 2391 1807 2422 esse
1837 2382 2020 2433 imposi-

1213 2447 1331 2491 tum3
1374 2441 1445 2480 cui
1509 2440 1770 2486 sustinendo
1816 2440 1855 2480 si
1896 2439 2021 2482 ,vires

1211 2504 1426 2552 perpetuo
1473 2498 1562 2538 sint
1615 2497 1869 2544 defuturae,
1929 2509 2019 2539 non

1211 2570 1309 2598 esse
1336 2557 1553 2609 ,cuiquam
1601 2556 1693 2596 illio
1740 2555 2020 2606 manendum,

1211 2616 1288 2656 ubi
1334 2626 1477 2668 neque
1513 2615 1623 2666 ipse.
1649 2614 1804 2656 beatus
1832 2613 2019 2664 vivere,

1211 2686 1356 2726 neque
1413 2672 1472 2713 ad
1531 2669 1705 2712 civilem
1765 2671 2018 2712 societatem

1212 2732 1452 2785 quidquam
1464 2729 1669 2777 ,utilitatis
1688 2729 1888 2771 conferre
1911 2741 2014 2781 pos-

1212 2790 1284 2830 sit.

1268 2875 1321 2916 B.
1357 2859 1796 2927 παρακολουθῶν
1826 2868 1926 2924 γὰρ
1949 2870 2017 2925 τῷ

1211 2931 1275 2986 ν.]
1308 2935 1440 2986 quum
1469 2928 1689 2973 labantem
1719 2929 2015 2970 valetudinem

1211 2994 1460 3034 sustentate
1490 2991 1739 3031 conaretur.

1267 3067 1627 3117 δυεθανατιὸν
1657 3098 1712 3104 —-
1748 3067 2012 3124 ἄφίκετο]

1209 3125 1313 3176 ¹dum
1362 3136 1522 3176 malam
1564 3134 1660 3175 obit
1701 3137 1910 3178 mortem,
1955 3130 2014 3171 ad
2083 3138 2087 3196 ε’

1210 3198 1478 3236 senectutem
1518 3192 1764 3244 sapientiae
1799 3202 1884 3241 ope
1902 3201 2012 3241 per·
2081 3227 2083 3245 A

1375 3251 1621 3292 Proxima
1660 3245 1793 3290 καλὸν
1831 3244 1915 3300 ἄρα
1953 3268 2011 3285 --.
2080 3252 2083 3288 ἰ

1209 3252 1342 3292 venit.

1207 3306 1416 3363 ἠνέγκατο
1448 3322 1546 3349 eum
1565 3307 1762 3362 ειρωνειά
1777 3306 1897 3347 dicta
1914 3316 2011 3346 esse
2078 3327 2080 3329 -

1205 3369 1425 3408 neminem
1466 3367 1620 3420 fugiet.
1680 3364 1906 3412 Pulcrum
1922 3362 2008 3414 igi-

1205 3433 1287 3476 tur,
1320 3426 1478 3478 inquit,
1507 3425 1616 3466 artis
1649 3436 1754 3472 suae
1768 3422 2009 3474 praemium
2074 3432 2077 3473 j
