2124 3744
297 175 362 221 §.vti
885 169 1369 222 PLATONIS

290 313 388 384 ’Ap‘
441 304 544 367 οὖν
589 310 654 366 οὐ
702 318 792 366 καὶ
834 312 861 367 ὁ
917 311 1072 380 ἥλιος
1116 312 1252 388 ὄψις
1293 319 1396 382 μὲν
1443 315 1543 369 ουκ
1588 320 1764 378 ἔστιν,
1815 318 1993 376 αἴτιος

294 395 333 450 O’
388 393 466 450 ὢν
513 395 690 462 αὐτῆς
734 395 940 466 ὁρᾶται
984 397 1069 452 ὑπ’
1118 398 1296 465 αὐτῆς
1332 397 1571 463 ταύτης;
1624 397 1826 462 Οὕτως,
1873 391 1904 464 ἦ
1946 398 1988 452 ‹3'

293 479 373 544 ὅς.
427 479 651 535 Τοῦτον
699 485 911 547 τοίνυν,
955 473 1023 547 ἦν
1068 482 1108 536 ‹5’
1160 483 1291 550 ἐγώ,
1348 481 1529 554 (solvat
1572 504 1637 552 με
1680 486 1852 550 λέγειν
1895 482 1996 536 τὸν

296 568 393 619 τοῦ
439 562 677 633 ἀγαθοῦ
721 571 977 635 ἔκγονον,
1026 563 1093 621 ὃν
1139 563 1410 634 τάγαθὸν
1455 572 1739 633 ἐγέννησεν
1785 565 1994 622 ἀνάλο-

294 671 397 715 γον
438 651 646 718 ἑαυτῷ·
702 648 731 703 ὅ
779 671 832 702 τι
877 670 977 718 περ
1024 648 1164 705 αὐτὸ
1210 657 1269 704 ὲν
1315 652 1391 719 τῷ
1432 654 1615 719 νοητῷ
1657 651 1813 719 τόπῳ
1860 649 1998 718 πρός

294 755 350 788 τε
399 735 560 787 νοῦιΓ
583 736 674 787 καὶ
720 731 790 787 τὰ
837 733 1133 802 νοούμενα,
1179 735 1348 788 τοῦτο
1384 738 1600 792 ,τοῦτον
1646 742 1701 788 έν
1746 737 1819 803 τῷ
1864 733 1999 803 ὁρα-

295 820 370 885 τῷ
421 815 559 886 πρός
604 839 662 871 τε
708 813 848 890 ὄψιν
901 820 993 872 καὶ
1040 816 1108 871 τὰ
1157 815 1431 888 ὁρώμενα.
1498 820 1664 880 Πῶς;
1727 824 1859 892 ἔφη·
1918 825 1997 872 ἔτι

295 905 483 956 δίελθέ
526 923 637 970 μοι.
699 901 1060 976 Ὀφθαλμοί,
1107 893 1176 968 ἦν
1224 902 1264 956 δ’
1316 900 1456 971 ἐγώ,
1504 901 1664 958 οἷσθ’
1717 901 1821 967 ὅτι,
1857 900 2000 956 ὅταν

293 994 485 1056 μηκέτι
529 985 603 1040 ἐπ’
658 983 962 1049 ὲκεῒνάτις
1005 984 1214 1050 αὐτοὺς
1241 994 1430 1063 τρέπῃ,
1475 980 1554 1040 ὧν
1587 984 1661 1040 ἄν
1692 985 1789 1051 τὰς
1822 987 2000 1056 χρόας

296 1068 359 1125 τὸ
414 1067 681 1139 ἡμερινὸν
729 1072 848 1144 ᾳῶς
893 1075 1078 1146 ἐπέχῃ,
1126 1070 1268 1125 ἀλλὰ
1327 1063 1405 1125 ὧν
1461 1070 1751 1140 νυκτερινοὶ
1809 1079 2000 1144 φέγγη,

295 1153 724 1225 ἀμβλυώττουσί
768 1175 826 1209 τε
868 1158 958 1209 καὶ
1001 1153 1159 1224 ἐγγυς
1194 1159 1499 1230 φαίνονται
1534 1158 1774 1228 τυφλῶν,
1823 1153 1999 1224 ὥςπερ

297 1238 398 1294 οὐκ
442 1238 674 1305 ἐνούσης
717 1242 991 1309 καθαρᾶς
1037 1237 1238 1313 ὅψεως.
1306 1242 1417 1293 Καὶ
1461 1239 1631 1309 μάλα,
1677 1244 1797 1311 ἔφη.
1829 1237 2000 1295 Ὅταν

297 1328 351 1379 δέ
395 1322 459 1391 γ’,
506 1323 688 1386 οἶμαι,
746 1315 824 1377 ὧν
881 1322 910 1378 ὁ
971 1321 1127 1390 ἥλιος
1166 1323 1519 1394 καταλάμπει
1577 1325 1770 1395 σαφῶς
1814 1322 1999 1399 ὁρῶσι,

413 1489 466 1531 Β.
524 1483 605 1543 Ap’
649 1483 753 1530 οὖν
792 1484 856 1529 οὐ
900 1489 985 1529 καὶ
1029 1485 1051 1529 ὁ
1091 1486 1250 1542 ἥλιος
1283 1489 1363 1543 ——]
1423 1489 1610 1532 Laudat.
1647 1489 1807 1542 Eusep.
1845 1489 1998 1544 Praep.

301 1549 462 1600 Evang.
493 1547 568 1596 Xl,
602 1548 671 1591 21.
706 1562 747 1601 p.
779 1546 880 1590 542.
917 1547 966 1590 C.
1031 1567 1038 1572 ·

415 1602 583 1658 φάναι
614 1620 672 1655 με
703 1604 913 1658 λέγειν]
936 1605 1076 1675 Mon.
1111 1609 1153 1644 et
1179 1600 1295 1646 Flor.
1329 1604 1373 1656 β.
1401 1602 1528 1656 φάθι.
1552 1602 1775 1647 MoxVat.
1798 1601 1846 1645 Θ.
1870 1603 1998 1648 Vind.

302 1663 396 1703 Vat.
438 1678 472 1705 r.
510 1665 684 1705 inverso
727 1665 879 1704 ordine
922 1662 1063 1703 ἑαυιῶ
1108 1657 1340 1715 ἆιάλογον.
1373 1665 1478 1703 Ast.
1517 1657 1598 1702 ἀνὰ
1631 1659 1764 1716 λόγον
1796 1663 1997 1712 malebat,

299 1723 512 1773 probante
543 1721 798 1763 Heindorfio
832 1721 883 1761 ad
918 1721 1131 1762 Phaedon.
1166 1721 1206 1773 ξ.
1240 1719 1337 1762 136.
1388 1720 1482 1761 Non
1514 1719 1668 1773 probo.
1712 1721 1824 1760 Tim
1856 1733 1896 1773 p.
1928 1719 1998 1763 69

298 1779 350 1823 Β
384 1776 574 1834 ἀνάλογα
614 1781 698 1820 καὶ
725 1776 956 1832 σύμμετρα.
990 1779 1160 1821 Monac.
1195 1775 1411 1832 ἀνάλογον
1440 1777 1615 1819 ἑαυτοῦ.
1646 1801 1702 1808 -
1761 1779 1879 1819 Ante
1912 1774 1939 1817 ὅ
1964 1792 2000 1818 τι

300 1851 377 1890 περ
410 1839 563 1891 Steph.
597 1839 673 1878 καί
705 1837 982 1878 inserendum
1019 1843 1154 1890 putat.
1225 1837 1435 1878 Videlicet
1466 1849 1547 1878 nec
1578 1834 1647 1877 hic
1676 1835 1784 1892 vidit
1813 1836 1893 1877 ista
1927 1848 1999 1878 ex-

302 1895 483 1963 plicandi
516 1908 649 1936 cansa
682 1908 779 1936 esse
811 1896 1000 1936 adiecta.

417 1945 487 1993 ὧν
518 1949 543 1994 ό
575 1949 726 2007 ἥλιος
763 1948 1137 2003 καταλιῖμπει]
1171 1948 1415 2004 καταλάμπῃ
1450 1953 1544 1991 Par.
1566 1952 1614 1991 A.
1643 1948 1766 1993 Vind
1800 1949 2000 1993 B.F10r.

299 2023 338 2053 a.
378 2024 415 2054 c.
458 2026 497 2051 α.
533 2026 570 2065 γ.
609 2011 891 2080 probantibus
923 2009 1123 2051 Schneid.
1156 2009 1285 2050 '.1'urr
1347 2007 1437 2049 Sed
1479 2020 1562 2048 non
1603 2008 1772 2050 vidvtur
1811 2007 2002 2058 dubium,

298 2068 397 2120 quin
430 2075 730 2122 antegressum
746 2065 875 2110 Ὅταν
905 2066 1099 2109 fraudem
1122 2066 1329 2108 effecerit.
1353 2066 1495 2107 Recte
1529 2065 1628 2108 cod.
1655 2066 1756 2108 Vat.
1785 2063 1831 2108 Θ.
1837 2078 1937 2121 qur
1957 2070 2002 2106 et

297 2126 394 2177 ipse
427 2132 495 2167 est
525 2127 768 2180 primarius,
802 2140 881 2167 una
915 2139 1010 2166 cum
1044 2126 1171 2166 Ven..
1206 2123 1295 2167 HE·-
1331 2123 1429 2166 Par.
1459 2123 1551 2166 DK.
1585 2123 1704 2164 Flor.
1738 2123 1778 2164 b.
1811 2136 1850 2163 n.
1884 2137 1924 2163 α.
1989 2156 2000 2166 .

299 2185 415 2236 Aug.
448 2184 604 2227 Ambr.
646 2185 761 2227 Μοιι
795 2184 1070 2224 indicativum
1104 2188 1293 2223 tuentur.
1359 2181 1452 2223 Nec
1483 2195 1586 2221 vero
1630 2181 1888 2221 coniunctis?
1916 2181 2001 2222 ulla
2059 2216 2062 2219 ,

300 2243 544 2282 necessitas
575 2248 648 2290 ant
679 2255 832 2283 caussa
866 2247 948 2283 est.

420 2300 471 2341 D.
503 2290 716 2340 ἐνοῦσα
748 2297 1044 2351 φαίνεται]
1094 2295 1196 2337 Voe
1243 2292 1343 2346 ὄψις
1387 2300 1488 2336 ante
1519 2293 1682 2336 ἐνοῦσα
1712 2280 1832 2336 addit
1865 2294 2002 2339 ssekk.

300 2413 343 2451 ἐν
376 2404 408 2467 ᾦ
430 2411 734 2466 ἐγγίγνεται,
717 2410 742 2453 ω’
764 2414 852 2456 κτλ..
874 2411 963 2453 Sed
986 2425 1109 2465 prae
1200 2410 1318 2450 Plat.
1361 2423 1402 2462 p.
1433 2409 1533 2454 378.
1585 2409 1820 2451 Macrob.
1854 2408 2002 2452 Somn.

303 2470 437 2510 misso
477 2469 502 2522 ἦ
555 2469 659 2524 ὄψις
715 2471 872 2511 deinde
940 2474 1115 2524 praeter

301 2526 410 2580 ὄψιν
442 2530 573 2570 etiam
607 2529 753 2581 ipsum
789 2528 958 2571 oculum
994 2539 1113 2568 com-

301 2593 621 2627 memoraturus
637 2586 778 2639 pergit
797 2586 901 2627 οὔτε
917 2583 1113 2637 αὐτὴοῦ-

298 2657 344 2682 τε
375 2645 416 2682 ἐν
447 2640 480 2698 ιιῦ
525 2644 779 2698 ἐγγίγνεται.
844 2644 971 2687 Quae
1007 2655 1112 2683 con-

299 2702 484 2742 structio
536 2713 618 2741 non
663 2701 882 2756 discrepat
922 2701 975 2742 ab
1025 2700 1113 2750 illa,

300 2768 428 2810 quam
476 2759 568 2799 libr
601 2758 1110 2804 111..414.D.n0-

301 2816 486 2857 tavimus
517 2815 570 2858 ad
604 2773 759 2860 vpzerba
793 2813 903 2870 ἦσαν
933 2840 978 2846 -
1017 2829 1111 2870 τρε-

299 2870 487 2926 φόμενοι
526 2873 594 2913 καὶ
625 2873 759 2915 αὐτοὶ
804 2877 877 2916 καὶ
907 2873 958 2915 τὰ
995 2871 1111 2913 οπλα

298 2929 443 2971 αὐτῶν
472 2932 563 2974 κτλ.

310 2999 315 3003 “
357 2987 410 3029 Β
445 2988 551 3043 φοῖν
561 3005 617 3027 αι
649 3004 712 3043 με
745 2989 947 3044 λέγειν]
1011 2988 1106 3029 1ηῆ-

301 3045 456 3087 nitivus
474 3060 558 3100 pro
579 3047 836 3100 imperativo
859 3043 1051 3101 positus·
1073 3058 1112 3085 v.

300 3102 353 3142 ad
392 3104 438 3147 V
473 3119 514 3158 p.
551 3104 649 3148 473
683 3106 740 3148 A.
783 3105 899 3146 Crat.
939 3119 980 3159 p.
1011 3077 1109 3147 4²26.

304 3160 356 3200 B.
422 3163 485 3202 De
530 3168 626 3205 toto
659 3163 757 3204 loco
793 3166 904 3203 Ast.
937 3171 1116 3213 compa-

305 3219 416 3258 ravit
448 3219 732 3263 Plutarch.
765 3219 820 3261 T.
856 3221 911 3263 ΙΙ.
943 3218 1112 3274 p.781.

304 3273 351 3317 F.
394 3275 594 3318 Iulian.
635 3277 756 3319 Orat.
804 3277 897 3321 lV.
927 3292 970 3332 p.
1014 3276 1113 3321 133.

300 3333 354 3372 A.
405 3334 640 3387 (irefgor.
687 3335 952 3377 Nazianz.
987 3336 1111 3378 Orat.

298 3389 504 3434 XXXIV.
555 3393 730 3444 p.-559.
776 3392 829 3433 Β.
867 3392 1037 3435 etXL.
1065 3406 1110 3446 p.

298 3448 395 3493 639.
452 3450 507 3489 A.
574 3451 832 3491 Proetum
897 3449 1111 3503 Theoiog.

1201 2469 1318 2521 Scip.
1362 2469 1408 2518 Ι,
1439 2467 1481 2510 2.
1531 2471 1707 2508 Petav.
1756 2466 1809 2508 ad
1848 2466 2005 2517 Iuliani

1203 2528 1227 2567 Ι.
1270 2538 1306 2567 c.
1347 2539 1390 2578 Ρ.
1434 2525 1504 2569 85.
1578 2525 1747 2569 Quibus
1779 2523 1913 2566 addas
1955 2524 2003 2565 Ιί-

1201 2589 1272 2625 cet
1313 2582 1570 2624 Proclum
1601 2584 1642 2624 in
1681 2582 1795 2623 Tim.
1828 2595 1854 2634 p
1905 2581 2003 2626 111.

1201 2639 1448 2683 Chalcid.
1498 2641 1535 2680 in
1569 2638 1686 2697 Tim.
1718 2653 1761 2694 p.
1795 2638 1893 2683 342.
1924 2641 2003 2684 Iu-

1201 2699 1328 2740 lian.
1371 2697 1511 2752 Epist.
1557 2697 1627 2741 51.
1662 2698 2004 2741 Damascium

1196 2757 1266 2798 De
1286 2756 1465 2810 princip.
1491 2769 1532 2808 p.
1554 2755 1622 2800 76.
1643 2767 1737 2808 sqq.
1766 2755 1833 2796 ed.
1858 2755 2003 2808 Kopp.

1196 2814 1477 2856 ΙέπιὺΙίεΙι.
1493 2812 1716 2884 Protrept.
1752 2811 1801 2852 C.
1817 2811 1859 2854 4.
1901 2812 2006 2854 Ver·

1196 2873 1250 2913 ba
1287 2870 1314 2910 δ’
1343 2887 1386 2911 ἰι
1415 2885 1498 2926 περ
1521 2893 1570 2901 -
1606 2869 1680 2910 καὶ
1714 2868 1766 2909 τὰ
1808 2866 2005 2924 nemiuem

1195 2943 1273 2984 per
1302 2929 1563 2982 epexegesin
1591 2927 1764 2968 adiecta
1795 2939 1879 2968 non
1912 2933 2006 2969 erat

1198 3000 1276 3029 cur
1333 2983 1500 3038 Steph
1577 2985 1847 3027 sollicitaret.
1930 2984 2002 3026 Ad

1195 3048 1331 3085 τοῦτο
1370 3047 1533 3085 τοῦτον
1573 3047 1724 3095 repete
1770 3042 1883 3094 apud
1915 3043 2004 3084 ani—

1201 3115 1314 3144 mum
1349 3099 1486 3171 ‹pqivm
1514 3113 1567 3152 με
1601 3100 1746 3153 λέγειν.

1263 3159 1314 3199 C.
1355 3152 1426 3202 ὦν
1463 3154 1754 3210 νυκτερινὰ
1800 3156 2004 3211 φέγγη]

1200 3217 1332 3267 „offis
1363 3221 1407 3257 et
1441 3213 1579 3268 φέγγη
1603 3216 1686 3256 sibi
1712 3214 2003 3268 opponuntur.

1198 3274 1308 3324 lund
1340 3273 1450 3314 enim
1484 3273 1537 3316 de
1561 3274 1679 3322 solis,
1713 3272 1877 3327 φέγγος
1901 3285 2005 3327 vero

1199 3333 1253 3374 de
1277 3333 1415 3378 ,lunae
1447 3330 1726 3384 siderumque
1758 3331 1852 3378 luce
1879 3334 2004 3374 usur-

1198 3389 1288 3443 pari
1322 3389 1452 3431 solet.
1484 3401 1522 3430 v,
1562 3388 1794 3430 Coraius
1824 3387 1881 3441 ad
1910 3387 2026 3433 Her
2100 3414 2104 3420 ι

1195 3446 1338 3488 iiodor
1385 3459 1424 3499 p.
1460 3445 1557 3489 289.
1615 3447 1713 3487 Etsi
1747 3446 1843 3497 φῶς
1875 3445 2002 3486 etiam
