2124 3744
200 627 247 679 C

246 740 266 759 t
293 705 508 773 μαιἹ-ής.

204 1303 256 1355 D

295 144 360 193 ‘26
902 141 1387 197 PLATONIS

292 309 385 348 κος
428 291 678 354 γένοιτος
772 286 882 341 Οὐκ
927 292 1057 343 ἔστι.
1154 292 1265 342 Καὶ
1311 291 1481 343 τοῦτο
1529 286 1596 354 δὴ
1642 287 1829 362 ’ψυχὴν
1870 308 1993 342 σκο-

293 373 412 423 πῶν
457 367 776 443 φιλόσοφον
821 374 912 425 καὶ
979 371 1055 442 μὴ
1101 370 1281 435 εὐθὺς
1325 378 1448 426 νέου
1493 369 1658 435 ὄντος
1704 377 1997 446 ἐπισκέψει,

293 449 506 530 εὶ-ῖξᾶρα
567 456 752 508 δικαία
818 476 873 508 τε
932 460 1023 510 καὶ
1081 453 1284 525 ἥμερος
1341 452 1852 521 ἢὸυςκοινῶνητος
1907 458 1997 509 καὶ·

293 537 482 606 ἀγρία.
568 537 741 592 [Ιοὶνυ
799 542 898 603 μὲν
958 533 1079 595 οὖν.
1171 539 1248 593 Οὐ
1306 538 1418 608 μὴν
1474 539 1602 594 οὐδὲ
1646 539 1770 594 τόδε
1816 561 1998 607 παρα-

296 626 534 694 λείψεις,
593 620 666 685 ὡς
724 613 950 692 ἐγῷμαι.
1046 621 1122 676 Τὸ
1173 633 1374 685 ποῖον,·
1465 622 1751 692 Homo-239
1800 619 1829 688 ἢ
1877 627 1998 685 ὂυς·

532 703 605 771 ὴῆ
653 709 962 776 προςδοκᾷς
1023 711 1156 760 ποτε
1213 704 1337 760 τινα
1386 727 1432 759 τι
1482 710 1684 769 ἱκανῶς
1730 704 1803 759 ἂν
1847 714 1999 774 στέρ-

296 790 401 855 ξαι,
447 789 476 843 ὃ
525 786 785 886 πράττων
834 787 908 843 ἂν
951 789 1139 858 ἀλγῶν
1183 811 1239 843 τε
1287 789 1529 858 πράττοι
1557 795 1645 844 καὶ
1677 789 1836 858 μόγις
1879 808 2000 859 σμι-

297 872 430 943 κρὸν
476 872 733 938 άνύτωνς
825 872 937 927 Οὐκ
990 871 1064 926 ἂν
1123 879 1355 940 γένοιτο.
1450 877 1517 928 Τι’
1577 873 1667 940 δ’,·
1724 880 1769 928 εὶ
1828 876 1999 943 μηδὲν

291 950 369 1010 ὧν
412 956 604 1026 μαθοι
647 956 835 1023 σώζειν
881 956 1146 1021 δύναιτο,
1191 955 1379 1024 λήθης
1423 955 1499 1011 ὢν
1548 962 1736 1020 πλέως,
1785 949 1879 1026 ἆρ
1928 955 2002 1010 ἂν

293 1040 407 1104 οἶός
469 1041 514 1095 τ’
585 1042 667 1107 εἴη
723 1042 1025 1111 ἐπιστήμης
1084 1064 1159 1109 μη
1218 1039 1371 1105 κενὸς
1428 1041 1598 1111 εἷναι;
1692 1043 1804 1095 Και
1849 1043 2000 1103 πῶς,·

286 1123 558 1191 Ἀνόνητα
620 1123 684 1191 δὴ
749 1128 937 1179 πονῶν
995 1124 1130 1187 οὐκ,
1192 1126 1322 1189 οἴει,
1368 1124 1875 1194 ἀναγκασθήσεται
1919 1145 2002 1178 τε-

297 1213 499 1265 λευτῶν
557 1208 732 1264 αὐτόν
790 1230 844 1263 τε
899 1221 1075 1278 μισεῖν
1122 1207 1386 1275 ’καὶ-τὴν
1444 1208 1713 1275 τοιαύτην
1771 1207 2008 1277 πρᾶξινς

298 1298 432 1358 Πῶς
483 1293 529 1348 δ’
585 1291 681 1358 οὕς
765 1292 1138 1362 Ἐπιλήσμονα
1193 1291 1307 1362 ἄρα
1363 1291 1552 1366 «ψυχὴν
1611 1300 1668 1346 ὲν
1721 1303 1843 1355 ταῖς
1886 1296 2004 1345 ἱκα-

295 1381 402 1441 νῶς
461 1377 795 1450 φιλοσόφοις
837 1376 912 1446 μή
957 1398 1089 1430 ποτε
1134 1381 1488 1446 ἐγκρίνωμεν,
1547 1375 1690 1431 ἀλλὰ
1736 1398 2006 1446 μνημονι-

298 1460 399 1529 κὴν
443 1460 622 1526 αὐτὴν
669 1462 911 1530 ζητῶμεν
957 1465 1070 1515 δεῖν
1115 1461 1271 1516 εἶναι.
1366 1458 1708 1515 Παντάπασι
1748 1464 1849 1530 μὲν
1883 1452 2002 1514 οὖν.

415 1623 865 1679 δυςκοινώνητος
895 1626 981 1665 καὶ
1014 1620 1197 1678 ἀγρία]
1236 1625 1283 1665 V.
1317 1623 1665 1678 δυςκοινιόνητόε
1697 1638 1739 1665 τε
1771 1625 1837 1665 καὶ
1861 1620 2002 1678 ἀγρία.

301 1685 476 1727 Plurimi
512 1683 748 1736 optimique
779 1684 876 1725 libri
909 1697 951 1723 τε
983 1685 1200 1726 omittunt.
1538 1709 1546 1715 -

415 1743 464 1783 C.
527 1738 690 1794 μόγις
743 1738 973 1792 σμικρὸν
1019 1738 1259 1796 ἀνύτων]
1300 1742 1358 1783 V.
1398 1741 1583 1782 barbare
1617 1735 1836 1791 ἀνύττων,
1887 1738 2005 1791 quod

299 1801 380 1842 soli
415 1801 528 1841 Flor.
559 1798 663 1854 β.γ
668 1801 822 1842 ..Ven
857 1799 906 1843 Ξ.
938 1799 1039 1839 Vat.
1075 1812 1131 1843 m.
1164 1803 1353 1840 tuentur.
1396 1812 1434 1842 v.
1471 1799 1654 1839 Brunck.
1699 1797 1752 1838 ad
1789 1797 2006 1850 Aristoph.

300 1862 407 1900 Plut.
441 1871 480 1900 v
513 1857 614 1901 607.
649 1856 836 1899 Porson.
867 1855 922 1897 ad
954 1857 1104 1909 Eurip.
1135 1856 1304 1898 Phoen.
1336 1869 1375 1896 v.
1409 1855 1510 1900 463.
1552 1855 1774 1897 Schaefer.
1805 1853 1858 1895 ad
1893 1854 2006 1896 Gre-

297 1930 390 1970 gor.
425 1915 619 1956 Corinth.
653 1930 698 1967 p.
729 1916 812 1965 71.,
845 1916 916 1966 qui
952 1914 1149 1954 dubitant
1180 1917 1308 1955 etiam
1344 1927 1396 1954 nn
1430 1914 1574 1966 potius
1609 1909 1779 1953 ἁνύτειν
1808 1911 2006 1960 scriben-

298 1976 402 2015 dum
435 1975 491 2014 sit
522 1985 614 2014 cum
650 1974 804 2026 spiritu
839 1985 1012 2041 aspero.
1085 1972 1216 2012 Certe
1259 1972 1430 2023 quidem
1466 1972 1708 2011 Grammat.
1746 1972 1786 2010 in
1822 1970 2006 2010 Bekkeri

299 2031 517 2073 Anecdot.
548 2029 586 2070 Ι.
622 2045 658 2083 p
695 2030 868 2073 1417.
909 2024 1107 2070 ἀνύειν
1148 2026 1416 2070 δασύνουσιν
1463 2027 1509 2068 οἱ
1534 2023 1733 2075 Ἀττικοι,
1775 2027 1842 2067 καὶ
1876 2026 2008 2080 δῆλον

300 2088 347 2129 ἑκ
377 2090 454 2160 τήε
490 2089 762 2141 συναλοιφῆς
793 2084 1147 2140 καθήνυσαν.

414 2143 679 2199 Ἀνόνητα
733 2143 795 2198 δὴ
844 2146 1053 2196 πονῶν]
1103 2145 1204 2185 Par.
1256 2144 1312 2185 A.

301 2206 458 2245 Astius
499 2205 689 2245 malebat
731 2200 938 2256 ἀνήνυτα.

303 2267 562 2303 correctum.

422 2321 471 2362 D.
535 2312 888 2370 φιλοσόφοις
935 2314 1000 2370 μή
1042 2330 1170 2357 ποτε
1212 2313 1577 2370 ἐγκρίνωμεν]
1609 2314 1755 2367 Vulgo
1788 2314 2007 2367 κρίνωμεν,

1370 2148 1414 2184 et
1466 2155 1532 2196 pr.
1572 2143 1683 2185 Ven.
1723 2141 1776 2183 ll.
1829 2136 2008 2194 ἀνόητα.

1011 2203 1237 2255 Vulgatum
1281 2199 1327 2240 δέ
1366 2213 1514 2242 rursus
1555 2213 1609 2242 ex
1652 2200 1850 2253 piurimis
1894 2200 2009 2240 libris

1198 2455 1399 2498 heridis
1432 2460 1526 2496 aut
1558 2453 1878 2495 tractandis
1911 2454 2007 2496 dif-

1198 2513 1416 2555 fioiiem
1453 2526 1511 2552 se
1543 2512 1798 2564 praebet,
1833 2518 1879 2552 ut
1908 2516 2010 2554 Xe-

304 2454 425 2499 ἔσθ’
460 2455 591 2510 ὅπῃε
628 2460 670 2499 τί
697 2455 938 2511 πάσχουσιν
959 2458 1006 2499 οἱ
1033 2453 1110 2497 οὕ-

305 2532 361 2557 τω
406 2516 620 2570 λέγοντες,
675 2515 775 2557 δέον
822 2517 971 2557 ἔστιν
1023 2512 1114 2555 ὅτε

305 2574 458 2628 λέγειν,
508 2570 591 2615 οὐκ
628 2571 682 2615 ἄν
723 2586 785 2617 τις
826 2571 1037 2615 εἰκάσειεν
1077 2587 1114 2614 κ.

306 2649 339 2674 τ.
363 2634 396 2673 λ.
430 2633 517 2674 Sed
550 2634 739 2685 optimos
771 2645 973 2686 quosque
1003 2630 1111 2671 scri·

305 2696 455 2740 ptores
487 2690 672 2732 formula
704 2704 808 2732 usos
835 2704 934 2732 esse
968 2687 1116 2730 docuit

304 2748 640 2791 Lobeckius
730 2748 918 2789 Videtur
984 2747 1115 2799 igitur

304 2807 642 2859 grammaticus,
695 2819 847 2860 parum
889 2804 1114 2858 perspicue

307 2866 516 2917 loquens,
567 2864 664 2903 illos
711 2869 877 2905 tantum
922 2867 1118 2911 notasse,

304 2923 377 2974 qui
412 2921 526 2961 ἔστιν
559 2916 646 2974 ὅπῃ
679 2921 806 2962 etiam
841 2921 894 2962 de.
916 2928 1120 2971 tempore

306 2985 596 3032 usurparent,
630 2980 699 3031 qui
735 2991 838 3018 usus
873 2983 1023 3032 poster
1042 2989 1119 3016 ore

307 3035 480 3077 demum
514 3042 658 3076 aetate
676 3035 870 3079 invaluit.
898 3058 944 3066 —
980 3033 1120 3074 Δυε-

309 3090 592 3147 ξύμβολος
641 3106 725 3134 non
768 3099 858 3143 est,
915 3093 1003 3144 qui
1049 3091 1121 3130 in-

311 3153 516 3201 gratiis
569 3151 792 3192 confert
846 3165 880 3191 s.
930 3147 1123 3204 ἐρανίζει,

312 3213 360 3248 ut
385 3208 700 3260 interpretatur
729 3209 1000 3259 Valesius
1036 3211 1124 3258 Ap·

314 3265 442 3316 pend.
496 3265 548 3304 nd
604 3266 861 3319 Harpocrat.
914 3279 957 3319 p.
1009 3263 1126 3313 140..

315 3321 392 3362 sed
433 3322 603 3373 quiin
636 3323 819 3375 pactis
854 3321 1128 3365 faciendis

315 3380 566 3431 aliisque
615 3382 859 3433 nogotiis
912 3384 1128 3422 contra-

1200 2586 1305 2625 nop
1319 2572 1358 2615 1ι.
1395 2571 1580 2611 Memor.
1615 2570 1669 2611 ΙΙ.
1703 2570 1744 2620 6,
1775 2566 1815 2612 3
1855 2570 2008 2625 Oppo-

1200 2587 1314 2671 ιιὶῑιιρι·
1346 2627 1501 2669 deinde
1538 2624 1895 2680 δυεκοιναὶνητος.

1261 2687 1310 2729 C.
1373 2683 1564 2737 σώζειν
1606 2681 1862 2738 δύναιτο]
1909 2699 2008 2726 me-

1202 2745 1380 2787 moria
1414 2750 1631 2793 tenere;
1665 2756 1702 2783 v
1735 2744 1790 2784 ad
1826 2744 1919 2784 iibr.
1952 2743 2005 2784 V.

1204 2817 1246 2858 p.
1279 2801 1380 2846 455.
1415 2801 1466 2842 Β.

1261 2855 1521 2927 Ἀνόνητα
1580 2855 1637 2911 δὴ
1699 2855 1883 2896 πονῶν
1924 2856 2006 2908 -]

1204 2917 1348 2960 ΝοΙίιιι
1371 2912 1561 2986 ἀνήνυτα
1571 2914 1832 2956 coniecisset
1845 2913 2006 2955 Astius

1206 2975 1314 3017 Nam
1368 2970 1558 3026 ἀνόνητα
1608 2976 1736 3012 πονεῖ
1777 2971 1849 3023 qui
1902 2970 2007 3011 fru-

1207 3039 1318 3074 stra
1365 3032 1584 3073 laborat
1627 3043 1687 3070 ac
1727 3029 1856 3070 nihil
1890 3041 2007 3082 pro—

1206 3091 1358 3132 ficit:
1400 3087 1477 3129 sed
1520 3082 1712 3139 ἀνήνυτα
1756 3092 1898 3138 πονεῖ,
1938 3085 2009 3138 qui

1209 3150 1260 3189 in
1295 3160 1380 3195 eo,
1422 3145 1563 3198 quod
1610 3143 1866 3195 adfinem
1892 3156 2009 3199 per-

1209 3202 1328 3246 duci
1370 3215 1470 3245 non
1516 3207 1729 3256 potest,
1785 3213 2008 3254 operam

1212 3261 1510 3304 consumit.
1587 3259 1752 3300 Deinde
1793 3261 1872 3300 οἴει
1908 3259 2008 3299 reii-

1212 3332 1322 3372 quae
1363 3316 1546 3358 orationi
1587 3317 1916 3368 interpositum,
1964 3321 2012 3356 ut

1217 3377 1308 3418 libr.
1344 3374 1443 3415 VII.
1476 3374 1573 3418 520.
1594 3375 1659 3415 D:
1690 3370 2013 3428 ἀπειθήσουσιν
