2072 3730
133 665 233 717 457

192 1327 238 1378 B

267 161 369 213 418
823 202 826 203 γ
891 157 1362 212 PLATONIS

270 317 452 369 ναῖκες
510 307 618 357 τῶν
675 307 951 373 γυναικῶν
1001 306 1100 376 οὐχ
1158 299 1326 359 αὗται
1390 312 1606 360 ἔσονται
1652 308 1964 375 βελτιοταις

271 394 386 445 Καὶ
446 391 644 452 τοῦτο,
696 393 834 462 ἔφη,
893 393 1054 446 πολύ.
1126 389 1279 444 ’Ἐστι
1339 393 1394 445 δέ
1440 411 1493 444 τι
1539 390 1694 446 πόλει
1739 389 1966 459 ἄμεινον

274 474 303 541 ἰ]
349 473 612 542 γυναῖκάς
672 477 859 531 τεκαὶ
897 472 1108 544 ἄνδρας
1162 473 1234 536 ’ὡς
1278 473 1539 543 ἀρίστους
1582 478 1967 543 ὲγγίγνεσθαις

279 557 392 616 Οὐκ
447 563 575 613 ἔστι.
687 560 870 612 Τοῦτο
942 562 996 612 δὲ
1066 558 1322 627 μουσική,
1366 579 1420 612 τε
1479 563 1570 614 καὶ
1627 555 1966 630 γυμναστικὴ

275 640 772 713 παραγιγνόμεναι,
820 639 1088 710 οὖς-ἡμεῖς
1133 641 1476 711 διήλθομεν,
1521 642 1968 712 ἀπεργάσονταιτ,

278 731 412 791 Πῶς
453 726 503 781 δ’
559 725 656 792 οὕς
723 726 799 780 (Ιύ
845 724 1023 794 μόνον
1068 729 1179 797 ἄρα
1229 726 1490 796 δυνατόν,
1534 727 1678 782 ἀλλὰ
1726 731 1813 781 καὶ
1847 723 1969 797 ἄρι·

275 833 411 871 στον
466 811 619 865 πόλει
675 810 913 883 νόμιμον
978 817 1265 880 &rifi-einen
1357 810 1559 875 Οὕτως.
1641 811 1972 866 Ἀποὸυτεόν

276 897 344 964 δὴ
390 908 512 959 ταῖς
558 897 667 949 τῶν
714 892 977 968 φυλάκων
1021 897 1287 965 γυναιξίν,
1332 900 1547 969 ἐπείπερ
1596 894 1803 966 ἀρετὴν
1845 893 1972 948 α’ντὶ

275 987 509 1053 ἱματίων
563 978 962 1051 ἀμφιέσονται,
1003 985 1117 1035 -καὶ
1185 986 1544 1049 κοινωνητέον
1620 984 1885 1048 πολέμουἸ
1919 1001 1972 1033 τε

281 1071 370 1121 καὶ
419 1068 516 1133 τῆς
559 1061 727 1131 ἄλλης
771 1068 1164 1138 φυλακῆςπτῆς.
1205 1070 1324 1134 περὶ
1373 1064 1476 1132 τὴν
1509 1065 1687 1125 πόλιν,
1734 1069 1822 1118 καὶ
1873 1063 1973 1118 οὐκ

278 1150 422 1206 ἄλλα
485 1156 790 1219 πρακτέον·
863 1147 1075 1204 τούτων
1134 1147 1180 1203 δ’
1245 1150 1432 1206 αὐτῶν
1493 1151 1562 1204 τὰ
1625 1147 1974 1223 ἐλαφρότερα

281 1249 405 1300 ταῖς
447 1234 693 1303 γυναιξὶν
739 1231 769 1299 ἢ
815 1245 929 1297 τοῖς
972 1235 1210 1303 ἀνδράσι
1253 1237 1444 1288 δοτέον
1489 1232 1577 1289 διὰ
1627 1231 1730 1299 τὴν
1767 1236 1868 1288 τοῦ
1893 1240 1976 1301 γὲ-

287 1342 416 1386 νους
473 1319 796 1374 ἀσθένειαν.
848 1316 877 1372 ὁ
925 1321 982 1371 δὲ
1028 1321 1199 1386 γελῶν
1257 1317 1405 1387 ἀνὴρ
1463 1322 1548 1374 ἐπὶ
1607 1327 1840 1389 γυμναῖς
1883 1337 1976 1386 γυ-

282 1406 454 1471 ναιξί,
515 1406 615 1457 τοῦ
670 1405 960 1472 βελτίστου
1015 1407 1171 1456 ἕνεκα
1227 1404 1691 1473 γυμναζομέναις,
1759 1402 1974 1467 ἀτελῆ

285 1493 385 1544 τοῦ
450 1490 670 1556 γελοίου
716 1492 968 1561 σοφίας
1012 1490 1284 1558 δρέπων
1320 1485 1630 1556 καρπόν,
1688 1486 1850 1541 οὐδὲν
1897 1484 1975 1541 οἷο,

403 1626 457 1669 Ε.
505 1621 682 1666 Τοῦτο
715 1622 768 1664 δὲ
798 1620 1056 1678 μουσική]
1093 1624 1149 1665 V.
1181 1621 1248 1678 δή,
1280 1625 1400 1677 quod
1430 1638 1485 1666 ex
1519 1626 1698 1677 optimis
1729 1624 1853 1665 libris
1885 1636 1979 1666 cor-

289 1686 404 1726 rexit
431 1684 574 1724 Bokk.
1326 1699 1330 1711 ·
1367 1702 1369 1704 ·

406 1743 459 1783 P.
500 1741 600 1785 457.
670 1734 844 1780 αὐτῶν
891 1736 950 1779 τὰ
997 1737 1373 1792 ἐλαφρότεραΙ
1424 1738 1614 1779 Bekker.
1664 1740 1817 1780 invitis
1856 1739 1981 1780 libris

288 1802 490 1842 omnibus
521 1795 809 1851 ἐλαφρώτερα.
870 1797 1046 1838 Erravit
1076 1797 1161 1838 hoc
1191 1800 1236 1838 in
1268 1809 1428 1849 genere
1447 1797 1633 1839 Porson.
1667 1798 1723 1837 ad
1756 1798 1982 1840 phoeniss.

290 1874 328 1900 v.
363 1859 516 1909 1367,,
548 1870 677 1910 quem
707 1855 897 1896 Bekker.
927 1861 1137 1909 sequutus
1166 1857 1342 1897 videtur
1355 1879 1373 1903 ,μ
1397 1856 1559 1907 quippe
1594 1856 1669 1907 qui
1699 1856 1876 1900 brevem
1906 1869 1983 1895 vo-

287 1920 425 1959 calem
463 1918 510 1956 in
547 1915 802 1956 huiusmodi
838 1914 994 1959 formis
1033 1927 1114 1966 per
1151 1919 1291 1954 totum
1328 1913 1559 1953 Platonem
1599 1914 1831 1966 expulerit.
1893 1913 1983 1955 Sed

288 1976 403 2020 conf.
435 1974 689 2016 Buttmann.
725 1971 919 2018 Gramm.
949 1973 1100 2025 Ampl.
1131 1971 1186 2012 T.
1215 1972 1252 2012 Ι.
1286 1985 1325 2024 Ρ.
1362 1970 1462 2013 263.

295 2085 404 2131 οους
445 2089 536 2129 fere
578 2087 785 2128 vilissimi
823 2093 867 2128 et
909 2086 1097 2128 maxime
1182 2085 1335 2126 laudat
1383 2083 1535 2126 Stob.
1575 2082 1737 2141 Serm.
1769 2077 1895 2127 XLI.
1939 2099 1982 2140 p.

296 2149 518 2190 contemti
531 2160 568 2188 v
579 2146 724 2186 Heln
739 2144 874 2187 dorf
888 2145 946 2186 ad
959 2141 1097 2185 Ch'ar·

296 2208 400 2248 mid.
438 2219 480 2257 p.
521 2204 606 2247 163
666 2203 719 2243 B:
760 2201 803 2243 εἰ
836 2201 884 2243 τὰ
923 2203 1098 2243 τοιαῦτα

297 2262 435 2305 ἐκάλει
471 2285 518 2292 —·-
555 2256 700 2301 ουδενὶ
732 2276 787 2301 αν
810 2258 983 2302 ὄνειδος·
1014 2257 1098 2312 φά-

299 2337 368 2363 ναι
410 2315 520 2361 εἶναι
553 2320 906 2369 σκυτοτομοῦντι.
919 2315 946 2372 ἢ
982 2333 1099 2372 ταρι-

297 2379 566 2433 χοπωλουντι
597 2392 633 2421 κ.
672 2393 701 2420 τ.
736 2379 771 2418 λ.

358 2466 411 2505 Ε.
474 2463 579 2504 Καὶ
619 2464 807 2514 τοῦτο,
847 2466 971 2517 ἔφη,
1012 2477 1099 2503 πο-

302 2521 374 2565 λυ.
385 2523 400 2577 ]
431 2515 476 2563 h.
509 2536 547 2563 e.
582 2522 650 2561 καὶ
683 2524 814 2564 τοῦτο
845 2523 962 2563 ἔσται
990 2519 1099 2562 πολὺ

300 2581 512 2635 βέλτισται
542 2580 724 2626 ἔσονται.
785 2581 975 2623 Notabis
1005 2581 1103 2621 bre·

299 2630 634 2694 viloquent-iam.

364 2721 888 2771 1).457;Ἀποδυτεόν
911 2721 970 2778 δὴ
991 2728 1104 2765 ταῖς

307 2786 410 2826 τῶν
440 2785 507 2837 φ.]
542 2787 614 2825 As
626 2785 702 2824 tio
718 2784 827 2824 haee
843 2783 1103 2824 adumbrata

306 2846 512 2885 videntur
532 2843 719 2883 adillud
752 2842 1032 2882 Herodoti
1062 2840 1101 2891 1,

304 2902 352 2946 8:
385 2898 470 2952 ἅμα
502 2899 548 2941 δὲ
565 2900 706 2952 χιτῶνι
722 2897 966 2954 ἐκδυομένῳ
999 2910 1103 2939 συν-

303 2958 497 3000 εκδύεται
556 2959 624 2998 καὶ
685 2954 762 3011 τὴν
818 2954 924 2998 αι’δώ
978 2954 1103 3011 γυνή,

305 3019 419 3058 Mihi
440 3030 526 3069 >res
568 3018 667 3070 ipsa
700 3017 879 3056 >videtur
908 3016 1104 3068 philoso-

305 3077 438 3128 phum
471 3077 515 3115 in
547 3075 662 3115 hanc
690 3074 951 3114 sententiam
967 3074 1105 3114 dedu-

305 3135 445 3184 xisse,
483 3133 740 3185 praesertim
772 3145 905 3184 quum
931 3131 1107 3183 pervul-

309 3197 412 3243 gato
456 3191 668 3243 loquendi
713 3202 796 3230 usu
838 3190 978 3230 'verba
1035 3189 1108 3229 in·

310 3249 516 3288 duendi
557 3254 600 3288 et
643 3248 883 3288 exuendi
925 3247 982 3288 ad
1018 3247 1108 3286 vir-

309 3313 425 3347 tutes
455 3312 498 3345 et
518 3306 626 3344 vitia
645 3307 875 3346 transferri
894 3306 1107 3345 solerent:

311 3375 399 3417 qua
432 3364 486 3403 de
518 3374 585 3402 rer
605 3364 810 3415 exposuit
848 3361 1109 3404 Gataker.

312 3422 424 3476 Opp.
463 3420 572 3462 Crit.
614 3433 653 3472 p.
695 3419 780 3463 223
816 3434 881 3472 sq.
944 3421 1109 3460 Locum

1181 2143 1282 2187 255.
1341 2143 1450 2183 Mox
1482 2147 1571 2183 ταῖς
1614 2143 1810 2197 γυναιξὶν
1841 2140 1868 2198 ἢ
1898 2147 1987 2189 τοῖς

1184 2198 1365 2254 ἀνδράσι
1440 2199 1592 2242 δοτέον
1658 2203 1985 2255 interpreteriS:

1183 2257 1517 2302 mulieribus
1580 2260 1761 2314 potius
1833 2273 1985 2313 quam

1186 2319 1330 2359 viris
1363 2318 1665 2359 tribuenda
1699 2324 1837 2358 sunt.
1890 2318 1986 2359 Nec

1186 2383 1333 2417 tamen
1372 2377 1529 2426 μᾶλλον
1565 2389 1646 2428 per
1685 2378 1861 2429 ellipsin
1886 2389 1987 2417 :esse

1187 2435 1418 2484 omissum,
1459 2435 1600 2475 disces
1644 2434 1698 2475 ab
1731 2435 1988 2476 Herman-

1186 2505 1255 2533 no
1287 2492 1342 2532 ad
1375 2493 1528 2544 Viger.
1559 2505 1602 2545 p.
1635 2491 1722 2535 884
1752 2506 1817 2545 sq.
1871 2493 1990 2532 Con-

1187 2551 1352 2591 tinetur
1391 2552 1514 2592 vocis
1561 2551 1826 2602 significatio
1871 2562 1988 2592 eom·

1189 2609 1397 2677 parativo·
1424 2604 1702 2663 ἐλαφρότερα.

1247 2666 1300 2706 Β.
1364 2660 1388 2706 ὁ
1430 2665 1484 2706 δὲ
1521 2666 1688 2720 γελῶν
1726 2660 1865 2718 ἀνὴρ
1901 2662 1988 2707 ἐπὶ

1191 2738 1229 2777 γ.
1245 2725 1262 2773 l
1305 2723 1450 2766 Docet
1477 2725 1550 2773 hic
1578 2725 1702 2765 locus
1684 2724 1894 2822 Bpariter
1924 2729 1989 2762 at-

1190 2794 1273 2852 que
1319 2783 1396 2822 ille
1443 2796 1486 2836 p.
1532 2774 1645 2826 452.
1782 2778 1859 2822 O.
1879 2780 1990 2822 haec

1189 2837 1510 2892 Spartanorum
1564 2838 1790 2890 instituta,
1846 2839 1991 2891 prius-

1192 2910 1338 2951 quam
1344 2898 1509 2946 Politia
1530 2897 1729 2939 Platonis
1756 2898 1803 2936 in
1833 2897 1990 2949 vulgus

1191 2956 1351 2996 emissa
1389 2962 1529 3006 esset,
1567 2968 1594 2996 a
1630 2955 1808 2996 comicis
1846 2955 1990 3007 poetis

1190 3015 1238 3054 in
1262 3026 1398 3054 scena
1427 3014 1630 3054 traducta
1659 3014 1811 3055 fuisse.
1871 3011 1991 3060 Quo·

1192 3073 1309 3112 circa
1337 3084 1428 3111 non
1446 3072 1712 3112 assentimur
1741 3069 1790 3110 M
1801 3083 1827 3110 o
1838 3083 1859 3109 r
1871 3083 1991 3123 gen-

1189 3130 1403 3169 sternio
1467 3128 1778 3171 commentatt.
1822 3139 1864 3180 Ρ.
1903 3127 1991 3178 73.,

1189 3187 1264 3239 qui
1287 3187 1472 3232 exinde.
1516 3187 1634 3238 quod
1665 3186 1990 3237 Aristopha-

1189 3256 1289 3284 nes
1331 3245 1377 3284 in
1400 3245 1728 3285 Ecclesiazusis
1758 3244 1989 3295 haee-pla-

1191 3299 1284 3343 citav
1311 3314 1516 3353 magnam
1564 3309 1733 3355 partem
1778 3302 1989 3354 perstrin-

1190 3361 1270 3410 xit,
1303 3359 1506 3401 Platonis
1528 3361 1858 3413 Rempublieam
1890 3364 1991 3399 ante

1192 3424 1332 3458 actam
1377 3418 1731 3470 Ecclesiam-mas,

1787 3418 1870 3457 hoe
1925 3421 1991 3456 est
2058 3441 2061 3475 3

2062 2226 2072 2351 -.-..=¹...
2070 2207 2072 2214 .
2061 2171 2072 2194 ..’.
2060 2109 2072 2160 rma
2065 2062 2072 2098 ..n
