2106 3594
307 146 488 200 LXIV

310 291 471 343 etiam
519 289 576 341 in
623 286 878 340 Phaedro
926 288 983 339 in
1032 288 1277 342 infimum
1328 288 1474 342 vitae
1530 286 1797 341 humanae
1838 289 2016 342 locum

311 379 421 414 una
458 378 581 412 cum
615 357 934 427 'sophistica
971 358 1172 414 deiecit
1209 361 1281 431 *).
1366 358 1639 413 Nimirum
1676 358 1894 412 videtur
1933 360 2015 413 vir

312 430 767 500 sapientissimus,
805 429 1024 484 labente
1051 430 1352 501 patriarum
1392 430 1675 483 civitatum
1702 429 2011 502 disciplina,

309 502 489 555 animo
516 500 675 570 quasi
711 501 1099 572 praesagiisse‚
1139 502 1315 572 qualis
1353 501 1572 554 fortuna
1596 501 1888 571 aliquando
1914 521 2017 572 po·-

310 572 594 643 pularibus
634 571 752 624 ,suis
800 573 1125 627 immineret.
1213 572 1544 641 Quanquam
1602 573 1806 626 iustum
1855 574 2015 628 unius

310 643 541 696 alicuius
597 642 822 711 eiusque
877 645 1142 715 sapientis
1188 644 1453 715 principis
1502 643 1787 714 imperium
1827 645 2033 698 civita-s

314 715 460 768 tibus
505 714 671 786 longe
724 714 1139 768 saluberrimum
1189 735 1310 769 esse
1360 734 1522 785 posse
1581 735 1691 768 non
1740 716 1859 768 sine
1917 735 2014 788 spe

311 786 594 840 meliorum
627 794 934 857 temporum
970 786 1268 840 identidem
1304 787 1585 858 professus
1625 794 1711 840 est
1748 787 1847 856 **).

454 886 561 939 His
599 884 769 957 igitur
815 885 983 939 tantis
1030 885 1187 939 malis
1225 885 1386 938 Plato
1423 905 1587 938 unam
1624 886 1856 938 maxime
1894 885 2016 956 phi-

310 958 431 1012 loso
474 957 621 1010 biam
656 955 898 1009 remedia
936 953 1127 1017 afferre
1165 975 1327 1028 posse
1365 957 1580 1010 censuit
1631 956 1868 1027 ideoque
1901 975 2019 1010 eam

312 977 603 1084 condenda
641 1027 848 1098 optima
898 1028 1120 1082 civitate
1159 1028 1230 1081 ad
1270 1028 1460 1100 optimi
1496 1027 1730 1080 hominis
1769 1028 2019 1081 similitu-

313 1100 498 1154 dinem
544 1106 861 1169 comparata
907 1097 1072 1152 unam
1119 1098 1294 1154 'solam
1343 1118 1462 1153 esse
1518 1118 1703 1152 veram
1739 1100 2019 1171 politicam

313 1173 391 1225 ita
442 1170 816 1224 demonstrare
880 1179 1110 1236 conatus
1160 1178 1275 1239 est,
1326 1178 1389 1223 ut
1434 1170 1551 1224 eius
1599 1171 1711 1223 vim
1759 1178 1814 1223 et
1859 1190 2020 1224 usum

315 1262 484 1314 quum
529 1243 588 1294 in
640 1241 993 1296 emendandis
1040 1241 1318 1295 hominum
1374 1240 1636 1310 moribus,
1674 1248 1791 1294 tum
1829 1242 1887 1294 in
1925 1241 2021 1294 ad-

311 1310 676 1367 ministranda
722 1313 1006 1384 republica
1051 1314 1427 1385 copiosissime
1476 1312 1604 1366 inde
1653 1332 1686 1366 a
1734 1313 1893 1383 Reip.
1945 1313 2020 1367 V.

314 1407 367 1458 p.
403 1387 525 1439 471.
563 1384 638 1438 D.
674 1402 771 1454 per
808 1394 986 1438 totum
1023 1383 1137 1437 fere
1174 1385 1371 1438 librum
1409 1391 1624 1438 sextum
1651 1392 1704 1437 et
1729 1385 2022 1456 septimum

315 1467 373 1510 et
408 1456 542 1510 noni
578 1463 792 1526 partem
831 1456 898 1509 de
946 1454 1220 1508 industria
1255 1456 1313 1508 in
1355 1455 1655 1509 clarissima
1687 1456 1812 1509 luce
1852 1456 2021 1509 collo-

315 1527 538 1582 caverit.
615 1524 783 1593 Quod
815 1526 1034 1597 quidem
1062 1533 1216 1579 tanto
1255 1528 1460 1580 rectius
1497 1526 1578 1579 ita
1614 1527 1795 1580 facere
1820 1528 2021 1598 potuit,

316 1597 467 1671 quod
544 1594 884 1651 Graecorum
955 1597 1344 1670 legumlatores
1421 1605 1584 1667 atque
1660 1597 2021 1669 philosophos

315 1677 487 1724 artem
531 1666 812 1739 politicam
873 1676 1094 1723 constat
1138 1688 1250 1722 non
1306 1669 1385 1722 ita
1432 1687 1465 1722 a
1511 1675 1723 1723 morum
1772 1668 2025 1723 doctrina

316 1740 651 1807 seiunxisse‚
723 1748 788 1793 ut
845 1741 1050 1794 factum
1110 1747 1194 1794 est
1264 1740 1535 1794 aetatibus
1605 1741 2022 1812 posterioribus

314 1812 463 1866 Nam
534 1810 924 1882 legumlatores
1007 1810 1228 1882 quidem
1317 1811 1635 1880 clarissimi,
1732 1812 2022 1881 ZaleucuS,

317 1881 675 1954 Charonda8‚
714 1882 1040 1955 LycurguS,
1082 1882 1272 1952 Solon,
1307 1881 1418 1952 alii,
1456 1902 1568 1936 non
1605 1883 1783 1937 minus
1823 1883 2022 1937 educa-

315 1962 463 2008 tores
498 1961 554 2008 et
588 1953 838 2025 magistri
874 1973 1094 2008 suorum
1134 1955 1352 2024 civium,
1388 1972 1549 2024 quam
1586 1955 1827 2008 civilium
1867 1955 2024 2008 insti-

315 2033 560 2079 tutorum
620 2024 934 2079 conditores
994 2025 1339 2079 exstiterunt.
1444 2025 1596 2078 Inter
1664 2025 2023 2098 philosophos
2104 2079 2106 2085 ,

317 2105 501 2151 autem
535 2097 802 2167 imprimis
839 2095 1180 2169 Pythagorei
1206 2095 1388 2151 'fuisse
1429 2095 1722 2167 videntur,
1774 2098 1869 2168 qui
1919 2098 2023 2151 rei-
2103 2099 2106 2162 j

316 2168 569 2240 publicae
606 2167 880 2240 gerendae
920 2167 1203 2235 scientiam
1243 2189 1275 2221 a
1313 2167 1607 2239 disciplina
1652 2169 1870 2223 virtutis
1909 2181 2021 2222 non
2103 2165 2106 2174 ’

316 2247 577 2312 putarent
634 2238 998 2314 divellendam
1048 2258 1183 2294 esse.
1286 2238 1455 2294 Unde
1515 2239 1821 2312 Archytam
1870 2240 2020 2310 apud

319 2312 622 2368 Stobaeum
647 2310 903 2434 ‚Eclogg.
957 2310 1173 2365 Ethicc.
1210 2311 1373 2367 XLI.
1410 2330 1465 2382 p.
1506 2311 1628 2363 267.
1668 2313 1789 2366 268.
1828 2311 2019 2367 XLII.

317 2404 374 2456 p.
424 2384 549 2437 314.
596 2382 828 2453 legimus
885 2382 1062 2436 ibrum
1100 2382 1386 2453 scripsisse
1427 2386 1551 2450 περὶ
1593 2381 1774 2452 νόμου
1810 2387 1903 2438 καὶ
1939 2387 2020 2438 δι-

318 2454 647 2517 καιοσύνας,
701 2454 796 2523 qui
842 2458 1128 2523 utramque
1177 2454 1647 2526 complecteretur.
1734 2454 1856 2508 Nec
1889 2474 2019 2508 vero
2104 2491 2106 2493 ·

316 2528 569 2600 ignotum
617 2533 729 2592 est,
791 2524 926 2594 quid
983 2523 1240 2579 Socrates
1292 2545 1358 2578 ea
1407 2525 1474 2578 de
1522 2545 1580 2578 re
1629 2527 1878 2580 senserit.
1961 2527 2018 2580 Is

316 2599 460 2653 enim
496 2604 640 2651 teste
679 2595 1018 2650 Cicerone
1058 2594 1225 2650 Offic.
1262 2597 1339 2650 lll.
1377 2600 1448 2666 3.‚
1490 2597 1801 2668 opinionem
1838 2598 2018 2661 istam,

319 2689 430 2741 qua
473 2669 732 2725 honestas
769 2667 1171 2738 relinqueretur
1206 2675 1432 2740 propter
1467 2667 1718 2722 utilitatis
1757 2669 2016 2738 speciem,

316 2741 669 2796 vehementer
705 2747 1021 2793 exsecratus
1061 2747 1178 2808 est,
1227 2748 1291 2793 ut
1327 2758 1437 2810 qua
1483 2739 1632 2792 nulla
1668 2741 1889 2810 gravior
1924 2759 2018 2822 pe-

319 2813 417 2866 stis
466 2813 634 2864 vitam
683 2811 975 2864 humanam
1028 2810 1289 2864 invadere
1343 2810 1599 2882 potueri-t.
1676 2809 1855 2877 Quam
1896 2830 2016 2880 qul·
2100 2867 2106 2875 ,

319 2883 442 2935 dem
505 2884 845 2946 sententiam»
902 2883 1065 2936 etiam
1126 2883 1423 2936 Panaetius
1487 2879 1633 2952 apud
1697 2880 2015 2935 Ciceron.

320 2953 488 3007 Offic.
536 2952 611 3006 11].
665 2956 712 3007 7.
762 2953 1097 3025 gravissimis
1153 2953 1331 3008 verbis
1391 2951 1653 3006 defendit.
1743 2951 2019 3020 Quocirca
2102 2964 2105 2975 ²

318 3025 481 3078 Plato
520 3024 576 3075 in
616 3024 787 3093 libris,
829 3026 924 3095 qui
961 3032 1089 3078 sunt
1127 3024 1194 3077 de
1233 3024 1440 3096 optimo
1478 3023 1694 3077 homine
1732 3035 1788 3076 et
1812 3025 2017 3093 optima
2099 3029 2106 3099 J

404 3249 452 3306 ςθ’)
494 3251 673 3292 Phaedr
719 3263 758 3302 p.
794 3250 888 3294 248.
927 3253 976 3292 (3,
1011 3266 1103 3305 sqq.
1139 3253 1193 3292 E·

376 3307 459 3360 a»)
490 3310 559 3350 De
588 3309 695 3361 Rep.
729 3307 801 3348 v1.
833 3322 874 3360 p.
905 3309 991 3352 502
1037 3324 1130 3365 sqq.
1163 3311 1302 3361 Legg.
1334 3309 1409 3352 1v.
1440 3324 1483 3363 p.
1515 3309 1612 3352 709.
1639 3309 1690 3350 E.
1724 3324 1818 3363 sqq.
1850 3325 1890 3363 p.
1913 3312 2010 3355 711.
2092 3301 2095 3349 J

488 3367 540 3411 B.
576 3366 625 3410 C.
664 3366 839 3407 Politia.
