2106 3594
1558 141 1833 198 XXXIX

107 284 282 337 virtus
332 282 516 346 animo
566 301 758 355 pacem
807 300 872 337 ac
921 283 1375 354 tranquillitatem
1413 282 1634 354 afferat,
1691 304 1833 354 quae

106 354 257 408 nulla
301 355 556 409 fortunae
601 354 892 426 iniquitate
944 354 1081 427 eripi
1129 362 1338 426 potest,-
1375 355 1452 426 (ν.
1489 356 1645 410 Libr.
1683 355 1737 412 ll.
1778 376 1832 427 p.

109 427 214 480 368
253 458 326 467 -
364 426 471 482 IV.
507 425 666 480 Libr.
713 426 878 481 VIII.
953 433 1011 479 et
1059 425 1211 498 IX.)
1263 435 1320 482 et
1367 431 1681 499 supremum
1734 427 1834 482 ho-

107 497 242 551 mini
271 498 474 552 bonum
511 496 767 552 ducenda
802 497 892 552 sit.
931 518 983 550 v.
1021 498 1154 553 Lib.
1191 499 1270 553 X.
1306 519 1360 570 p.
1400 499 1523 555 612.
1560 501 1631 555 A.
1668 499 1736 553 B.
1775 519 1832 570 p.

109 570 231 622 613.
293 568 363 624 Ε.
437 591 491 643 p.
538 570 659 623 614.
710 570 782 624 A.
831 567 954 624 coll.
1014 568 1122 623 IX.
1176 591 1231 642 p.
1282 572 1388 625 588
1440 571 1513 624 A.
1544 569 1632 634 al.
1720 569 1838 627 Sed

107 647 393 714 praeterea
459 641 703 695 iustitiae
767 659 872 694 nec
924 649 1152 696 externa
1202 641 1415 697 desunt
1476 643 1721 712 praemia
1780 649 1837 696 et

109 722 447 783 ornamenta,
517 713 703 784 qualia
769 711 1096 783 iniustitiae,
1174 713 1305 768 licet
1367 711 1562 780 iisdem
1635 714 1837 786 glorie-

107 794 228 854 tur,
310 791 496 839 tamen
553 784 774 839 minime
832 784 1016 839 solent
1078 785 1384 858 obtingere.
1493 785 1633 839 Iusti
1694 785 1838 838 enim

110 855 359 912 homines
415 855 642 911 deorum
693 862 960 910 ornantur
1005 857 1184 939 gratia
1232 871 1291 911 et
1333 857 1556 926 favore,
1620 863 1838 912 susten-

108 936 296 983 tantur
352 948 542 984 eorum
591 927 826 997 auxilio,
901 934 959 982 et
1016 947 1075 982 1n
1125 929 1299 982 altera
1347 929 1464 982 vita
1507 935 1639 999 post
1694 948 1838 982 mor-

109 1008 222 1055 tem
302 1001 487 1055 futura
548 999 769 1063 virtutis
826 1018 958 1054 suae
1030 1001 1297 1072 praemia,
1333 1007 1605 1071 perpetuo
1675 999 1838 1054 dura-

109 1080 236 1127 tura
309 1072 603 1143 accipient.
707 1071 1040 1126 Dominatur
1086 1072 1235 1126 enim
1288 1091 1388 1144 per
1434 1078 1609 1125 tot-am
1659 1091 1841 1125 rerum

111 1143 528 1202 universitatem
572 1141 760 1197 divina
797 1143 1025 1197 iustitia.
1103 1142 1484 1212 Quaeomnia
1522 1142 1590 1197 de
1618 1142 1840 1201 iniustis

112 1234 179 1270 ac
226 1214 477 1289 tyrannis
531 1213 691 1269 aliter
740 1234 860 1270 sese
912 1214 1148 1285 habent,
1202 1215 1299 1286 qui
1339 1234 1399 1270 re
1430 1233 1560 1268 vera
1598 1215 1842 1269 onmium

112 1295 245 1342 suut
289 1286 579 1342 miserrimi
637 1305 807 1357 quum
854 1286 912 1340 in
961 1286 1065 1340 hac
1117 1287 1237 1341 vita
1271 1286 1509 1355 mortali,
1550 1293 1667 1341 tum
1702 1294 1843 1340 tem-

154 1377 249 1414 ore
298 1358 429 1414 olim
478 1366 608 1430 post
657 1366 886 1413 mortem
933 1359 1142 1414 futuro.
1194 1359 1442 1413 v.=Libr.
1479 1357 1586 1412 IX.
1625 1379 1679 1430 p.
1720 1359 1842 1411 575.

114 1380 192 1487 f).
253 1449 377 1502 sqq.
426 1433 547 1485 591.
594 1429 662 1484 Ε.
700 1431 778 1484 X.
814 1450 870 1502 p.
907 1432 1030 1484 610.
1069 1430 1144 1485 D.
1183 1432 1305 1485 608.
1347 1428 1412 1485 C.
1453 1431 1574 1484 612.
1613 1430 1681 1484 Ε.
1721 1431 1844 1486 613.

117 1503 191 1557 Α.
236 1521 363 1574 sqq.
414 1501 574 1557 Haec
624 1501 794 1575 igitur
830 1501 899 1556 de
937 1502 1182 1557 iustitiae
1222 1522 1288 1557 ac
1325 1501 1546 1557 virtutis
1582 1501 1843 1574 praemiis

22 1638 24 1646 ᾗ
119 1572 300 1646 deque
361 1572 663 1628 iniustitiae
714 1581 771 1628 et
818 1573 1186 1646 improbitatis
1267 1573 1420 1628 oenis
1455 1573 1546 1628 vel
1583 1572 1845 1627 naturali-

119 1646 226 1701 bus
264 1644 351 1700 vel
386 1644 510 1718 lege
569 1644 757 1699 divina
787 1646 1122 1699 constitutis.
1199 1593 1360 1714 (guae
1397 1644 1620 1716 quidem
1663 1643 1847 1698 omnia

119 1718 254 1774 licet
331 1717 467 1770 rimo
507 1715 778 1799 adspectu
816 1717 893 1770 ita
931 1716 1218 1788 disputata
1243 1717 1372 1786 sint,
1411 1725 1476 1771 ut
1512 1717 1571 1770 in
1596 1716 1845 1770 homines

22 1817 23 1821 ¹
121 1790 286 1861 singu
309 1807 391 1858 os,
429 1807 541 1843 non
581 1807 639 1841 1n
676 1789 961 1843 universas
999 1788 1251 1843 civitates
1289 1787 1584 1842 convenire
1621 1786 1846 1841 videan-

119 1869 231 1931 tur,
269 1868 451 1914 tamen
491 1879 546 1914 re
606 1860 919 1915 accuratius
970 1860 1322 1914 considerata
1372 1859 1441 1913 de
1479 1859 1565 1914 his
1623 1877 1846 1929 quoque

121 1933 200 1988 ita
235 1930 478 1986 iudicata
524 1950 643 1986 esse
683 1931 1064 2002 unusquisque
1102 1931 1384 2004 largietur.
1460 1930 1607 1986 Nam
1648 1930 1847 1984 civitas

124 2023 294 2076 quum
329 2023 399 2057 ex
435 2003 481 2058 si
562 2003 669 2058 ulis
708 2003 924 2059 civibus
965 2003 1039 2057 sit
1076 2003 1417 2075 composita,
1478 2021 1618 2073 quae
1657 2001 1725 2056 de
1765 2002 1848 2055 iu-

124 2076 276 2132 stitia
335 2024 783 2131 uniuaniominis
836 2074 1211 2145 disseruntur,
1263 2082 1463 2147 sponte
1501 2073 1848 2146 intelligitur,

124 2147 292 2203 etiam
328 2146 403 2201 ad
438 2147 560 2203 illos
607 2146 846 2218 ideoque
885 2146 956 2201 ad
1032 2147 1209 2220 ipsam
1284 2165 1506 2218 quoque
1570 2146 1879 2200 civitatem-

125 2220 416 2294 pertinere.
488 2218 689 2291 Neque
726 2239 857 2274 vero
893 2219 1044 2274 nulla
1091 2219 1231 2273 ratio
1281 2218 1471 2274 habita
1517 2225 1602 2273 est
1639 2237 1847 2286 eorum,

128 2292 226 2363 qui
275 2291 613 2364 reipublicae
661 2298 863 2364 gerunt
909 2290 1315 2364 gubernacula,
1380 2298 1437 2344 et
1488 2310 1556 2344 ex
1616 2309 1851 2360 quorum

127 2364 332 2419 virtute
383 2363 474 2418 vel
548 2362 618 2418 im
663 2363 895 2418 robitate
950 2363 1236 2418 universae
1301 2361 1638 2434 reipublicae
1701 2361 1851 2415 salus

130 2436 363 2491 maxime
412 2383 783 2507 suspengitur.
873 2433 1152 2504 Quocirca
1189 2433 1354 2489 etiam
1405 2453 1702 2505 pravorum
1753 2434 1852 2487 im-

131 2506 416 2579 periorum
469 2506 542 2561 im
587 2506 846 2577 rimisque
898 2515 1257 2579 tyrannorum
1293 2505 1583 2579 pravitatis
1622 2506 1853 2575 eiusque

132 2578 413 2634 felicitatis
471 2599 537 2633 ve
608 2577 858 2632 miseriae
919 2586 974 2634 et
1034 2578 1375 2633 infelicitatis
1430 2577 1852 2649 diligentissima

132 2649 423 2706 exhibetur
470 2648 804 2720 descriptio,
869 2669 1032 2719 quam
1084 2658 1232 2705 certe
1295 2668 1484 2704 omnes
1536 2649 1856 2703 fatebuntur

135 2722 217 2778 ita
261 2740 383 2777 esse
434 2721 831 2793 compositam,
881 2722 1034 2776 utin
1072 2741 1139 2776 ea
1185 2721 1428 2777 civitatis
1468 2727 1646 2774 status
1687 2727 1855 2790 atque

135 2812 223 2850 res
269 2794 523 2866 publicae
571 2791 988 2866 diligentissime
1034 2793 1414 2863 respiciantur.
1487 2789 1729 2847 Accedit
1784 2788 1858 2845 ad

141 2864 309 2934 haec,
360 2864 543 2937 quod,
594 2885 736 2936 quae
783 2873 1027 2919 extremo
1067 2863 1208 2918 libro
1248 2864 1462 2919 decimo
1502 2861 1700 2936 grandi
1738 2882 1857 2934 my-

140 2935 238 2993 tho
276 2937 559 3011 proposito
609 2934 677 2991 de
728 2937 950 2991 fortuna
995 2936 1194 3007 cuique
1249 2943 1380 3008 post
1416 2946 1646 2991 mortem
1687 2933 1856 2988 desti-

142 3016 274 3063 nata
323 3009 701 3081 explicantur,
753 3028 820 3063 ea
856 3008 935 3064 ita
973 3015 1103 3062 sunt
1140 3015 1475 3081 comparata,
1515 3015 1578 3062 ut
1615 3005 1857 3060 divinam

141 3080 407 3136 iustitiam
471 3100 570 3154 per
628 3088 801 3136 totam
869 3099 1048 3135 rerum
1111 3079 1524 3135 universitatem
1585 3076 1859 3133 dominari

142 3151 519 3224 imprimisque
582 3152 747 3207 etiam
810 3151 1132 3225 potentibus
1190 3158 1215 3205 t
1256 3152 1443 3208 raunis
1505 3149 1857 3224 gravissimas

145 3242 353 3297 poenas
402 3232 531 3296 post
581 3232 808 3279 mortem
868 3223 1151 3278 imminere
1252 3224 1422 3278 iserta
1489 3231 1541 3277 at
1587 3240 1654 3275 ue
1706 3220 1860 3294 gravi

153 3296 398 3352 oratione
427 3294 707 3351 doceatur.
771 3295 967 3366 Itaque
996 3302 1192 3368 sponte
1223 3314 1487 3379 apparere
1513 3242 1858 3357 ειλίῐιᾞιωιιιι·θ

150 3367 315 3423 etiam
354 3388 438 3437 ea,
478 3387 618 3439 quae
658 3365 727 3422 de
766 3368 983 3423 virtutis
1039 3386 1102 3421 ae
1141 3367 1414 3422 felicitatis
1457 3364 1762 3421 rationibus
1803 3365 1858 3417 in
