2098 3658
315 161 414 213 190
923 157 1393 211 PLATONIS
2078 150 2098 210 (ἒ

311 313 510 369 εὶπεῖν,
560 305 800 375 ψεῦδος,
859 309 936 358 ἔνι
984 307 1040 358 δὲ
1085 308 1173 359 καὶ
1222 302 1438 371 ἀληθῆ.
1487 302 1760 377 πρότερον
1805 308 1860 359 δὲ
1906 305 2008 375 μυ·

310 393 446 451 θοις
493 385 633 457 πρὸς
695 385 764 441 τα
811 391 1006 443 παιδία
1052 386 1085 455 ἢ
1130 393 1454 461 γυμνασίοις
1492 389 1783 460 χρώμεθα.
1855 386 2012 444 ’Ἐστι

308 475 507 526 ταῦτα.
604 474 787 527 Τοῦτο
861 469 928 539 δὴ
986 476 1193 542 ἔλεγον,
1267 472 1356 528 ὅτι
1412 478 1680 543 μουσικῆς
1737 473 2013 545 πρότερον

307 555 516 611 ἁπτέον
560 553 593 622 ἢ
639 559 1026 626 γυμναστικῆς.
1088 555 1314 630 Ὀρθῶς,
1361 562 1482 630 ἔφη.
1565 558 1781 617 Οὐκοῦν
1826 556 2011 622 οἷσθ’,

309 638 398 695 ὅτι
442 637 584 712 ἀρχὴ
635 639 846 705 παντὸς
896 647 1060 710 ἔργου
1101 649 1384 710 μέγιστον,
1442 638 1622 706 ἄλλως
1673 665 1730 697 τε
1773 645 1864 695 καὶ
1908 650 2010 710 νέῳ

218 744 265 794 Β
309 727 401 779 καὶ
444 722 644 794 ἁπαλῷ
690 723 942 795 ὁτῳοῦν,·
985 724 1227 796 μάλιστα
1272 723 1380 800 γαρ
1430 722 1496 791 δὴ
1543 725 1669 781 τότε
1711 724 2014 781 πλάττεται

310 812 402 863 καὶ
465 807 717 864 ἐνδύεται
777 808 976 875 τύπος,
1040 807 1106 865 ὃν
1149 808 1222 865 ἄν
1257 833 1340 873 τις
1384 809 1660 881 βούληται
1703 808 2016 880 ἐνσημήνα·

307 899 454 948 σθαι
510 891 741 963 ἑκάστῳ.
827 897 1050 972 Κομιδῇ
1105 898 1208 965 μὲν
1270 887 1389 950 οὖν.
1461 886 1586 967 Ἆρ’
1651 887 1752 949 οὖν
1809 893 2013 968 ῥᾳδίως
2075 891 2082 947 “.

309 975 454 1033 οὕτω
514 976 834 1049 παρήσομεν
891 976 1021 1044 τούς
1076 979 1436 1051 ἐπιτυχόντας
1498 977 1609 1035 ὑπὸ
1670 982 1781 1034 τῶν
1817 986 2013 1034 ἐπιτυ-
2080 1015 2084 1031 .-

305 1060 519 1133 χόντων
565 1062 792 1132 μύθους
836 1067 1200 1128 πλασθέντας
1243 1062 1469 1119 ἀκούειν
1515 1060 1646 1127 τοὺς
1692 1067 1895 1127 παῖδας
1920 1066 2011 1117 καὶ
2080 1055 2087 1106 }

310 1147 619 1218 λαμβάνειν
674 1154 731 1202 ἐν
776 1157 898 1211 ταῖς
944 1161 1152 1225 ψυχαῖς
1198 1146 1272 1212 ὡς
1315 1152 1400 1202 ἐπὶ
1450 1146 1511 1203 τὸ
1567 1145 1713 1202 πολὺ
1757 1152 2014 1211 ἐναντίοις
2081 1138 2092 1196 'ss

310 1230 474 1298 δόξας
519 1235 777 1300 ἐκείναις,
820 1229 916 1296 ἅς,
961 1230 1184 1288 ἐπειδὰν
1229 1235 1603 1298 τελεωθῶσιν,
1650 1236 1788 1302 ἔχειν
1833 1229 2015 1299 οἰησό·
2078 1296 2083 1308 Ἴ,

319 1319 478 1387 μεθ-α
556 1319 669 1370 δεῖν
735 1314 981 1386 αὐτούςς
1073 1314 1208 1372 Οὐδ’
1287 1314 1596 1379 ὁπωςτιοῦν
1666 1314 2012 1388 παρήσομεν.

308 1402 555 1472 Πρῶτον
597 1397 663 1467 δὴ
704 1398 865 1476 ἡμῖν,
924 1399 998 1465 ὡς
1041 1405 1246 1465 ἔοικεν,
1313 1404 1707 1467 ἐπιστατητέον
1750 1412 1868 1466 τοῖς
1910 1423 2013 1471 μυ·
2079 1427 2086 1446 ³

231 1492 277 1547 C
320 1489 608 1550 θοποιοῖς,
656 1486 748 1539 καὶ
793 1481 859 1539 ὃν
891 1487 994 1555 μὲν
1037 1482 1111 1540 ἂν
1152 1483 1326 1541 καλὸν
1364 1483 1680 1553 ποιήσωσιν,
1722 1491 2014 1557 ἐγκριτέον,
2084 1498 2090 1531 ἰ

423 1708 474 1751 Ρ.
508 1707 609 1752 377.
674 1707 723 1749 Β.
783 1706 1204 1761 ἐνσημήνασθαι
1243 1705 1480 1761 ἑκάστῳ]
1531 1705 1682 1760 Steph.
1721 1705 2012 1763 ἕνσῆμησθαι.

310 1777 656 1877 errorleiffwv
693 1820 749 1874 δὴ
794 1821 921 1876 ἡμῖν
950 1825 1040 1878 -]
1089 1824 1197 1866 Post
1226 1823 1396 1875 πρῶτον
1436 1822 1630 1862 inserunt
1668 1820 1747 1873 μὲν
1778 1820 1939 1862 Euseb.
1972 1828 2016 1862 et

313 1879 441 1924 codd.
476 1885 585 1934 Aug.
617 1880 736 1924 Flor.
768 1893 810 1923 x.
875 1882 963 1924 Pro
997 1884 1300 1935 ἐπιστατητέον
1331 1879 1493 1922 Euseb.
1524 1880 1790 1921 ἐπιστατέον.
1820 1891 1858 1918 v.
1892 1878 2015 1922 infra.
2095 1881 2098 1911 ¹

1209 2020 1535 2071 Coercendam,
1609 2019 1822 2073 quasique
1885 2020 2016 2061 certis
2093 2006 2097 2059 f

1208 2079 1441 2133 regendam
1475 2078 1626 2120 finibus
1660 2090 1758 2119 esse
1793 2077 1854 2118 ait
1883 2078 2018 2120 licen-
2093 2075 2095 2102 Γ

592 2021 789 2064 Fabulae
836 2025 945 2064 enim
993 2023 1121 2065 fictae

314 2085 414 2121 sunt
442 2079 635 2131 ideoque
657 2080 710 2120 ab
742 2080 838 2134 ipsa
867 2094 1011 2123 rerum
1045 2094 1120 2123 ve-

313 2024 522 2064 insunt.

314 2139 444 2179 ritate
477 2137 699 2179 recedunt.

373 2196 550 2235 Τοῦτο
621 2194 676 2247 δὴ
753 2194 962 2248 ἔλεγον,
1030 2191 1123 2237 ὅτι

315 2255 594 2304 μουσικῆς
643 2252 726 2305 -]
788 2253 910 2294 Hoc
958 2254 1124 2306 igitur

316 2310 458 2352 illud
492 2315 637 2362 erat,
685 2311 824 2363 quod
858 2310 1123 2364 dicebam,

317 2369 578 2410 musicam
630 2369 788 2422 prius
845 2371 1125 2422 attingen—

317 2427 434 2467 dam
471 2439 600 2468 esse
631 2440 786 2479 quarn
820 2428 1126 2480 gymnasti-

316 2497 444 2527 cam.
503 2483 611 2526 Nam
647 2486 704 2525 ita
737 2483 842 2525 baec
874 2484 1126 2538 explicanda

320 2555 504 2595 censeo,
535 2555 648 2594 quae
684 2544 829 2594 pauno
863 2544 990 2584 aliter
1022 2556 1127 2584 enu-

321 2601 480 2642 cleavit
526 2600 820 2642 Heindorf.
858 2600 912 2640 ad
944 2600 1126 2642 Theaet-

320 2672 363 2712 p.
401 2658 499 2702 198.
539 2659 614 2709 E„
656 2658 728 2698 ubi
769 2657 925 2699 eodem
967 2658 1128 2700 modo:

320 2721 460 2756 τοῦτο
502 2714 553 2767 δὴ
594 2714 699 2770 ἄρτι
750 2713 950 2771 ἠρώτων,
1007 2715 1129 2763 ὅπως

318 2772 400 2828 χρὴ
441 2778 536 2819 τοῖς
576 2771 770 2824 ὀνόμασι
802 2772 1021 2825 χρώμενον
1060 2775 1125 2816 λέ-

323 2847 427 2885 γειν
467 2832 600 2874 ΛΙοίΙ).
635 2832 666 2875 l.
698 2845 739 2885 p.
777 2832 872 2875 129.
895 2831 947 2872 D.
985 2835 1124 2873 τοῦτο

321 2892 465 2929 τοίνιν
492 2887 648 2942 ἀρτίως
670 2887 859 2950 ἠρώτων,
893 2890 928 2929 εἰ
957 2908 981 2962 ⁰,
1013 2888 1127 2943 χρώ-

319 2946 454 3000 μενός
485 2961 530 2986 τε
563 2946 634 2986 καὶ
662 2952 693 2988 ὡ
727 2952 913 3001 χρῆται,
957 2946 1025 2988 ἀεὶ
1054 2949 1126 2988 δο-

319 3009 382 3043 κεῖ
417 3004 575 3076 ἕτερον
622 3004 747 3048 εἶναι,
840 3006 1124 3047 proverbium

320 3059 429 3112 ἀρχὴ
483 3061 616 3114 ἥμισυ
662 3060 846 3115 παντός,
903 3064 958 3104 ad
1007 3062 1123 3116 quod

323 3118 477 3159 deinde
526 3120 776 3173 respicitur,
833 3134 918 3163 non
970 3122 1127 3162 attinet

323 3189 540 3228 exponere
601 3182 873 3230 quantopere
932 3192 959 3220 a
1021 3183 1126 3219 vett.

322 3233 606 3284 scriptoribus
618 3236 773 3275 celebr·
766 3241 883 3278 itum
897 3237 966 3278 sit.
979 3237 1126 3278 Otium

324 3296 548 3344 praeterea
570 3291 766 3332 fecerunt
791 3298 883 3336 tum
915 3295 1003 3346 alii,
1037 3299 1125 3336 tum

329 3348 512 3390 Astius
541 3347 595 3388 ad
629 3348 666 3389 Ιι.
698 3349 725 3389 Ι.

382 3405 435 3446 Β.
497 3405 726 3462 Πρωτον
764 3408 822 3461 δὴ
874 3406 999 3463 ἡμῖν
1046 3409 1128 3460 -]

1210 2137 1312 2178 tiam
1347 2149 1514 2188 eorum,
1546 2136 1616 2189 qui
1650 2134 1819 2176 fabulas
1839 2135 2017 2188 fingunt,

1209 2207 1348 2247 neque
1386 2191 1750 2248 permittendum,
1792 2197 1840 2234 ut
1864 2193 2018 2246 quidli-

1210 2253 1285 2294 bet
1323 2253 1530 2294 arbitratu
1571 2264 1650 2291 suo
1691 2252 2018 2293 comminiscan-
2097 2257 2098 2267 ¹

1211 2316 1282 2351 tur
1332 2316 1627 2364 spargantque
1686 2307 1725 2349 in
1786 2310 2020 2362 populum3

1211 2367 1287 2409 sed
1339 2367 1559 2409 habendus
1609 2365 1846 2407 fabularum
1896 2366 2020 2409 dele-

1211 2431 1323 2477 ctus,
1354 2430 1401 2466 ut
1436 2439 1546 2479 quae
1578 2426 1753 2478 pulcrae
1788 2430 1913 2466 erunt
1941 2425 2019 2466 ad—

1213 2484 1437 2525 mittantur
1457 2496 1508 2524 ac
1530 2481 1883 2535 comprobentur,
1907 2496 2019 2536 quae
2086 2518 2087 2527 ,

1211 2542 1371 2591 minus,
1400 2546 1654 2595 separentur
1672 2553 1723 2580 ac
1741 2546 2021 2582 secernantur
2084 2548 2087 2586 .’

1211 2613 1234 2640 a
1268 2599 1426 2641 ceteris
1460 2605 1503 2640 et
1534 2597 1796 2640 reiiciantur.
1844 2598 2020 2640 Mure·
2084 2600 2085 2603 ’

1211 2664 1269 2698 tu
1286 2671 1321 2703 s,
1383 2657 1587 2698 Ceterum
1612 2656 1877 2710 ἐπιστατέον,
1899 2656 2017 2709 quod
2083 2675 2085 2689 J

1211 2716 1266 2756 ab
1297 2712 1547 2769 ἐφιστάναι,
1580 2714 1907 2764 attendere,
1940 2713 2019 2754 de-

1214 2774 1404 2814 rivatum
1462 2778 1554 2824 est,
1613 2783 1718 2812 cave
1778 2770 2019 2811 confundas

1214 2844 1311 2872 cum
1343 2831 1663 2881 ἐπιστατητέον,
1695 2827 1810 2880 quod
1848 2827 1900 2868 ab
1932 2829 2018 2869 ἔπι-

1214 2891 1385 2930 στατεῖν
1417 2899 1707 2939 praeesse,
1746 2885 2018 2928 descendere

1214 2945 1365 2987 docuit
1410 2944 1642 2985 Lobeck.
1691 2943 1745 2983 ad
1794 2942 2018 2996 Phrynich.

1213 3019 1254 3058 p.
1287 3002 1369 3047 766
1395 3015 1457 3054 sq.
1523 3001 1708 3043 Verbum
1740 3002 1944 3053 ἐγκρίνειν
1975 3009 2019 3043 et

1211 3062 1486 3115 ἐγκρίνεσθαι
1524 3058 1576 3100 de
1614 3059 1691 3106 iis,
1743 3071 1856 3111 quae
1899 3059 2018 3101 facta

1215 3117 1470 3172 probatione
1503 3117 1789 3170 recipiuntur,
1832 3129 2016 3170 usurpa·

1213 3181 1304 3218 tum
1329 3176 1511 3215 illustrat
1542 3174 1782 3215 Lobeck.
1804 3173 1856 3214 ad
1878 3174 2016 3227 Phry-

1213 3233 1327 3275 nich.
1361 3246 1403 3285 p.
1433 3231 1520 3275 385
1543 3245 1607 3284 sq.
1648 3232 1920 3273 Contrarium
1952 3238 2018 3272 est

1213 3290 1457 3344 ἀποκρίνειν
1488 3291 1601 3330 conf.
1621 3291 1692 3332 Ill.
1715 3305 1754 3344 p.
1772 3289 1873 3333 413.
1897 3290 1947 3330 C.
1969 3291 2019 3330 D.

1273 3348 1323 3389 C.
1366 3344 1423 3387 ὃν
1452 3351 1543 3399 μὲν
1574 3346 1635 3387 ἂν
1664 3347 1836 3389 καλὸν
1863 3345 2019 3396 ποιή-

1217 3404 1403 3458 σωσιν]
1455 3405 1521 3446 Ex
1565 3411 1824 3459 antegresso
1872 3409 2019 3456 μυθο-
