2124 3744
303 191 400 242 150
905 186 1371 239 PLATONIS

299 331 560 405 ἀριθμὸν
605 337 777 388 πᾶσα.
874 336 982 387 Καὶ
1026 334 1198 403 μα’λα.
1292 334 1483 386 Ταῦτα
1529 335 1585 387 δέ
1627 353 1684 399 γε
1729 336 1989 401 φαίνεται

214 422 259 472 Β
295 416 486 487 ἀγωγὰ
546 415 685 489 πρὸς
737 418 1036 484 ἀλήθειαν.
1133 417 1457 490 “Υπερφυῶς
1519 419 1619 486 μὲν
1679 409 1798 469 οὖν.
1880 408 1989 469 τΩν

298 504 566 571 ζητοῦμεν
607 498 751 567 ἄρα,
811 501 883 566 ὡς
926 507 1090 566 ἔοικε,
1147 501 1509 571 μαθημάτων
1551 499 1626 554 ἂν
1674 500 1783 565 εἴη·
1830 504 1989 554 πολε-

297 588 437 656 μικῷ
484 589 585 655 μὲν
627 585 734 657 γὰρ
764 584 855 640 διὰ
887 585 990 651 τὰς
1015 589 1189 653 ταξεις
1215 584 1525 653 ἀναγκαῖον
1548 588 1762 652 μαθεῖν
1792 588 1991 652 ταῦτα,

298 659 592 746 φιλοσόφῳ
650 675 706 726 δὲ
761 669 854 725 διὰ
909 671 971 727 τὸ
1035 675 1131 738 τῆς
1177 671 1367 733 οὐσίας
1413 668 1620 724 ἁπτέον
1666 668 1803 722 εἶναι
1850 674 1992 735 γενε-

298 775 430 818 σεως
496 753 848 820 ἐξαναδύντι,
918 753 952 821 ἢ
1019 760 1288 825 μηδέποτε
1357 756 1645 823 λογιστικῷ
1709 758 1992 820 γενέσθαι..

284 839 439 894 ’Ἐστι
484 838 668 902 ταῦτ’,
713 845 835 912 ἔφη.
921 838 980 895 Ὁ
1035 844 1090 894 δὲ
1142 861 1199 907 γε
1246 837 1504 909 ἡμέτερος
1547 838 1731 912 φύλαξ
1771 841 1993 906 πολεμι-

299 923 392 988 κός
437 945 493 977 τε
537 926 629 978 καὶ
671 925 984 999 φιλόσοφος
1025 922 1279 994 τυγχάνει
1323 920 1417 978 ὥν.
1477 928 1543 978 Τι’
1567 922 1710 993 μήνς
1772 925 1994 993 Προςῆ-

300 1030 397 1062 κον
442 1005 508 1073 δὴ
556 1005 618 1062 τὸ
663 1008 913 1079 μα’θημα
956 1005 1028 1063 ἂν
1074 1009 1181 1074 εἰἠ,
1225 999 1266 1061 ὦ
1311 1005 1609 1070 Γλαύκων,
1676 1009 1994 1077 νομοθετῆ·

195 1164 205 1172 ⁶
301 1111 395 1146 σαι
450 1095 542 1146 καὶ
600 1097 822 1148 πείθειν
882 1091 1013 1156 τοὺς
1065 1096 1369 1162 μέλλοντας
1426 1099 1484 1147 ἐν
1541 1095 1605 1168 τῇ
1642 1091 1827 1145 ’πόλει
1887 1094 1993 1143 τῶν

210 1193 257 1247 C
297 1181 564 1246 μεγίστων
607 1178 888 1246 μεθέξειν,
938 1181 1024 1233 ἐπὶ
1068 1174 1387 1245 λογιστικὴν
1422 1183 1562 1232 ἰέναι
1585 1180 1672 1230 καὶ
1699 1174 1995 1229 ἀνθάπτε-

299 1264 447 1316 σθαι
507 1259 684 1327 αὐτῆς
737 1262 813 1332 μὴ
869 1265 1173 1326 ἰδιωτικῶς,
1238 1261 1367 1316 ἀλλ’
1431 1267 1529 1326 ἕως
1583 1258 1657 1314 ἂν
1712 1263 1799 1314 ἐπὶ
1850 1266 1996 1313 θέαν

302 1349 402 1412 τῆς
445 1348 555 1399 τῶν
595 1345 868 1415 ἀριθμῶν
911 1348 1123 1420 φύσεως
1165 1345 1478 1420 ἀφίκωνται
1519 1348 1583 1421 τῇ
1621 1345 1812 1411 νοήσει
1835 1343 1995 1420 αὐτῇ,

302 1430 402 1484 οὐκ
444 1427 591 1495 ὠνῆς
641 1429 767 1485 οὐδὲ
809 1430 1061 1501 πράσεως
1099 1431 1268 1500 χάριν
1309 1428 1383 1493 ὡς
1423 1430 1703 1500 ἐμπόρους
1748 1426 1778 1494 ἢ
1821 1429 1998 1493 menti·

300 1518 434 1578 λους
469 1517 841 1583 μελετῶντας,
895 1514 1018 1570 ἀλλ’
1084 1521 1239 1570 ἕνεκα
1298 1517 1539 1584 πολέμου
1597 1535 1652 1568 τε
1695 1517 1786 1567 καὶ
1824 1512 2000 1579 αὐτῆς

300 1602 401 1666 τῆς
443 1600 628 1675 ψυχῆς
672 1597 961 1674 ῥᾳστώνης
1001 1602 1395 1674 μεταστροφῆς
1447 1597 1562 1654 ἀπὸ
1618 1603 1869 1668 γενέσεως
1904 1596 1989 1652 ἐπ’

417 1821 466 1864 C.
507 1820 597 1875 τῆς
627 1823 799 1875 ψυχῆς
830 1817 1111 1877 ῥᾳστώνης
1141 1822 1554 1876 μεταστροφῆς]
1588 1823 1643 1862 V.
1675 1818 1897 1876 ῥαστῴνης
1929 1822 1997 1861 καὶ

297 1892 490 1933 μεταστρ.
552 1879 640 1919 Sed
680 1880 784 1922 Ald.
828 1881 930 1924 Bas.
973 1883 1014 1925 1.
1046 1883 1087 1924 2.
1132 1888 1177 1924 et
1213 1881 1340 1924 codd.
1388 1877 1490 1923 vat.
1526 1877 1571 1920 Θ.
1616 1881 1726 1922 Ven.
1760 1879 1862 1924 ΞΙΙ.
1899 1881 1996 1922 Par.

300 1939 350 1980 D.
382 1938 503 1979 Mon.
537 1937 657 1982 Flor.
690 1951 729 1978 a.
765 1952 800 1980 e.
833 1953 875 1980 x.
904 1941 951 1992 β.
987 1955 1023 1993 γ.
1062 1942 1137 1980 καί
1170 1941 1390 1981 omittunt.
1434 1938 1618 1980 Bekker.
1663 1938 1998 1992 suffragantibus

299 1995 431 2040 Turr.
464 2002 508 2037 et
540 1995 693 2037 Herm.
729 2010 780 2038 ex
813 1998 913 2042 Par.
949 2001 997 2038 Α.
1032 1999 1206 2052 scripsit
1236 1993 1459 2052 ῥᾳστώνης
1491 2009 1541 2035 τε
1574 2008 1766 2050 μεταστρ.

366 2166 414 2207 Β,
461 2162 793 2220 ἢμηδὲποτε
827 2169 934 2223 aoy.
968 2167 1106 2222 γενέ·
1197 2181 1236 2221 p.
1269 2166 1373 2210 371
1404 2165 1455 2206 D.

306 2224 472 2275 σθαι]
543 2225 790 2278 alioquin
851 2239 1106 2268 necessa-

305 2283 386 2324 rio
439 2285 823 2335 consequitur,
881 2289 938 2325 ut
984 2298 1104 2325 ιιιιιι-

303 2353 457 2394 quam
493 2341 855 2392 computandi
887 2343 1105 2395 peritus

305 2399 519 2440 evadat.
594 2399 976 2441 Constructionem
1031 2413 1106 2441 no—

305 2459 488 2498 tavimus
520 2458 613 2500 libr.
646 2455 719 2500 Vl.
756 2473 796 2511 p.
827 2456 926 2502 490-
962 2459 1018 2498 A·
1052 2482 1105 2487 —

306 2514 572 2568 γενέσεως
629 2511 983 2566 ἐξαναδύντι,
1022 2529 1103 2566 Σει(

312 2586 478 2614 rernm
519 2574 786 2614 sensibus
818 2575 1103 2614 subiecta-

307 2644 414 2672 rum
449 2634 759 2684 emergenti
791 2633 1105 2684 generatio·

305 2702 381 2730 ne.
420 2702 458 2731 v,
491 2695 635 2729 annot.
670 2689 724 2730 ad
756 2703 796 2742 p.
826 2689 928 2733 526.
961 2690 1015 2733 E.

364 2747 414 2787 C.
480 2747 562 2787 καὶ
596 2741 989 2788 ἀνθάπτεσθαι
1019 2761 1106 2787 αυ-

304 2805 395 2858 τῆς
438 2818 501 2858 μη
543 2803 859 2858 ἰδιωτικῶς]
903 2807 974 2846 De
1006 2819 1102 2847 sen-

304 2863 434 2904 tentia
471 2877 510 2902 v.
543 2863 710 2904 Phileb.
746 2879 786 2918 p.
817 2865 888 2908 56.
924 2865 974 2906 D.
1009 2876 1105 2905 cum

304 2933 400 2962 ann.
463 2921 664 2961 'Laudat
729 2924 870 2964 locum
935 2922 1108 2963 'rheu

306 2980 517 3032 Smyrn.
536 2992 577 3030 p.
596 2979 638 3022 8.
661 3003 714 3007 —
777 2975 875 3020 οὐκ
908 2978 1145 3020 ἱδιωτι-“

308 3037 433 3082 κῶς,
477 3049 578 3076 non
625 3049 715 3087 eo,
770 3051 875 3091 qno
915 3041 1111 3089 vulgus

304 3094 476 3138 solet,
517 3096 760 3135 modo‚—
809 3092 1114 3147 ἀφίκωνται

309 3152 366 3202 τῇ
406 3147 602 3203 νοήσει
643 3148 804 3205 αὐτῇ,
846 3156 873 3195 i.
907 3168 946 3194 e.
980 3167 1112 3208 pura

309 3210 710 3279 intelligentia.
777 3212 822 3254 Ρ.
883 3211 981 3255 526.
1045 3212 1112 3253 Β.

305 3261 413 3317 αυτῇ
445 3267 494 3317 τῇ
521 3264 672 3336 νοήσει
698 3269 889 3337 χρῆσθαι
922 3268 998 3324 τὴν
1027 3276 1112 3321 ψυ

306 3321 384 3377 χὴν
414 3321 485 3363 ἐπ’
520 3319 656 3378 αὐτὴν
692 3322 768 3378 τὴν
797 3324 1023 3380 ἀλήθειαν.
1056 3353 1109 3358 -

299 3379 564 3433 Ἐμποροι
614 3389 656 3422 et
708 3383 960 3437 κάπηλοι
1003 3385 1106 3438 qnid

306 3439 533 3489 differant
575 3438 703 3481 (locet
749 3444 871 3483 loeus
912 3445 1003 3484 libr.
1055 3443 1101 3484 ll.

1250 2219 1422 2277 αὐτῆς
1463 2223 1553 2276 τῆς
1581 2224 1756 2276 ψυχῆς
1790 2221 1992 2279 ῥαστώ-

1179 2294 1285 2335 νης
1318 2281 1732 2352 μεταστροφῆς]
1766 2283 1997 2336 Stepha-

1193 2353 1293 2381 nus
1332 2346 1431 2380 ante
1473 2335 1694 2394 ῥἀστώνης
1733 2340 1786 2382 de
1818 2355 1898 2382 suo
1929 2342 1993 2382 in

1192 2399 1327 2440 seruit
1366 2399 1449 2441 καί.

1190 2457 1357 2497 ratione
1405 2454 1592 2497 adhibita
1630 2460 1734 2510 post
1773 2452 1997 2511 ῥᾳστώνης

1191 2516 1448 2555 inculcatum
1493 2514 1650 2567 legitur
1687 2528 1741 2554 τε.
1819 2515 1995 2556 Utrum-

1191 2585 1274 2624 que
1306 2572 1467 2624 opinati
1507 2572 1693 2614 vulneris
1735 2585 1997 2626 supervaca-

1192 2643 1319 2671 neum
1355 2631 1640 2683 emplastrum
1675 2634 1755 2672 est
1817 2631 1996 2683 Quippe

1194 2680 1416 2743 ῥᾳστώνης
1453 2700 1553 2729 cum
1599 2688 1757 2742 duplici
1806 2690 1997 2755 genitivo

1190 2749 1405 2797 iunctum,
1436 2746 1553 2799 quod
1586 2745 1688 2787 nihil
1725 2744 1852 2786 habet
1882 2747 1998 2786 inso-

1192 2805 1365 2847 lentiae.
1409 2817 1449 2844 v.
1483 2802 1674 2847 Mattli.
1707 2803 1787 2846 Gr.
1817 2803 1856 2854 §.
1894 2803 1997 2847 380.

1191 2862 1234 2906 2.
1294 2861 1386 2903 Nec
1417 2875 1522 2903 vero
1553 2873 1706 2902 caussa
1740 2861 1997 2902 collocatio-

1193 2922 1257 2962 nis
1282 2920 1511 2962 verborum
1536 2919 1721 2960 obscura
1753 2924 1834 2965 est,
1868 2931 1996 2970 quum

1194 2979 1305 3020 inter
1335 2990 1384 3019 se
1414 2982 1687 3031 opponantur
1722 2974 1911 3026 πολέμου
1957 2983 2001 3016 et

1197 3027 1340 3087 αυτῆς
1371 3033 1448 3088 τῆς
1481 3035 1633 3087 ψυχῆς.
1694 3033 1818 3087 Apud
1863 3035 1999 3074 Inm-

1198 3094 1430 3134 blielium
1469 3093 1495 3133 Ι.
1528 3105 1566 3133 c.
1599 3091 1728 3134 verba
1775 3093 1835 3132 sic
1866 3095 2000 3133 inter-

1199 3153 1344 3204 pulatn
1387 3151 1606 3220 leguntur:
1654 3144 1789 3203 αὐτῆς
1838 3149 1884 3190 δὲ
1927 3151 2001 3202 τῆς

1199 3209 1341 3262 ψυχῆς
1393 3202 1617 3261 ραστώνης
1665 3205 2001 3262 παρασκευάζειν

1199 3267 1276 3321 τῆς
1304 3265 1603 3334 μεταστροφῆς
1634 3280 1669 3308 κ.
1705 3280 1737 3306 τ.
1769 3267 1802 3306 λ.

1254 3323 1359 3365 Καὶ
1398 3319 1519 3375 μήν,
1559 3317 1620 3375 ἦν
1661 3318 1703 3363 δ’
1747 3320 1874 3377 ἐγω,
1906 3324 2001 3364 νῦν

1195 3383 1278 3422 καὶ
1319 3379 1486 3421 ἐννοῶ
1525 3381 1604 3436 —J
1663 3382 1876 3435 Atque,
1922 3382 1995 3422 in

1191 3453 1373 3491 quant,
1425 3451 1559 3481 nuno
1593 3440 1754 3481 etiam
1787 3439 1995 3481 intelli—

1519 2398 1567 2439 ln
1618 2398 1716 2440 Par.
1765 2401 1816 2439 A.
1870 2399 1995 2440 simili
2052 2413 2059 2425 ·
