2124 3744
270 189 374 240 478
884 183 1367 238 PLATONIS

268 331 432 386 οὐδὲν
476 329 664 384 αὐτῶν
710 329 954 386 δυνατὸν
999 334 1208 396 παγίως
1241 331 1454 395 νοῆσαι,
1502 325 1628 382 οὔτε
1673 325 1970 400 ἀμφότερα

271 412 398 471 οὔτε
443 413 749 485 οὐδέτερον.
825 411 1000 485 ’Ἐχεις
1045 406 1147 468 οὖν
1193 412 1414 479 αὐτοῖς,
1457 405 1526 479 ἦν
1571 410 1619 465 δ’
1673 410 1793 480 ἐγώ,
1842 409 1870 464 ὅ
1919 432 1971 464 τι

265 499 482 571 χρήσει,
527 494 561 564 ἢ
613 497 742 553 ὅποι
787 497 989 565 θήσεις
1031 501 1232 552 καλλίω
1270 501 1437 552 θέσιν
1484 500 1582 564 τῆς
1625 492 1830 565 μεταξὺ
1878 495 1974 550 ου-

269 590 391 647 σίας
452 604 508 637 τε
568 586 662 637 καὶ
707 586 804 638 τοῦ
852 605 928 653 μη
972 582 1142 646 εἶναι,·
1197 577 1322 637 οὔτε
1378 579 1486 652 γάρ
1544 601 1653 635 που
1711 582 1970 634 σκοτωδέ-

270 673 433 739 στερα
487 664 564 766 μὴ
626 664 790 731 ὄντος
845 664 986 737 πρὸς
1040 664 1104 720 τὸ
1149 668 1369 735 μᾶλλον
1423 687 1500 736 μη
1547 664 1684 720 εἶναι
1734 659 1971 738 ᾳαιήσε·

270 774 390 815 ται,
450 747 579 806 οὔτε
631 751 919 827 φανότερα
977 746 1143 813 ὄντος
1199 747 1340 821 πρὸς
1412 746 1476 804 τὸ
1537 752 1754 818 μᾶλλον
1817 748 1974 804 εἶναι.

260 837 681 904 Ἀληθέστατα,
727 841 853 909 ἔφη.
935 831 1267 905 Εὑρήκαμεν
1321 830 1472 907 ἄρα,
1526 832 1600 896 ὡς
1636 837 1842 896 ἔοικεν,
1887 830 1977 887 ὅτι

266 919 335 977 τὰ
400 922 512 975 τῶν
579 924 800 976 πολλῶν
856 916 1036 975 πολλοὶ
1093 916 1304 990 νόμιμα
1359 920 1533 973 καλοῦ
1589 939 1644 972 τε
1707 919 1830 990 πέρι
1886 938 1977 971 και

267 1008 380 1061 τῶν
424 1002 610 1059 ἄλλων
654 1004 859 1076 μεταξύ
907 1024 1017 1058 που
1061 1006 1395 1058 κυλινδεῖται
1445 1004 1545 1057 τοῦ
1593 1023 1648 1056 τε
1691 999 1769 1070 μὴ
1812 999 1977 1066 ὄντος

267 1093 361 1146 καὶ
402 1092 503 1144 τοῦ
562 1086 729 1154 ὄντος
784 1089 1097 1161 ειλικρινῶς.
1190 1085 1263 1142 Γ
1238 1107 1542 1158 υρηκαμεν
1633 1089 1977 1158 Προωμολυ·

270 1173 518 1246 γήσαμεν
562 1176 618 1228 δε
656 1195 730 1245 γε,
772 1175 826 1231 εἴ
871 1195 922 1228 τι
948 1174 1209 1228 τοιοῦτον
1237 1176 1456 1248 φανείη,
1505 1167 1776 1236 δοξαστὸν
1814 1168 1974 1234 αὐτό,

269 1257 399 1318 ἀλλ’,
449 1257 515 1313 οὐ
561 1257 812 1325 γνωστὸν
858 1262 973 1314 δεῖν
1017 1260 1314 1325 λέγεσθαι,
1378 1259 1444 1333 τῇ
1489 1252 1694 1326 μεταξὺ
1748 1252 1973 1325 δυνάμει

271 1341 336 1400 τὸ
391 1339 596 1413 μεταξὺ
665 1341 953 1411 πλανητὸν
1019 1339 1408 1411 ἁλισκόμενον.
1497 1337 1977 1410 ζΩμολογήκοιμεν.

280 1425 432 1490 Τοὺς
485 1423 600 1495 ἄρα
642 1424 823 1484 πολλὰ
873 1422 1016 1481 καλοὶ
1066 1428 1416 1497 θεωμένους,
1478 1421 1619 1480 αὐτὸ
1667 1426 1724 1479 δὲ
1771 1422 1833 1479 τὸ
1879 1445 1976 1478 κα-

270 1509 373 1569 λὸν
415 1508 492 1581 μὴ
539 1509 820 1583 ὁρῶντας,
863 1508 994 1580 μηδ’
1045 1506 1199 1580 ἄλλῳ
1243 1506 1331 1564 ἐπ’
1383 1506 1524 1564 αὐτὸ
1570 1506 1770 1577 ἄγοντι
1814 1511 1979 1563 δυνα·

269 1603 467 1668 μένους
520 1600 793 1662 ἕπεσθαι,
848 1600 943 1652 καὶ
998 1592 1180 1650 πολλοὶ
1228 1597 1447 1665 δίκαια,
1501 1592 1643 1649 αὐτὸ
1691 1595 1747 1648 δὲ
1793 1591 1855 1648 td
1903 1595 1978 1648 δι’-

270 1701 432 1737 καιον
475 1678 570 1751 μή,
592 1685 706 1737 -καὶ
738 1679 928 1737 πάντα
961 1676 1125 1745 οὕτω,
1171 1676 1420 1746 δοξάζειν
1447 1677 1698 1754 φήσομεν
1727 1675 1979 1747 ἅπαντα,

273 1873 438 1917 hibent.
482 1873 733 1929 νυκτερίδος
771 1871 832 1915 ώς
871 1871 1029 1927 φάντες
1073 1867 1208 1914 αυτὸν
1248 1866 1384 1926 αὐτὴν
1419 1871 1571 1924 ’βαλεῖν
1611 1873 1865 1913 αινίττονται
1911 1874 1979 1913 καὶ

276 1947 331 1973 ου
362 1933 522 1986 βαλεῖν.
555 1935 624 1975 καὶ
655 1931 736 1989 γὰρ
769 1948 799 1975 τ.

389 1991 438 2032 D.
500 1993 598 2033 τοῦ
628 2007 678 2034 τε
708 1988 774 2045 μὴ
808 1987 972 2032 ὄντος
1002 1991 1089 2030 καὶ
1122 1988 1217 2029 τοῦ
1249 1983 1444 2042 ὄντος]
1477 1986 1551 2029 Sic
1586 1987 1683 2028 Par.
1706 1987 1843 2030 ΑΒΚ.
1877 1988 1976 2031 Vat.

277 2047 324 2090 Θ.
358 2050 471 2092 Ven
506 2049 570 2094 ΙΙ.
603 2050 734 2094 Vind.
767 2049 885 2092 Mon.
918 2048 1035 2100 Ang.
1077 2046 1174 2089 Vnt.
1205 2058 1262 2090 m.
1296 2058 1328 2089 r.
1364 2045 1480 2090 Flor.
1513 2060 1552 2090 α.
1585 2045 1629 2098 β.
1665 2060 1702 2099 γ.
1735 2059 1776 2087 Χ.
1810 2047 1977 2099 Vulgo.

274 2107 352 2147 τοῦ
384 2121 426 2147 τε
459 2102 588 2149 ὄντος
620 2109 688 2150 καὶ
723 2108 802 2148 τοῦ
832 2103 888 2160 μὴ
927 2102 1069 2147 ὄντος.
1117 2102 1376 2158 Εὶλικρινῶε
1405 2099 1657 2158 εὑρήκαμεν.
1720 2103 1980 2146 Emendavlt

270 2165 460 2208 Bekker.

390 2220 508 2263 δεῖν
550 2219 836 2275 λέγεσθαι,
879 2222 941 2271 τῇ
976 2217 1177 2271 μεταξὺ
1222 2218 1292 2272 δ.]
1335 2220 1480 2273 Vulgo
1524 2221 1598 2258 και
1635 2226 1736 2271 post
1776 2219 1979 2273 λέγεσθαι

1170 2391 1226 2432 Ut
1268 2375 1462 2445 νυκτερίς
1512 2401 1594 2430 nec
1640 2390 1732 2431 avis
1772 2402 1852 2431 nec
1893 2403 1977 2433 non

1168 2449 1260 2491 avia
1279 2452 1363 2499 est,
1380 2447 1472 2491 ,sed
1492 2446 1694 2500 ambigua
1719 2450 1835 2491 inter
1851 2461 1974 2491 avem

274 2392 382 2434 κούκ
414 2390 571 2443 ὄρνιθ’
617 2390 717 2433 ἰδών
757 2406 800 2432 τε
837 2389 941 2432 κουίι
971 2389 1081 2439 ἰδών,

270 2450 368 2492 Ἐπὶ
407 2451 538 2497 ξύλου
576 2465 622 2490 τε
655 2447 732 2490 κού
771 2447 903 2495 ξύλου
939 2452 1082 2502 παθη·

273 2510 403 2562 μένην
447 2509 584 2561 Λίθῳ
617 2522 663 2549 τε
695 2505 773 2548 κου’
804 2507 919 2558 λίθῳ
950 2505 1083 2559 βάλοι

275 2581 321 2607 τε
339 2564 417 2607 κοῦ
438 2565 581 2620 βάλοι.
595 2590 651 2596 -
674 2564 857 2611 Ἄλλως·
881 2563 1082 2618 ’Ἀνθρω-

274 2639 358 2670 πος
387 2623 467 2666 οὐκ
496 2623 737 2678 ἅνθρωπος
765 2622 1032 2693 ἅνθρωπος
1038 2620 1080 2663 δ’

274 2679 412 2735 ὅμως,
434 2680 623 2752 Ὀρνιθα
657 2679 760 2721 noda
791 2679 974 2749 ὄρνιθα,
1007 2679 1084 2731 ὅρ-

274 2741 387 2778 νιθα
437 2738 481 2779 δ’
539 2736 682 2792 ὅμως,
727 2737 822 2779 Ἐπὶ
863 2735 998 2784 ξύλου
1037 2752 1081 2777 τε

274 2795 349 2837 κου’
391 2795 523 2842 ξύλου
560 2798 817 2850 καθημένην
845 2795 978 2848 Λίθῳ
1007 2797 1084 2848 βα-

276 2852 358 2894 λών
393 2869 448 2907 με
489 2853 567 2895 κου
616 2854 732 2907 λίθῳ
780 2851 990 2900 διώλεσεν.
1028 2875 1082 2884 —

279 2912 608 2979 Νυκτερίδα
669 2909 694 2952 o‘
745 2927 809 2953 ευ
836 2926 857 2950 ν
883 2925 1084 2963 ουχος

276 2966 518 3024 νάρθηκι
577 2968 798 3025 κισήρει.
889 2969 954 3010 De
1002 2967 1083 3009 lioc

277 3025 442 3069 scholio
492 3040 530 3067 v
577 3026 998 3070 Broenstedt
1040 3026 1079 3066 in

277 3083 562 3130 Bredowii
604 3084 802 3138 Epistoll.
837 3084 1003 3126 Parias.
1037 3097 1078 3136 p.

279 3141 379 3184 132.
449 3142 590 3185 Recte
641 3143 902 3186 Budaeus
953 3141 1086 3183 Com·

279 3206 462 3240 mentar.
503 3200 628 3253 Ling.
677 3202 754 3244 Gr.
797 3214 825 3254 p
885 3198 1085 3245 749.1o-

278 3268 374 3297 cum
428 3257 492 3297 sic
537 3257 866 3312 interpretatur.
934 3289 964 3310 „
981 3257 1087 3298 Ete-

278 3314 364 3355 nim
399 3311 505 3354 haec
535 3315 720 3369 ambigi,
765 3315 848 3357 hoc
887 3321 955 3357 est
994 3326 1086 3355 am-

278 3371 405 3424 bigua
452 3384 552 3414 esse
600 3377 644 3414 et
686 3379 992 3425 controversa,
1044 3371 1086 3412 in

279 3432 420 3471 utram
470 3432 639 3482 partem
702 3431 840 3484 magis
895 3432 1087 3483 vergant.

1170 2519 1270 2549 esse
1314 2510 1359 2547 et
1395 2517 1480 2547 non
1514 2517 1640 2556 esse;
1682 2510 1728 2547 et
1755 2505 1977 2548 eunuchus

1170 2576 1250 2607 nec
1295 2567 1366 2605 est
1410 2563 1474 2605 vir
1517 2563 1644 2617 plane
1681 2576 1762 2605 nec
1793 2576 1879 2605 nou
1905 2571 1979 2608 est

1171 2623 1246 2666 vir.
1309 2620 1436 2662 Haec
1477 2622 1590 2662 enim
1634 2626 1678 2662 et
1718 2622 1870 2663 similia
1900 2631 1977 2676 με·

1170 2677 1278 2724 ταξιῖ
1310 2692 1397 2720 που
1428 2678 1691 2720 κυλινδεῖται
1715 2682 1800 2720 τοῦ·
1829 2693 1876 2720 τε
1908 2678 1978 2720 ὅν·

1169 2752 1247 2783 τος
1277 2735 1350 2776 καὶ
1377 2734 1436 2791 μὴ
1471 2734 1652 2782 ὅντος.“
1713 2737 1802 2778 Pro
1837 2737 1975 2791 ἐπαμ-

1175 2792 1415 2850 φοτερίζειν
1425 2793 1543 2845 quod
1566 2797 1596 2835 A
1613 2799 1674 2834 st.
1696 2794 1820 2835 dedit
1837 2795 1976 2847 ἐπαμ-

1174 2850 1417 2906 ᾳοτερίζει,
1457 2851 1632 2892 Ficini
1667 2856 1880 2904 sequutus
1909 2853 1975 2893 in-

1172 2909 1548 2964 terpretationem,
1578 2921 1628 2951 ea
1653 2908 1765 2951 liaud
1798 2909 1890 2951 scio
1922 2922 1973 2950 an

1170 2979 1492 3020 supervacanea
1541 2967 1756 3008 correctio
1793 2967 1873 3016 sit,
1917 2969 1974 3007 si-

1168 3025 1341 3079 quidem
1373 3036 1428 3067 ex
1458 3023 1723 3064 αἰνίττονται
1762 3038 1839 3077 per
1870 3037 1973 3066 zeu-

1167 3096 1268 3137 gma
1310 3080 1630 3134 intelligendum
1681 3087 1750 3123 est
1797 3083 1974 3124 verbum

1169 3142 1340 3187 οἴονται
1371 3139 1437 3180 vel
1470 3138 1609 3180 simile
1639 3139 1858 3191 quiddam.

1231 3199 1283 3239 D.
1342 3194 1432 3237 ὅτι
1496 3195 1557 3236 τὰ
1621 3201 1719 3237 τῶν
1771 3197 1973 3238 πολλῶν

1171 3251 1335 3297 πολλὰ
1382 3251 1621 3307 νόμιμα]
1669 3255 1791 3296 Bene
1834 3254 1972 3296 Fici·

1173 3325 1292 3354 nns:
1323 3310 1463 3363 quod
1498 3312 1668 3354 multa
1696 3312 1813 3362 illa,
1835 3324 1972 3364 quae

1170 3383 1196 3411 a
1237 3369 1426 3412 multis
1471 3369 1595 3422 (imo
1635 3383 1659 3412 a
1698 3369 1972 3422 plurimis,

1172 3427 1244 3479 qui
1292 3438 1376 3468 non
1429 3431 1529 3468 sunt
1576 3429 1665 3470 veri
1714 3425 1975 3481 philosophi)
