2098 3658
133 535 230 586 341

262 129 328 178 70
869 120 1344 176 PLATONIS

267 270 354 327 ὅτι
409 270 438 325 ὁ
496 267 688 341 ἰατρὸς
734 267 940 339 ἥμαρτε
988 273 1079 324 καὶ
1120 267 1149 324 ὁ
1196 268 1381 339 ἅρχων
1427 265 1656 338 ἥμαρτε.
1708 269 1966 323 τοιοῦτον

270 346 372 411 οὖν
439 350 506 418 δή
571 372 658 407 σοι
729 355 822 406 καὶ
899 356 989 423 ἐμὲ
1057 351 1303 422 ὑπόλαβε
1375 354 1476 406 νῦν
1535 349 1602 417 δὴ
1671 349 1966 424 ἀποκρίνε-

270 441 434 493 σθαι.
467 435 532 492 τὸ
581 438 637 490 δὲ
681 435 1085 507 ἀκριβέστατον
1128 443 1299 492 ἐκεῖνο
1351 433 1606 506 τυγχάνει
1630 430 1712 500 ὅν,
1738 434 1838 490 τὸν
1865 431 1967 504 ἄρ-

270 541 466 593 χοντα,
489 518 621 574 καθ’
674 517 807 574 ὅσον
832 516 1018 591 ἅρχων
1040 525 1168 585 ἐστι’,
1194 518 1270 591 μὴ
1295 518 1657 589 ἁμαρτάνειν,
1679 517 1756 589 μὴ
1785 517 1969 590 ἁμαρ-

275 604 523 660 τάνοντα
552 606 609 658 ὑὲ
643 601 704 659 τὸ
733 601 886 673 αὐτῷ
929 607 1216 676 βελτιστον
1261 606 1558 667 τίθεσθαι,
1575 603 1744 658 τοῦτο
1792 606 1848 658 δὲ
1891 606 1968 672 τῷ

269 687 563 760 ἀρχομένῳ
597 694 875 754 ποιητέον.
905 687 1055 752 dign,
1080 686 1214 760 ὅπερ
1245 687 1300 754 ἐξ
1321 686 1498 760 ἀρχῆς
1524 690 1731 756 ἔλεγον,
1750 690 1967 742 δίκαιον

270 776 402 841 λέγω
455 769 518 828 τὸ
565 774 666 826 τοῦ
713 775 1027 843 κρείττονος
1072 783 1250 827 ποιεῖν
1295 771 1591 845 ξυμφέρον.
1667 767 1805 847 Cap.
1836 767 1971 825 XV.

271 847 478 926 Ειεν,τ
448 878 519 923 ην
549 854 590 910 δ’
624 862 679 924 ὲ)
685 855 744 922 ai,
776 847 816 910 ὦ
849 857 1208 930 Θρασύμαχε·
1255 857 1401 911 δοκῶ
1435 874 1523 911 σοι
1569 864 1970 929 συκοφαντεῖνς

272 938 444 995 Πάνυ
465 942 567 1011 μὲν
604 932 722 1006 οὖν,
745 945 866 1016 ἔφη.
941 940 1055 996 Οἴει
1084 939 1190 1010 γάρ
1220 961 1286 1010 με
1314 939 1369 1005 ἐξ
1411 941 1707 1007 ἐπιβουλῆς
1748 945 1806 993 ἐν
1851 949 1970 1002 τοῖς

272 1021 456 1093 λόγοις
499 1023 920 1094 κακουργοῦντά
966 1045 1022 1080 σε
1071 1028 1303 1095 ἐρέσθαι
1347 1020 1419 1086 ὡς
1463 1019 1716 1093 ἠρόμην,
1749 1015 1827 1078 Ευ
1869 1026 1970 1093 μὲν

387 1230 481 1270 νῦν
513 1229 573 1283 δὴ
606 1226 1066 1285 ἀποκριᾘνεσθαι]
1101 1231 1248 1282 Vulgo
1271 1229 1354 1270 νῦν
1370 1242 1418 1282 γε
1447 1223 1519 1270 ἀπ.
1555 1225 1674 1280 quod
1706 1229 1969 1268 mutavimus

271 1301 325 1328 ex
359 1288 458 1329 Par.
499 1290 544 1329 A
574 1289 616 1329 D
653 1289 704 1330 Κ.
742 1290 847 1330 len.
882 1287 935 1332 Π.
982 1290 1110 1330 xind.
1145 1287 1196 1329 Φ.
1230 1288 1351 1330 Flor.
1383 1299 1427 1330 x,
1459 1292 1503 1327 et
1531 1298 1596 1338 pr.
1628 1285 1731 1326 Vat.
1768 1283 1817 1326 Θ.
1879 1285 1970 1328 Pro

269 1340 587 1400 ἀποκρίνεσθαι
617 1347 830 1387 aoristum
862 1346 1199 1400 ἁποκριΉνασθαι
1231 1359 1257 1386 a
1276 1344 1481 1385 Bekkero
1505 1349 1744 1396 receptum,
1762 1344 1972 1384 exhibent

271 1404 428 1446 Ambr.
451 1405 568 1456 Aug.
590 1405 714 1446 Mon.
731 1404 852 1446 Flor.
875 1417 918 1449 x,
940 1402 981 1446 ά.
997 1404 1042 1457 β,
1090 1403 1179 1445 Sed
1199 1402 1511 1457 praestabilius
1540 1413 1750 1455 praesens
1783 1407 1968 1454 tempus.

329 1588 436 1642 Cap.
457 1590 558 1632 XV.
602 1590 651 1632 P.
670 1588 768 1634 341.
829 1583 987 1641 Εἶεν,
1020 1610 1075 1619 -

273 1647 415 1688 δοκῶ
496 1661 583 1688 σοι
649 1644 1075 1699 συκοφαντεῖν;]

275 1707 312 1747 R.
330 1719 354 1747 e
375 1707 390 1746 i
414 1719 434 1747 s
456 1708 470 1746 i
491 1708 602 1759 giu
623 1719 642 1747 s
689 1707 735 1747 in
782 1705 1077 1747 Commentar.

273 1769 461 1815 exegett.
496 1765 554 1805 ad
589 1762 800 1816 Sophocl.
838 1762 948 1806 Oed.
981 1762 1074 1804 Col.

275 1836 317 1862 v.
359 1821 502 1875 1303„
561 1822 698 1872 „Hac
746 1834 879 1873 voce,
919 1821 1078 1873 inquit,

273 1885 457 1919 utuntur
489 1877 650 1920 Graeci
689 1881 734 1919 in
765 1879 883 1919 omni
915 1890 1077 1932 genere

272 1938 510 1988 sermonis,
553 1938 630 1977 ubi
670 1938 727 1978 ad
768 1937 857 1977 alia
894 1947 1077 1988 progre-

272 1995 474 2036 diuntur:
523 1999 656 2047 atque
706 1999 772 2034 est
824 1994 979 2048 plane,
1030 1998 1079 2032 ut

271 2053 546 2104 grammatici
587 2051 825 2103 definiunt,
867 2046 1077 2118 συγκατά-

271 2109 399 2150 θεσις
426 2107 503 2159 μὲν
532 2109 615 2149 τῶν
633 2107 880 2161 εἰρημένων,
903 2104 1078 2160 συναφὴ

273 2165 333 2207 δὲ,
352 2163 464 2220 πρὸς
489 2165 537 2207 τὰ
555 2166 798 2217 μέλλοντα.“
828 2166 985 2220 Itaque
1012 2166 1078 2206 fa-

275 2226 358 2266 cile
388 2226 651 2276 intelligitur
680 2230 782 2277 post
812 2237 907 2265 eam
933 2224 1080 2265 multi-

274 2284 414 2335 plices
451 2283 598 2323 locum
626 2283 790 2323 habere
818 2295 950 2334 posse
982 2294 1080 2322 ora—

277 2341 413 2381 tionis
454 2341 790 2387 conversiones,
822 2341 875 2380 de
914 2353 1000 2392 qua
1030 2352 1077 2379 re

277 2399 468 2439 diximus
500 2399 556 2438 ad
587 2397 897 2450 Euthyphron.
932 2411 976 2449 p.
1009 2396 1077 2440 13.

275 2456 334 2496 D.
379 2460 422 2495 et
468 2456 522 2496 ad
558 2455 771 2496 Phaedon
824 2468 866 2508 p.
902 2454 972 2498 95.
1018 2456 1076 2496 A.

275 2512 475 2566 Simplex
534 2514 853 2565 interrogatio,
915 2514 1079 2553 omissa

275 2571 532 2611 transeundi
567 2572 863 2623 particula,ut
891 2570 979 2621 hic,
1010 2571 1076 2610 in-

273 2629 414 2669 fertur
455 2626 595 2678 Gorg.
626 2641 668 2681 p.
699 2627 805 2672 489.
843 2628 892 2668 C.
923 2627 1077 2681 Lysid.

273 2700 315 2739 p.
346 2685 444 2729 216.
471 2688 519 2727 Α.
580 2686 634 2725 In
667 2686 880 2738 proximis
911 2683 958 2725 ἐν
988 2689 1079 2725 τοῖς

274 2740 422 2796 λόγοις
467 2744 705 2795 coniungas
749 2757 846 2784 cum
888 2757 1075 2795 κακουρ-

274 2801 448 2854 γοῦντα.
506 2799 632 2853 Gorg
671 2815 712 2853 p.
733 2800 832 2844 483.
865 2802 934 2841 Az
968 2798 990 2842 ὃ
1024 2797 1076 2853 δὴ

277 2859 344 2898 καὶ
378 2855 460 2898 σὺ·
475 2856 800 2912 κατανενοηκὼς
820 2864 1078 2913 κακουργεῖς

277 2915 323 2955 ἐν
366 2920 454 2956 τοῖς
494 2913 652 2968 λόγοις.
724 2918 950 2958 Dictionis
987 2918 1077 2957 vim

275 2979 319 3014 et
353 2975 718 3025 significationem
759 2975 1076 3015 declaravimus

282 3037 434 3071 annot.
468 3032 524 3070 ad
555 3045 593 3084 p.
630 3031 729 3075 338.
760 3032 817 3075 D.
878 3031 1079 3074 Connec-

276 3089 454 3129 tendum
494 3094 638 3130 autem
670 3103 766 3129 cum
813 3090 884 3130 his
928 3090 1078 3132 verbis

277 3158 604 3199 praegressum:
700 3144 748 3196 ἐξ
822 3145 1076 3200 ἐπιβουλῆς,

277 3203 569 3243 insidiose.

337 3260 371 3300 B
434 3256 558 3299 οὔτε
623 3257 684 3312 μὴ
755 3257 941 3300 λαθών
1000 3261 1074 3313 fit]

279 3318 376 3358 1100
416 3317 544 3360 dicit:
607 3329 698 3357 nec
747 3318 951 3358 latebis
998 3331 1075 3358 me

280 3376 526 3417 fraudem
603 3376 656 3415 in
727 3375 1074 3427 disputando

1162 1586 1518 1640 concipiens,
1568 1597 1772 1639 neque,
1812 1597 1970 1638 quum

1163 1658 1271 1686 non
1298 1645 1544 1686 latueris
1578 1645 1624 1695 (i.
1661 1657 1696 1684 e.
1726 1643 1968 1695 deprehen-

1161 1717 1235 1744 sus
1296 1705 1344 1745 in
1400 1701 1696 1743 calumniandi
1755 1701 1968 1752 consilio)

1163 1761 1557 1813 disputatione
1619 1765 1715 1800 tua
1763 1771 1969 1810 cogere

1162 1832 1238 1859 me
1268 1820 1506 1870 poteris,
1547 1822 1606 1856 ut
1635 1817 1744 1857 tibi
1778 1829 1968 1857 conce-

1162 1872 1293 1918 dam.
1355 1875 1430 1917 Sic
1478 1876 1602 1915 locus
1663 1875 1968 1927 explicandus,

1160 1936 1206 1974 in
1238 1947 1325 1987 quo
1346 1933 1666 1985 Stephanus
1698 1939 1742 1972 et
1772 1932 1969 1973 Astius

1163 1993 1334 2045 sequuti
1357 1991 1421 2032 Fi
1437 1991 1549 2031 cini
1581 1991 1891 2030 auctoritatem
1911 1987 1970 2042 μή

1163 2049 1476 2090 eliminandum
1525 2053 1810 2095 censuerunt,
1850 2049 1968 2100 quod

1155 2108 1281 2147 ‘recte
1306 2112 1483 2146 tuentur
1519 2106 1647 2145 codd.
1666 2119 1768 2146 mss.
1802 2118 1968 2145 omnes.

1221 2165 1273 2208 B.
1324 2161 1416 2204 τὸν
1448 2159 1515 2203 ὥς
1546 2163 1677 2203 ἔπος
1707 2163 1908 2212 εἰπεῖν,
1945 2159 1970 2216 ἢ

1165 2219 1257 2262 τὸν
1308 2217 1534 2275 ἀκριβεῖ
1575 2218 1741 2275 λόγῳ]
1810 2220 1968 2274 Respi-

1166 2281 1284 2323 ciens
1317 2281 1374 2321 ad
1403 2280 1540 2320 verba
1571 2278 1891 2330 'thrasymachi
1923 2293 1966 2331 p.

1163 2338 1264 2381 340.
1295 2339 1358 2381 D.
1404 2337 1580 2390 λέγομεν
1617 2336 1674 2390 τῷ
1707 2332 1857 2390 ῥήματι
1890 2334 1967 2376 οὔ·

1164 2410 1200 2443 κ,
1233 2411 1265 2436 τ.
1297 2396 1331 2436 λ.
1361 2396 1475 2436 etE.
1509 2391 1612 2434 ὥςτθ
1653 2391 1762 2434 κακὰ
1801 2392 1876 2434 τὸν
1918 2390 1966 2435 α’·

1164 2453 1295 2507 κριβῆ
1328 2451 1460 2506 λόγον
1492 2459 1574 2494 etc.
1605 2464 1660 2492 ex
1696 2465 1748 2493 eo
1782 2453 1967 2505 quaerit,

1162 2513 1325 2552 velitne
1363 2512 1554 2563 intelligi
1601 2506 1677 2550 τὸν
1710 2506 1894 2563 ἄρχοντά
1926 2524 1969 2550 τε

1163 2570 1232 2610 καὶ
1264 2570 1482 2623 κρείττονα
1509 2565 1584 2611 τὸν
1613 2563 1674 2607 ὥς
1695 2567 1801 2609 ἔπος
1820 2567 1967 2616 εἰπεῖν,

1161 2629 1203 2668 h.
1237 2641 1273 2671 e.
1306 2640 1424 2678 eum,
1472 2627 1548 2679 qui
1586 2626 1730 2667 minus
1763 2631 1967 2667 accurate

1162 2687 1347 2736 dicatur,
1361 2698 1418 2725 an
1448 2685 1588 2734 illum,
1605 2695 1734 2735 quem
1761 2684 1966 2725 subtilius

1159 2745 1388 2796 loquentes
1406 2741 1722 2793 intelligamus.
1753 2741 1966 2782 Formula.

1163 2798 1222 2840 ὥς
1253 2802 1361 2840 ἔπος
1390 2799 1546 2848 εἰπεῖν,
1580 2811 1695 2851 quae
1726 2812 1842 2840 nunc
1873 2800 1965 2840 fere

1160 2860 1278 2899 idem
1308 2865 1375 2899 est
1413 2858 1534 2910 quod
1579 2856 1637 2910 τῷ
1677 2851 1853 2909 ῥήματι,
1889 2870 1963 2897 va-

1160 2918 1250 2957 rias
1297 2916 1430 2956 habet
1471 2914 1834 2966 significationes.
1903 2917 1965 2954 Ac

1158 2974 1338 3026 proprie
1379 2973 1554 3025 quidem
1591 2971 1709 3011 idem
1744 2978 1810 3012 est
1846 2973 1964 3024 quod

1161 3037 1362 3071 nostrum
1418 3042 1474 3070 so
1536 3040 1597 3067 zu
1639 3041 1835 3080 sagen,
1881 3042 1961 3070 um

1162 3088 1300 3128 mich
1332 3099 1390 3127 so
1414 3085 1963 3138 auszudrficken(um

1162 3158 1260 3197 nur
1290 3142 1667 3186 einenNamen
1685 3144 1963 3195 ,einWort

1162 3216 1223 3243 zu
1253 3202 1513 3252 nennen).
1558 3199 1642 3241 Ρη)
1680 3215 1767 3252 quo
1802 3202 1963 3242 dicitur

1162 3261 1293 3301 etiam
1334 3255 1392 3299 ὥς
1422 3258 1566 3303 εἰπεῖν,
1600 3265 1646 3297 ut
1676 3260 1817 3311 Legg.
1851 3259 1885 3299 1.
1917 3273 1959 3311 p.

1160 3318 1258 3361 639.
1276 3317 1342 3365 E„
1362 3318 1435 3357 ubi
1467 3322 1568 3369 post
1601 3313 1659 3356 (ὥς
1691 3316 1795 3356 ἔπος
1828 3315 1960 3356 εἰπεῖν

1159 3375 1344 3417 infertur
1365 3375 1569 3426 deinceps
1593 3371 1649 3414 ὠς
1666 3373 1812 3415 εἰπεῖν.
1845 3375 1959 3416 Hinc
