2106 3594
331 174 437 230 XC
449 175 556 229 Vm

330 338 441 372 non
496 338 527 370 a
579 318 773 371 iuvene
812 326 906 370 aut
944 316 1324 385 adolescente,
1366 319 1461 372 sed
1499 340 1530 370 a
1567 319 1685 371 viro
1721 320 1778 370 in
1814 337 2023 373 summo

330 390 524 442 aetatis
573 388 710 440 flore
757 389 1057 442 constituto
1117 387 1286 442 literis
1335 408 1453 443 esse
1504 384 1795 445 exaratam.
1843 391 2023 449 ¹Nam

330 461 432 514 hac
487 460 704 512 denium
747 468 927 512 aetate
978 458 1109 512 fieri·
1135 461 1334 530 potuit,
1375 474 1445 515 ut¹
1473 461 1833 532 philosophus
1871 481 2023 531 spar-

330 550 419 584 sas
456 532 839 599 seiunctasque
878 530 1157 585 doctr-inae
1195 551 1325 584 suae
1362 541 1546 602 partes
1583 541 1745 589 antea
1783 533 2024 604 singula-

326 603 421 655 tim
460 601 753 656 illustratas
791 602 942 655 velut
976 603 1033 656 in
1065 621 1232 656 unum
1275 622 1475 675 corpus
1513 605 1868 675 coniungeret
1911 624 2024 658 om·
2067 623 2073 628 ·

327 692 538 743 nesque
587 673 805 727 divinae
855 674 1157 745 sapientiae
1195 675 1381 745 copias
1421 675 1488 728 ad
1527 676 1743 730 civilem
1783 675 2025 746 discipli-

328 765 452 800 nam
499 746 741 814 aliasque
783 749 1065 815 graviores
1101 747 1450 815 quaestiones
1487 748 1546 800 in
1584 747 1788 805 Politia
1821 755 2023 801 tracta-

328 826 413 870 tas
449 818 781 871 transferret.

376 991 377 994 ,
466 949 652 1015 Atque
701 942 843 998 hanc
877 945 1200 1001 sententiam
1236 946 1399 999 etiam
1437 944 1542 999 alia
1579 954 1706 999 sunt
1737 964 1875 1015 quae
1913 966 2024 1000 non

326 1017 521 1070 leviter
581 1015 902 1071 confirmare
956 1017 1262 1072 videantur.
1348 1015 1570 1070 Etenim
1620 1016 1852 1090 primum
1903 1019 2023 1088 qui-

326 1087 449 1141 dem
503 1095 630 1142 ante
690 1086 935 1142 Socratis
992 1090 1230 1158 obitum,
1295 1088 1388 1159 qui
1433 1087 1627 1143 incidit
1678 1089 1734 1141 in
1799 1087 2021 1162 Olymp.

324 1157 510 1214 XCV.
570 1161 620 1213 2.
671 1160 787 1213 sive
838 1179 962 1213 ann.
1015 1163 1136 1215 399.
1176 1181 1224 1214 a.
1275 1158 1410 1229 Chr2
1443 1179 1526 1228 n.‚
1566 1179 1675 1212 non
1714 1168 1797 1214 est
1833 1162 2023 1215 verisi-

323 1232 450 1285 mile
484 1230 871 1304 philosophum
908 1231 1174 1288 eiusmodi
1211 1231 1393 1302 operis
1431 1230 1706 1285 scribendi
1735 1232 2022 1288 consilium

324 1303 579 1374 agitasse.
654 1303 801 1356 Nam
836 1302 1075 1374 Epistol.
1114 1301 1334 1373 quidem
1386 1302 1498 1356 Vll.
1535 1324 1590 1374 p.
1630 1305 1753 1358 325.
1790 1306 1860 1360 A.
1900 1323 2020 1376 sqq.

322 1382 577 1428 narratur
613 1374 663 1444 *)
727 1393 879 1443 eum,
943 1395 1110 1445 quum
1169 1374 1382 1428 iuvenis
1446 1392 1643 1446 magno
1706 1373 1888 1441 studio
1950 1376 2021 1430 ad

319 1445 714 1516 rempublicam
749 1445 1143 1517 capessendam
1180 1445 1376 1500 duetus
1402 1454 1566 1514 esset,
1602 1454 1783 1500 tamen
1806 1454 2018 1519 postea,

321 1536 489 1587 quum
540 1517 896 1589 impotentem
945 1517 1172 1588 triginta
1205 1525 1560 1590 tyrannorum
1596 1516 2019 1572 dominationem

317 1588 565 1656 vidisset,
606 1607 638 1641 a
670 1587 1014 1659 publicorum
1051 1607 1335 1649 munerum
1357 1587 1837 1646 administrationev
1862 1609 2019 1660 pror-

319 1678 412 1715 sus
481 1656 832 1719 abstinuisse.
927 1659 1297 1716 Nihilominus
1345 1680 1505 1728 mox,
1570 1679 1808 1727 excusso⁴
1868 1662 2015 1717 saevi

319 1732 477 1785 istius
525 1731 741 1802 imperii
792 1732 954 1803 iugo,
1007 1731 1294 1803 pristinum
1344 1731 1398 1784 in
1438 1751 1502 1785 eo
1541 1732 1801 1787 revixisse
1838 1752 2017 1787 rerum

319 1803 562 1856 civilium
613 1821 877 1870 amorem,
933 1822 1247 1875 quanquam
1296 1803 1466 1856 multo
1504 1802 1654 1874 illum
1688 1803 2015 1858 moderatio-

318 1894 428 1927 rem
467 1893 531 1942 ac
568 1873 845 1931 leniorem.
914 1875 1063 1928 'Tum
1103 1894 1234 1928 vero
1273 1874 1478 1928 factum
1516 1894 1666 1943 esse,
1716 1883 1778 1930 ut
1816 1873 2014 1930 Socra-

316 1954 401 2000 tes
439 1945 798 2001 iniustissimo
839 1944 1045 2014 iudicio
1085 1966 1114 1999 e
1150 1944 1330 1999 medio
1355 1945 1665 2011 tolleretur3
1706 1945 1856 2016 quod
1893 1947 2013 2018 qui-

317 2015 441 2072 dem
490 2016 592 2071 viri
644 2016 1058 2088 sapientissimi*
1089 2017 1260 2071 fatum
1300 2015 1576 2085 effecisse,
1615 2026 1675 2071 ut
1711 2017 1859 2091 apud
1894 2019 2012 2072 ani-

315 2109 464 2143 mum
509 2088 876 2160 reputaverit,
927 2108 1091 2159 quam
1129 2088 1354 2142 difficile
1393 2099 1539 2143 esset
1574 2090 1631 2142 in
1664 2106 1737 2143 ‘ea
1768 2089 2010 2158 civitate,

315 2160 472 2226 ouius
530 2179 711 2214 mores
762 2167 817 2213 et
867 2160 1117 2214 instituta
1164 2159 1364 2215 misera
1398 2158 1710 2217 laborarent
1746 2158 2012 2234 deprava-

311 2231 482 2302 tione,
525 2231 763 2302 publicis
808 2232 1123 2286 muneribus
1159 2233 1344 2303 fungi,
1384 2230 1632 2302 adeoque
1669 2232 2009 2296 animadver-

312 2304 460 2371 terit*
491 2321 677 2359 omnes
728 2322 868 2372 quae
925 2311 1043 2357 tum
1103 2312 1318 2371 essent,
1381 2302 1633 2367 civitates
1691 2303 1831 2369 male
1887 2323 2010 2359 esse

311 2375 640 2429 constitutas
679 2373 775 2444 **).
859 2374 1020 2429 Hanc
1068 2394 1199 2429 vero
1248 2374 1570 2429 sententiam
1621 2395 1784 2446 quum
1824 2376 2007 2431 animo

311 2446 417 2500 iam
471 2453 681 2501 mature
728 2446 1030 2516 susceperit
1092 2446 1482 2516 philosophUS‚
1546 2455 1693 2500 recte
1760 2447 2010 2500 videmur

310 2517 661 2572 contendere
693 2517 949 2571 Politiam
1001 2519 1068 2572 ab
1105 2518 1227 2587 ipso
1266 2526 1390 2571 ante
1441 2517 1662 2591 Olymp.
1710 2517 1894 2572 XCV.
1959 2523 2004 2572 1.

298 2608 420 2643 vnon
457 2607 578 2643 esse
613 2589 812 2643 litteris
850 2590 1228 2661 consignatam
1254 2589 1379 2660 ***).
1454 2589 1568 2645 Sed
1599 2609 1700 2644 nee
1736 2589 2005 2662 proximo,

396 2862 444 2913 ⁸⁸)
474 2862 621 2902 Erunt
660 2863 734 2914 qui
771 2850 902 2903 huius
947 2860 1161 2914 epistolae
1198 2860 1330 2903 fidem
1360 2861 1486 2903 malis
1523 2860 1850 2912 suspicionibus
1881 2861 1999 2903 labe-

479 2919 646 2961 factare
677 2920 897 2963 studeant.
959 2919 1272 2975 Mihitamen,
1304 2920 1342 2960 si
1379 2919 1475 2959 ulla
1513 2930 1662 2959 earum
1699 2921 1999 2972 epistolarum,

480 2989 591 3028 quae
621 2978 755 3029 vulgo
791 2978 967 3018 Platoni
1004 2978 1285 3027 tribuuntur,
1324 2988 1379 3017 ex
1419 2977 1547 3016 bonis
1595 2976 1792 3018 fontibus
1839 2977 2000 3018 hausta

405 3073 409 3077 .
480 3040 560 3083 est,
594 3034 671 3075 illa
700 3041 816 3075 certe
847 3048 899 3076 ea
929 3036 1060 3076 laude
1091 3035 1381 3087 impertienda
1412 3034 1600 3074 videtur.

363 3134 435 3186 ³⁸²⁸)
475 3134 625 3174 Verba
654 3135 746 3175 eius
777 3135 885 3176 haec
921 3142 1046 3178 sunt:
1079 3134 1333 3186 τελευτῶντα
1365 3131 1410 3173 δὲ
1441 3134 1596 3186 νοῆσαι
1623 3134 1717 3185 περὶ
1736 3134 1886 3173 πασῶν
1917 3135 1998 3174 τῶν

480 3189 660 3239 πόλεων,
694 3187 757 3232 ὅτι
789 3193 930 3233 κακῶς
961 3190 1178 3245 ξύμπασαι
1211 3189 1518 3232 πολιτεύονται.
1549 3187 1600 3232 τὰ
1633 3188 1713 3244 γὰρ
1735 3192 1818 3231 ταῖν
1850 3188 1997 3242 νόμων

479 3243 640 3296 αὐταῖς,
673 3247 825 3300 σχεδὸν
857 3245 1044 3291 ἀνιάτως
1071 3246 1222 3303 ἔχοντά
1251 3249 1365 3290 ἐστιν
1397 3263 1432 3290 κ.
1465 3264 1498 3289 t.
1531 3251 1563 3289 λ.

342 3350 445 3402 *ΨἽ
476 3351 650 3452 {gadem
690 3355 1073 3404 argumentatione
1109 3331 1219 3395 usus!
1259 3359 1324 3392 est
1376 3351 1776 3404 Morgenstorn
1810 3351 1839 3392 1.
1885 3365 1918 3390 o.
1966 3365 1991 3403 p

534 3440 542 3448 .
575 3422 666 3462 sqq.

2076 3362 2079 3383 l

2075 3389 2077 3410 ⁴,
