2124 3744
281 151 339 197 w
839 148 880 196 Α
894 145 1051 199 RGU
1062 147 1119 199 M
1130 146 1408 201 ENTUM

272 288 559 339 honestum
599 295 711 353 cst,
774 288 950 341 facere
989 288 1247 341 iudicium
1288 290 1397 341 ullo
1436 288 1597 341 inodo
1638 296 1852 359 potest,
1906 301 1965 341 ut

273 357 430 410 facile
470 366 654 427 pateat
692 359 920 411 istorum
960 369 1129 412 artem
1168 380 1389 430 pravam
1429 378 1545 413 esse
1583 361 1964 413 assentationis

270 429 586 482 ministram.
677 430 735 482 P.
770 432 895 484 489.
939 431 1007 482 Ι).
1050 462 1118 470 --
1157 435 1277 483 493.
1319 433 1382 484 E.
1459 431 1524 483 In
1562 440 1714 484 tanta
1752 432 1965 501 pericu-

272 500 475 566 lorum,
525 501 723 568 quibus
778 501 919 554 bona
963 502 1186 573 ingenia
1234 505 1478 573 exposita
1517 511 1671 569 sunt,
1722 503 1966 554 multitu-

273 570 400 624 dine
438 571 555 623 fieri
603 572 692 623 vix
731 571 1061 641 potest,'ut
1097 575 1165 641 ii,
1218 575 1310 642 qui
1359 574 1556 627 idonea
1607 574 1676 627 ad.
1723 573 1966 644 philoso-

273 643 457 713 phiam
506 642 688 696 indole
742 652 870 696 sunt
919 645 1181 714 praediti,
1234 646 1304 698 ad
1350 647 1512 699 finem
1549 647 1681 717 ipsis
1719 646 1967 714 proposi-

273 725 391 766 tum
446 715 730 783 pervenire
780 724 998 783 queant.
1098 716 1400 788 Fingamus
1451 718 1595 770 enim
1653 717 1968 769 adolescen-

273 795 384 838 tem
446 786 679 854 aliquem
755 787 919 839 animi
981 787 1273 841 virtutibus
1329 790 1661 858 insuperque
1725 789 1969 858 corporis

276 858 615 910 formositate
654 857 937 928 insignem.
1011 857 1160 925 Quid
1212 859 1290 912 illi
1339 861 1475 914 fiet?
1559 861 1832 914 Nimirum
1882 878 1971 912 co-

275 929 461 1001 gnati,
512 929 835 997 familiares,
875 929 967 982 alii
1005 931 1154 984 cives
1191 933 1441 986 omnibus
1479 932 1655 985 modis
1695 932 1744 985 ei
1786 929 1972 983 adula-

279 1001 511 1069 buntur,
550 1008 612 1053 ut
649 1001 860 1054 scilicet
895 1002 1004 1072 ipsi
1042 1003 1225 1055 futuro
1263 1011 1506 1074 tempore
1546 1004 1782 1057 habeant
1821 1002 1974 1055 cuius

278 1072 486 1143 gratia,
537 1073 889 1141 auctoritate,
953 1092 1123 1143 opera
1167 1075 1223 1126 in
1270 1076 1382 1129 suis
1438 1077 1672 1148 negotiis
1734 1082 1974 1127 utantur.

281 1144 498 1211 Quibus
548 1145 709 1196 rebus
764 1145 891 1212 fiet,
949 1153 1013 1197 ut
1057 1145 1374 1201 adolescens
1421 1155 1618 1200 natura
1679 1163 1975 1219 generosus

280 1217 421 1269 altos
460 1224 635 1270 sumat
673 1217 897 1286 spiritus
938 1224 993 1268 et
1028 1217 1357 1271 intolerabili
1395 1220 1652 1290 superbia
1689 1217 1977 1288 repleatur,

279 1306 420 1356 quae
459 1307 671 1340 omnem
710 1287 1056 1357 prudentium
1092 1298 1510 1358 praeceptorum
1550 1309 1614 1343 ac
1654 1290 1978 1342 monitorum

281 1359 578 1412 efficaciam
630 1358 830 1412 eludat.
918 1360 993 1412 Et
1047 1360 1094 1412 si
1139 1361 1370 1414 fortasse
1419 1361 1666 1429 accidat,
1725 1368 1788 1413 ut
1835 1359 1979 1412 eius-

281 1429 429 1484 modi
482 1429 797 1483 adolescens
847 1438 1073 1484 naturae
1113 1430 1311 1485 ductus
1348 1433 1591 1486 bonitate
1629 1432 1981 1486 nihilominus

281 1503 519 1555 animum
559 1500 629 1553 ad.
664 1502 1044 1574 philosophiae
1084 1502 1323 1556 studium
1361 1504 1644 1569 advertat3
1696 1504 1776 1556 illi
1813 1509 1980 1568 certe,

283 1575 378 1644 qui
416 1574 521 1628 sibi
560 1573 675 1627 eius
714 1574 1146 1627 benevolentiam
1170 1575 1425 1645 colligere
1467 1575 1796 1642 studuerint,
1837 1574 1983 1627 omni

281 1645 446 1700 modo
486 1644 542 1698 id
581 1653 775 1715 agent,
826 1654 888 1700 ut
940 1646 1024 1699 vel
1072 1645 1249 1716 ipsum
1289 1643 1687 1702 adolescentem
1726 1647 1793 1700 ab
1831 1645 1979 1698 illius
2024 1645 2027 1648 ”

283 1737 464 1772 amore
502 1717 841 1786 abstrahant,
881 1718 969 1770 vel
1007 1718 1296 1788 magistros
1336 1719 1403 1772 ab
1442 1720 1558 1783 eius
1586 1715 1982 1773 consuetudine

284 1810 349 1843 ac
407 1789 770 1844 familiaritate
827 1789 1156 1843 deterreant.
1245 1791 1307 1843 P.
1358 1793 1480 1844 494.
1520 1792 1589 1844 A.
1629 1822 1697 1831 -
1734 1791 1862 1845 495.
1913 1789 1982 1841 A.

282 1862 388 1916 His
436 1861 601 1933 igitur
654 1862 834 1916 causis
896 1870 951 1914 et
996 1861 1100 1913 hac
1147 1862 1355 1914 ratione
1413 1862 1500 1915 vel
1566 1860 1985 1934 generosissima

284 1941 509 1987 naturae
547 1932 758 1988 indoles
799 1933 1178 2003 corrumpitur,
1217 1931 1462 2002 adeoque
1498 1933 1555 1986 id
1595 1933 1862 2000 efficitur,
1902 1939 1983 1997 ut,

286 2026 453 2076 quum
502 2002 790 2075 plurimum
838 2005 1091 2058 utilitatis
1135 2005 1222 2056 vel
1272 2005 1501 2075 singulis
1549 2005 1860 2057 hominibus
1898 2003 1985 2055 vel

285 2078 571 2131 universae
620 2076 952 2150 reipublicae
1003 2075 1194 2128 afferre
1242 2077 1543 2146 potuisset,
1595 2077 1755 2148 plane
1818 2075 1984 2147 pesti-

286 2150 403 2202 fera
440 2148 692 2207 omnibus
728 2148 926 2203 evadat
962 2160 1124 2216 atque
1161 2148 1482 2218 perniciosa.
1523 2180 1590 2187 ——
1665 2148 1782 2200 Iam
1821 2166 1987 2216 quum

286 2221 364 2273 ita
402 2220 520 2273 fieri
558 2220 747 2288 soleat,
782 2228 843 2273 ut
882 2221 975 2289 qui
1012 2227 1260 2272 naturam
1297 2220 1586 2291 benignam
1613 2219 1823 2290 experti
1860 2226 1988 2271 sunt

290 2293 456 2349 vitam
494 2299 660 2363 agant
706 2293 840 2364 ipsis
878 2291 1098 2344 minime
1149 2291 1396 2362 dignam3
1447 2291 1823 2362 philosophia,
1873 2289 1986 2342 suis

293 2363 450 2434 quasi
489 2365 709 2433 orbata,
760 2365 817 2416 in
864 2364 1141 2416 hominum
1188 2363 1375 2415 vilium
1417 2370 1471 2415 et
1508 2363 1840 2416 abiectorum
1875 2380 1987 2413 ma-

292 2455 394 2489 nus
431 2434 648 2505 incidit,
688 2436 782 2506 qui
819 2455 936 2488 eam
975 2441 1273 2506 aspergunt
1307 2434 1528 2487 infamia
1563 2442 1728 2501 atque
1764 2434 1820 2486 in
1858 2432 1990 2485 alio·

291 2528 411 2560 rum
450 2505 708 2561 invidiam
761 2515 816 2560 et
868 2514 1200 2560 contemtum
1245 2505 1540 2560 adducunt.
1616 2505 1836 2577 Quippe
1875 2505 2002 2575 isti,

291 2579 592 2650 sapientiae
646 2579 903 2632 laudibus
954 2598 1017 2632 ac
1073 2577 1339 2648 dignitate
1376 2577 1622 2645 invitati,
1671 2577 1725 2629 in
1763 2579 1992 2629 vacuam

292 2651 695 2722 possessionem
731 2651 1003 2718 involant,
1045 2650 1152 2703 sibi
1189 2650 1398 2703 scilicet
1433 2649 1715 2719 gloriolam
1756 2648 1992 2716 aliquam

293 2724 687 2793 comparaturi:
725 2722 823 2776 sed
862 2741 1028 2792 quum
1056 2731 1253 2774 natura
1287 2721 1506 2774 nonnisi
1545 2720 1613 2773 ad
1640 2719 1859 2772 servilia
1895 2717 1990 2770 de-

295 2794 481 2849 stinati
520 2794 629 2847 sint
657 2795 984 2862 ministeria,
1036 2792 1339 2846 mirandum
1377 2812 1486 2845 non
1524 2799 1627 2858 est,
1671 2789 1820 2859 quod
1857 2789 1991 2841 nihil

295 2865 495 2937 magni,
521 2866 658 2919 nihil
683 2866 959 2938 generosi,
987 2864 1123 2918 nihil
1147 2864 1346 2918 excelsi
1379 2863 1578 2917 sentire
1601 2869 1695 2914 aut
1716 2861 1991 2932 suscipere

293 2956 535 3006 unquam
570 2947 822 3007 possunt,
860 2937 1096 3006 ideoque
1135 2936 1530 3006 pulcherrimae
1567 2933 1887 3004 disciplinae
1910 2932 1991 2984 in-

295 3008 495 3062 vidiam
534 3010 790 3063 conflant.
866 3011 931 3062 P.
971 3011 1092 3062 495.
1120 3010 1189 3062 A.
1224 3039 1293 3047 —-
1331 3007 1451 3060 496.
1489 3007 1558 3059 A.
1596 3005 1685 3057 Ex
1710 3004 1795 3058 his
1820 3005 1992 3057 omni-

295 3081 399 3134 bus
450 3091 678 3151 apparet
714 3082 1071 3154 perexiguum
1119 3099 1249 3133 sane
1299 3097 1418 3131 esse
1455 3095 1737 3129 numerum
1787 3095 1992 3142 eorum,

298 3152 392 3221 qui
444 3152 557 3204 veri
607 3155 714 3208 sint
766 3153 1063 3225 sapientiae
1113 3151 1303 3218 amici,
1364 3167 1629 3220 prospera
1674 3148 1753 3200 illi
1810 3148 1995 3215 aliqua

298 3226 517 3277 fortuna
564 3226 882 3296 plerumque
932 3245 963 3277 a
1013 3222 1283 3277 communi
1333 3227 1487 3291 peste
1534 3220 1800 3273 immunes
1862 3237 1991 3272 con-

298 3294 537 3362 servati,
575 3298 679 3350 nisi
718 3298 856 3350 forte
897 3296 1117 3349 numine
1156 3294 1338 3362 aliquo
1378 3291 1583 3357 divino,
1625 3291 1773 3360 quod
1810 3298 1991 3342 tamen

298 3365 486 3438 paucis
543 3369 803 3438 contigit,
857 3366 924 3420 ad
974 3364 1356 3437 philosophiae,
1387 3363 1627 3417 studium
1667 3366 1721 3416 et
1757 3377 2016 3415 amorem·

1798 3435 1812 3453 d

2096 3572 2117 3744 l

2107 3292 2124 3448 4

2118 3156 2124 3287 ἰ

2117 3450 2120 3499 l

2116 3512 2124 3561 l

2115 3501 2119 3519 ι

2115 3538 2119 3565 l

2120 3563 2124 3744 l
