2072 3730
253 161 356 211 420
859 157 1332 213 PLATONIS

152 326 205 377 D
257 305 467 359 τούτων
515 305 741 360 πάντων
785 303 971 368 πασας
1013 304 1149 359 εἶναι
1195 303 1415 367 κοινάς,
1474 308 1586 375 ἰδίᾳ
1644 307 1699 358 δὲ
1752 309 1940 372 μηδενὶ

253 392 523 460 μηδεμίαν
566 399 867 443 συνοικεῖν·
913 393 1003 444 καὶ
1050 390 1178 452 τους
1223 393 1427 452 παῖδας
1471 381 1543 442 αὖ
1573 389 1808 452 κοινούς,
1852 395 1942 443 καὶ

253 472 387 542 μήτε
442 481 604 541 γονέα
667 478 895 539 ἔκγονον
953 478 1147 528 εἰδέναι
1207 471 1308 526 τὸν
1362 471 1539 526 αὑτοῦ
1584 473 1722 542 μήτε
1769 477 1941 528 παῖδα

253 564 436 628 γονέα.
522 558 710 620 Πολύ,
756 561 884 630 ἔφη,
950 561 1113 612 τοῦτο
1161 561 1366 612 ἐκείνου
1409 562 1596 627 μεῖζον
1642 556 1780 627 πρὸς
1815 558 1944 612 άπι-

253 646 413 697 στίαν
457 645 545 695 καὶ
592 644 694 696 τοῦ
738 645 982 696 δυνατοῦ
1026 650 1142 710 πέρι
1191 644 1282 695 καὶ
1328 645 1426 695 τοῦ
1471 641 1769 715 ὠφελίμου.
1833 642 1944 698 Οὐκ

255 718 575 797 ohtam-{¹211
639 725 692 780 δ’
745 725 877 795 ἐγώ,
923 731 1046 796 περί
1091 748 1148 794 γε
1195 728 1294 780 τοῦ
1343 725 1621 799 ώᾳελίμου
1665 726 1943 799 ἁμᾳιςβη·

252 814 484 866 τεῖσθτκι
526 807 625 872 ἄν,
671 806 743 872 ὡς
788 809 854 865 οὐ
897 817 1152 879 μέγιστον
1196 808 1433 879 ἀγαθὸν
1466 809 1659 873 κοινὰς
1702 815 1801 878 μὲν
1846 810 1949 875 τὰς

252 904 518 964 γυναῖκας
561 893 728 957 εἶναι,
770 892 993 958 κοινοὺς
1036 898 1092 948 δὲ
1139 896 1270 958 τους
1309 898 1546 960 παῖδας,
1613 895 1761 965 εἴπερ
1822 895 1948 951 οἷόν

252 997 342 1035 τε·
400 977 526 1032 ἀλλ’
592 978 745 1048 οἶμαι
801 982 923 1046 περὶ
971 981 1070 1039 τοῦ
1115 986 1157 1033 εὶ
1205 978 1445 1033 δυνατὸν
1489 976 1522 1045 ἢ
1564 977 1640 1048 μὴ
1689 984 1948 1044 πλείστην

256 1061 669 1138 άμφιςβήτησιν
709 1067 990 1133 γενέσθαι.
1080 1066 1241 1133 Περὶ.
1274 1062 1630 1138 ἀμφοτέροιν,
1687 1056 1720 1130 ἦ
1771 1064 1818 1118 δ’
1870 1063 1949 1129 ὅς,

251 1140 312 1203 εὖ
354 1146 484 1216 μαλ’
537 1144 611 1202 ἂν
653 1146 1129 1222 άμῳιςβητηθείη.
1215 1151 1425 1216 Λέγεις,
1472 1140 1537 1213 ἦν
1582 1146 1629 1202 δ’
1680 1147 1810 1217 ἐγώ,
1856 1149 1949 1203 λό-

253 1254 364 1299 γων
408 1231 699 1297 ξύστασιν·
761 1232 861 1298 ἐγώ
908 1231 958 1286 δ’
1023 1228 1179 1300 ᾤμην
1224 1238 1281 1285 ἔκ
1324 1254 1382 1301 γε
1427 1234 1525 1287 τοῦ
1572 1237 1757 1302 ἑτέρου
1805 1231 1949 1287 ἀπο-

252 1314 591 1385 δράσεσθαι,
616 1335 618 1337 ’
648 1315 697 1368 εἴ
737 1335 823 1369 σοι
871 1315 1075 1381 δόξειεν
1112 1315 1390 1388 ὠφέλιμον
1434 1316 1600 1379 εἶναι,
1654 1316 1852 1371 λοιπὸν
1892 1320 1948 1372 δὲ

254 1400 320 1466 δή
381 1422 476 1470 μοι
533 1404 771 1453 ἔσεσθαι
832 1421 950 1470 περι
1010 1401 1108 1454 τοῦ
1168 1402 1412 1454 δυνατοῦ
1464 1404 1552 1454 καὶ
1611 1399 1703 1470 μή.
1787 1401 1939 1456 Ἀλλ’

253 1483 354 1540 οὐκ
398 1487 630 1546 ἔλαθες,
678 1475 710 1548 ἦ
759 1481 807 1537 δ’
861 1482 952 1547 ὅς,
1011 1483 1472 1553 ἀποδιδράσκων,
1531 1483 1653 1538 ἀλλ’
1705 1484 1950 1560 ἀμφοτέ·

251 1589 364 1639 ρων
409 1574 526 1638 πέρι
568 1570 721 1621 δίδου
768 1566 955 1635 λό)ον.
1034 1565 1350 1670 ‘chexreom
1399 1559 1466 1636 ἦν
1512 1569 1560 1622 δ’
1613 1576 1669 1638 ἐγ
1660 1571 1732 1631 ώ,
1777 1574 1949 1637 δίκην.

252 1651 483 1709 τοσόνδε
525 1659 717 1721 μέντοι
758 1653 987 1724 χάρισαί
1029 1672 1152 1722 μοι·
1195 1651 1363 1707 ἔασόν
1405 1675 1471 1722 με
1515 1653 1806 1723 ἑορτάσαι,
1851 1653 1951 1719 ὥς·

110 1752 215 1803 458
252 1759 352 1808 περ
415 1742 468 1794 οὶ
523 1736 688 1806 ἀργοὶ
732 1735 834 1803 τὴν
879 1737 1136 1792 διάνοιαν
1180 1736 1456 1792 εἰώθασιν
1499 1740 1802 1794 ἑστιᾶσθαι
1841 1739 1943 1815 ὑφ’

250 1825 480 1886 ἑαυτῶν,
519 1819 661 1877 ὅταν
699 1821 863 1891 μόνοι
906 1820 1268 1892 πορεύωνται,
1315 1825 1407 1876 καὶ
1453 1822 1563 1892 γὰρ
1609 1827 1661 1877 οἱ
1707 1826 1953 1880 τοιοῦτοί

253 1928 390 1971 που,
447 1909 577 1978 πρὶν
621 1907 851 1977 ἐξευρεῖν
908 1912 1033 1962 τίνα
1078 1903 1292 1975 τρόπον
1334 1909 1490 1960 ἔσται
1532 1929 1583 1961 τι
1628 1899 1704 1961 ὧν
1749 1913 1950 1963 ἐπιθυ-

159 1070 206 1123 Ε·

369 2070 418 2111 Ι).
470 2072 750 2137 πλειστην
798 2069 1254 2125 ἀμφιςβήτησιν]
1315 2071 1422 2112 Post
1465 2073 1660 2126 πλείστην
1701 2076 1951 2127 Ange1.et

251 2127 425 2169 Monac
459 2125 513 2167 ἄν
541 2131 768 2171 adiiciunt.
827 2132 928 2172 Non
959 2131 1114 2183 probo.
1175 2129 1451 2171 structuram
1494 2137 1669 2183 praeter
1707 2133 1819 2173 alios
1850 2134 2072 2177 illu-,1

252 2192 362 2227 stlat
394 2185 590 2230 Lobeck.
621 2189 674 2228 ad
708 2189 870 2242 Phryn.
904 2204 947 2243 p.
981 2187 1079 2232 751.
2068 2201 2072 2235 Ι,

365 2243 418 2283 Ρ.
449 2243 548 2287 458.
611 2260 728 2286 τινα
761 2245 968 2299 τρόπον
1006 2246 1154 2287 ἔσται
1203 2260 1250 2286 τι
1281 2238 1351 2287 ὧν
1382 2244 1629 2299 ἐπιθυμ]
1670 2246 1949 2288 Interiectum
2067 2239 2072 2281 2

253 2315 289 2339 τι
319 2308 421 2352 post
450 2302 565 2342 ἔσται
596 2304 776 2347 Monac.
808 2308 905 2347 Par.
938 2305 1046 2345 ΒΚ.
1078 2305 1202 2346 Flor.
1231 2304 1275 2357 β.
1307 2318 1391 2345 οιιι.

367 2355 435 2400 ως
466 2355 709 2414 ὑπάρχον
740 2358 880 2403 εἶναι
915 2359 939 2403 ὃ
969 2359 1289 2415 βούλονται]
1323 2362 1432 2404 Post
1463 2357 1670 2414 ὑπάρχον
1679 2367 1797 2402 recte
1819 2363 1949 2404 codd.

255 2415 355 2457 Par.
386 2417 496 2457 AD.
527 2419 640 2460 Ven.
670 2421 731 2462 ΙΙ.
766 2425 878 2474 Ang.
917 2421 1012 2462 Vat.
1032 2435 1088 2464 m.
1120 2420 1241 2462 Flor.
1271 2434 1313 2463 a.
1346 2434 1382 2461 c.
1414 2434 1459 2460 x.
1491 2434 1530 2463 α.
1564 2434 1602 2473 γ.
1633 2421 1802 2462 addunt
1829 2414 1951 2468 εἶναι,

252 2475 373 2526 quod
402 2477 537 2529 vulgo
569 2490 655 2519 om.

369 2532 418 2573 B.
488 2532 936 2589 ἐπισκέψασθαι,
980 2535 1030 2576 εἰ
1079 2532 1319 2589 δυνατά]
1364 2534 1467 2578 Par.
1509 2537 1561 2576 A.
1602 2534 1706 2575 Vat.
1752 2533 1800 2580 Θ.
1842 2535 1948 2578 Ven.

253 2674 352 2703 rere
401 2664 566 2713 voluit,
620 2665 714 2706 eius
765 2667 853 2706 vim
895 2671 1060 2707 tantam
1147 2667 1201 2707 de
1250 2665 1335 2706 hoc
1383 2670 1642 2718 argumento
1692 2666 1950 2718 disputatio.

254 2720 557 2773 existimabat,
598 2729 646 2762 ut
683 2736 772 2763 uno
815 2724 892 2764 illo
922 2737 1059 2764 reme-

256 2779 331 2818 dio
363 2791 453 2820 non
483 2781 793 2833 acquiesceret.
826 2782 965 2822 Aliud
993 2783 1060 2822 in-

255 2848 403 2888 super,
436 2851 522 2889 quo
549 2839 602 2881 ab
625 2840 714 2880 alia
730 2840 918 2891 quadam
937 2846 1061 2892 parte

254 2896 393 2946 pestis
413 2894 514 2936 fons
532 2897 906 2948 praecluderetur,
930 2910 1060 2939 exco-

253 2953 424 3003 gitavit.
482 2954 668 3007 Loquor
705 2956 794 2995 iam
840 2956 894 2996 de
922 2955 1060 2996 famo-

258 3011 430 3051 sissima
458 3011 537 3052 illa
576 3026 813 3054 uxorum
844 3019 896 3054 et
925 3014 1060 3054 libe-

257 3079 466 3117 rorum,
517 3083 647 3122 quam
691 3076 879 3122 vocant,
927 3085 1056 3112 com-

257 3127 533 3170 munione.
597 3129 684 3170 Alii
722 3126 808 3169 hoc
837 3142 1057 3169 commen-

258 3187 350 3221 tum
379 3184 653 3235 refutarunt,
694 3187 772 3227 alii
808 3187 1056 3237 irriserunt,

257 3240 464 3280 detestati
495 3249 597 3283 sunt
627 3244 724 3296 alii,
765 3245 843 3285 alii
874 3258 1055 3286 excusa·

256 3304 426 3348 verunt,
458 3301 588 3350 pauci
620 3303 727 3342 satis
746 3303 1058 3343 intellexerunt

254 3360 331 3395 aut
377 3363 493 3396 recte
539 3358 897 3402 iudicaverunt.“
967 3359 1058 3401 Sed

253 3414 440 3466 legenda
477 3421 544 3455 est
582 3422 677 3457 tnta
707 3418 791 3457 viri
823 3418 1053 3459 clarissimi

1146 2725 1375 2765 Adversus
1419 2723 1648 2764 Platonem
1695 2737 1775 2764 suo
1826 2737 1950 2764 more

1146 2783 1343 2835 disputat
1390 2780 1690 2822 Aristotel.
1747 2781 1846 2822 Pol.
1898 2783 1949 2833 ΙΙ,

1147 2841 1188 2883 2.
1240 2845 1284 2881 et
1322 2839 1491 2881 Hister.
1537 2839 1731 2879 Animal.
1772 2839 1864 2891 IX,
1907 2846 1947 2884 1.

1145 2898 1290 2948 Alios,
1323 2899 1397 2950 qui
1429 2898 1547 2937 idem
1578 2901 1786 2948 egerunt,
1817 2897 1872 2938 ad
1903 2898 1947 2938 h.

1146 2958 1175 2997 1.
1201 2957 1422 2996 recensuit
1454 2960 1561 2995 Ast.

1203 3014 1260 3056 D
1288 3008 1531 3053 καὶτοὺς
1563 3010 1761 3053 παῖδας
1791 3006 1857 3054 αὖ
1890 3013 1948 3067 κ.]

1141 3076 1307 3124 atque
1357 3069 1481 3111 item
1539 3070 1754 3112 liberos
1815 3085 1948 3112 com-

1142 3141 1345 3170 munes.
1404 3127 1520 3168 Nam
1564 3129 1629 3169 ita
1670 3130 1738 3169 και
1780 3123 1837 3170 αὖ
1877 3142 1948 3171 ca-

1141 3187 1364 3240 piendum,
1395 3191 1444 3224 ut
1474 3199 1630 3237 saepe,
1665 3188 1802 3229 veluti
1832 3188 1950 3229 infra

1140 3258 1183 3297 p.
1214 3243 1314 3286 461.
1347 3242 1397 3283 C.
1430 3257 1473 3296 p.
1505 3242 1606 3286 472.
1639 3243 1689 3285 Ο.

1197 3302 1252 3342 Ε.
1299 3299 1509 3354 Mysas,
1543 3294 1607 3354 ἦν
1639 3297 1682 3340 δ’
1714 3299 1831 3354 ἐγω,
1862 3298 1945 3342 λό-

1144 3373 1252 3411 γων
1283 3356 1591 3414 ξύστασιν]
1624 3359 1945 3410 Narras‚in·

1143 3430 1296 3468 quam
1330 3430 1451 3468 ego,
1484 3430 1796 3458 sermonum
1828 3430 1945 3457 con-
