2098 3658
207 170 315 222 23ss
816 165 1290 219 PLATONIS
1361 207 1363 210 Α

209 313 528 385 εὐδαίμονες
569 316 625 369 δὲ
673 316 888 379 πολλοί,
933 316 1134 370 δίκαιοι
1171 317 1227 369 δὲ
1272 309 1502 377 ἄθλιοι,
1559 314 1651 367 καὶ
1695 309 1769 375 ὡς
1812 315 1905 365 λυ·

207 401 404 453 σιτελεῖ
470 397 531 453 τὸ
571 397 797 463 ἀδικεῖν,
841 395 942 453 ἐὰν
978 397 1263 475 λανθάνῃ,
1307 395 1340 464 ἡ
1371 400 1427 451 δὲ
1460 392 1778 462 δικαιοσύνη
1807 394 1907 450 άλ-

210 480 436 553 λότριον
486 485 587 553 μὲν
632 479 900 551 ἀραθόν,
963 489 1135 538 οἰκεία
1181 485 1237 537 δὲ
1283 484 1476 552 ζημία·
1539 483 1631 536 καὶ
1692 501 1762 534 τα
1806 483 1907 551 μὲν

210 571 447 622 τοιαῦτα
494 565 720 638 ἀπερεῖν
761 569 948 636 λέγειν,
995 565 1064 622 τὰ
1114 566 1157 622 δ’
1209 570 1435 621 ἐναντία
1482 567 1698 621 τούτων
1742 585 1906 636 προς-

212 650 396 717 τάξειν
443 649 599 723 ᾅδειν
643 672 700 704 τε
745 654 839 706 καὶ
881 655 1249 721 μυθολογεῖν.
1298 647 1330 717 ἢ
1378 649 1478 706 οὐκ
1523 649 1654 715 οἴεις
1700 639 1779 703 Εὖ
1807 651 1909 720 μὲν

211 728 337 799 οὖν,
394 740 530 810 ἔφη,
589 735 732 790 οἶδα.
831 734 1050 791 Οὐκοῦν
1108 733 1206 790 ἑαν
1262 733 1540 812 ὁμολογῇς
1599 733 1797 803 ὀρθῶς
1838 754 1903 802 με

207 825 397 889 λέγειν,
441 818 602 895 φήσω
647 838 706 875 σε
753 819 1164 891 ὡμολογηκέναι
1229 819 1266 873 ἃ
1325 819 1503 875 πάλαι
1560 821 1856 889 ἐζητοῦμεν
1879 839 1900 886 ,·

205 904 451 976 Ὀρθῶς,
498 909 634 980 ἔφη,
677 902 964 976 ὑπέλαβες.
1016 904 1234 961 Οὐκοῦν
1278 907 1402 973 περὶ
1445 900 1775 975 ἀνθρώπων
1818 898 1907 956 ὅτι

212 989 504 1054 τοιούτους
542 991 622 1045 δεῖ
645 988 845 1058 λόγους
871 993 1151 1058 λέγεσθαι,
1200 986 1325 1043 τότε
1355 986 1910 1061 διομολογησόμεθα,

211 1071 353 1130 ὅταν
397 1071 640 1147 εὕρωμεν
687 1072 810 1130 οἶόν
853 1082 970 1130 ἐστι
1010 1071 1335 1139 δικαιοσύνη
1377 1079 1467 1128 καὶ
1507 1071 1580 1137 ὡς
1606 1069 1770 1148 φύσει
1812 1074 1906 1125 λυ-

211 1163 465 1214 σιτελοῦν
509 1161 584 1229 τῷ
632 1162 831 1230 ἔχοντι,
871 1159 972 1215 ἐάν
1013 1180 1070 1215 τε
1111 1161 1247 1235 δοκῇ
1293 1155 1393 1213 ἐάν
1433 1180 1490 1214 τε
1532 1156 1610 1229 μὴ
1650 1157 1906 1218 τοιοῦτος

213 1240 370 1299 εἶναι.
414 1242 818 1310 Ἀληθέστατα,
849 1248 988 1319 ἔφη.

341 1326 482 1405 Cap.
537 1323 636 1382 Vl.
687 1328 770 1382 Τά
818 1332 920 1398 μὲν
965 1327 1032 1395 δὴ
1081 1327 1261 1398 λόγων
1289 1334 1410 1397 πέρι
1442 1333 1601 1397 ἐχέτω
1633 1328 1802 1389 τέλος,
1838 1319 1902 1378 τὸ

213 1418 269 1469 δὲ
315 1414 517 1479 λέξεως,
559 1410 632 1476 ὡς
674 1404 899 1484 ὲῑῷμαι,
942 1434 1080 1484 μετα
1127 1416 1300 1469 τοῦτο
1337 1417 1615 1475 σκεπτέον,
1658 1412 1750 1464 καὶ
1777 1406 1908 1478 ἡμῖν

210 1498 245 1552 ἅ
297 1519 351 1552 τε
396 1501 614 1553 λεκτέον
657 1501 750 1551 καὶ
790 1496 863 1561 ὡς
886 1501 1103 1553 λεκτέον
1137 1498 1415 1560 παντελῶς
1439 1500 1747 1570 ὲσκέψεται.
1793 1495 1908 1548 Καὶ

212 1581 240 1638 ὁ
278 1583 637 1651 Ἀδείμαντος
686 1583 887 1646 Τοῦτο,
931 1574 965 1648 ἦ
1014 1581 1058 1638 δ’
1109 1580 1190 1652 ὅς,
1238 1580 1303 1636 οὐ
1344 1579 1630 1652 μανθάνω
1663 1576 1693 1634 ὅ
1733 1600 1783 1634 τι
1812 1582 1905 1634 λέ-

214 1689 342 1737 γεις.
378 1664 545 1722 Ἀλλὰ
593 1671 799 1738 μέντοι,
842 1658 914 1733 ἦν
961 1663 1002 1721 δ’
1055 1666 1176 1735 ἐγώ,
1225 1669 1305 1721 δεῖ
1340 1686 1416 1733 γε.
1464 1663 1592 1728 ἰ’σως
1634 1655 1735 1719 οὖν
1780 1665 1907 1740 τῇδε

215 1755 433 1824 μᾶλλον
478 1751 621 1807 εἴσει.
670 1744 753 1823 ἆρ’
809 1750 874 1808 οὐ
920 1750 1138 1816 πάντα,
1184 1749 1288 1807 ὅσα
1332 1746 1443 1805 ὑπὸ
1487 1747 1833 1821 μυθολόγων
1876 1744 1908 1814 ἢ

216 1879 258 1922 2.
298 1876 472 1931 plurimi
517 1877 758 1930 optimique
790 1877 886 1918 iibri
919 1879 1137 1918 omittunt.
1198 1877 1311 1918 Dein
1352 1877 1467 1930 iulg.
1514 1889 1609 1928 περι
1650 1870 1731 1927 γὰρ
1773 1872 1908 1914 θεῶν.

215 1935 380 1988 Recepi
413 1933 490 1986 μέν
522 1949 546 1976 e
584 1935 686 1978 Ven.
721 1935 770 1979 Ξ
803 1935 951 1976 Ambr.
982 1937 1098 1986 Ang.
1133 1933 1249 1976 Fior.
1285 1948 1324 1975 a.
1359 1948 1397 1974 c.
1431 1946 1472 1975 x.
1508 1948 1560 1973 α.

333 1995 383 2037 C.
424 1993 506 2034 δεῖ
541 1991 743 2046 λογοις
772 1993 1071 2047 λέγεσθαι]
1120 1993 1215 2036 Vat.
1253 1991 1534 2036 6.Ve11.11.
1572 1989 1693 2032 Vind.
1731 1987 1782 2034 Φ.
1816 1991 1909 2029 Ρπ.

1110 2096 1223 2136 enim
1258 2093 1466 2136 hactenus
1500 2094 1555 2136 de
1574 2107 1821 2136 sermonum
1843 2095 1910 2134 vei

1108 2153 1416 2196 orationum
1465 2158 1808 2206 argumento.
1855 2176 1912 2183 —-

1109 2212 1720 2265 παντελῶςέσκέψεται,
1755 2212 1910 2263 plane

218 2110 338 2148 -ιριον
358 2093 540 2148 ἀγαθον
562 2099 620 2151 τῷ
643 2094 754 2146 ὄντι,
780 2111 858 2135 του
884 2095 1022 2149 κρείτ-

219 2151 347 2200 τονός
374 2167 420 2193 τε
451 2152 521 2192 καὶ
551 2152 762 2207 ἄρχοντος
794 2154 1023 2207 ξυμφέρον,

219 2212 359 2251 οἰκεία
393 2210 438 2251 δὲ
468 2215 550 2251 τοῦ
580 2214 848 2264 πειθομένου
878 2226 924 2252 τε
953 2211 1024 2250 καὶ

216 2267 535 2321 ὑπηρετοῦντος
554 2266 706 2322 βλάβη,
739 2269 792 2310 ad
813 2282 923 2323 quae
955 2268 1023 2309 hic

217 2327 376 2380 respici
421 2326 695 2368 manifestum
737 2332 816 2368 est.
876 2328 1022 2367 Lucu-

215 2385 373 2425 lentius
421 2384 549 2426 Plato
591 2386 708 2426 hunc
746 2386 891 2426 locum
933 2389 1023 2426 tra-

216 2444 349 2484 ctavit
383 2442 518 2495 Legg.
549 2444 606 2484 X.
640 2457 679 2496 p.
714 2442 812 2487 899.
846 2443 896 2486 D.
926 2455 1020 2495 sqq.

275 2497 303 2540 δι’
360 2497 528 2540 πάλαι
587 2499 910 2554 ἐζητοῦμεν]
973 2501 1019 2541 in

218 2559 418 2612 quibus
493 2559 862 2613 explorandis
931 2559 1020 2599 du·

218 2618 336 2658 dum
370 2619 584 2658 versati
616 2630 816 2661 sumus,
875 2617 1020 2658 Fici-

220 2688 342 2716 nus:
373 2687 509 2727 quae
544 2677 642 2717 iam
676 2675 768 2717 diu
800 2675 1019 2728 quaeri-

220 2746 343 2776 mus,
378 2733 491 2775 Num
520 2734 626 2788 legit
646 2732 888 2787 ζητοῦμενῖ
919 2734 1021 2775 Hoc

218 2791 390 2844 quidem
425 2803 562 2845 nuper
593 2793 755 2834 Herm
771 2805 934 2833 annus
967 2792 1022 2833 de

219 2856 365 2951 ιΙιζΤεὶι-ἰι
417 2851 670 2892 coniectura
713 2851 878 2905 recepit
926 2852 1025 2892 coii'.

279 2966 327 3008 C.
355 2965 690 3006 λυσιτελοῦν
721 2973 786 3021 τῷ
808 2966 1022 3018 ἔχοντι]

220 3023 365 3065 Intell.
400 3021 552 3075 αὐτήν.
578 3037 618 3068 ν.
640 3024 693 3065 ad
714 3025 903 3066 Phaedr.
923 3025 1023 3069 283.

222 3085 273 3121 Α.
306 3081 509 3123 Ceterum
537 3082 660 3124 Plato
690 3081 800 3124 hanc
829 3096 918 3124 rem
951 3084 1023 3124 fu-

219 3139 308 3178 sius
345 3140 550 3180 tractavit
584 3140 691 3182 infra
744 3140 840 3184 libr.
880 3141 936 3183 X.
980 3155 1020 3195 p.

217 3195 462 3240 595—608.
515 3198 560 3239 B.
629 3199 754 3241 Quae
786 3199 1020 3243 manifesto

220 3257 305 3295 iam
341 3254 406 3295 hic
437 3255 742 3308 significantur.

281 3311 388 3365 Cap.
422 3311 492 3353 Vl.
537 3311 594 3353 τὸ
630 3313 682 3353 δὲ
712 3314 902 3361 λέξεως
935 3314 1022 3368 ——-]

221 3370 432 3422 Inteiiigit
456 3371 724 3412 rationem
741 3402 752 3421 ‚
777 3385 858 3424 qua
884 3373 1023 3414 omnia

222 3429 366 3481 pueris
405 3428 615 3471 tradenda
662 3430 760 3469 sint.
841 3431 1026 3473 Dixerat

1108 2287 1130 2312 a
1173 2271 1334 2312 nohis
1383 2270 1494 2311 erit
1540 2270 1910 2321 exploratum.

1111 2330 1335 2370 Ficinus
1366 2329 1696 2381 interpretatur:
1747 2332 1913 2379 atque

1108 2390 1183 2430 ita
1216 2387 1374 2428 nobis
1409 2390 1747 2439 compertum
1783 2385 1910 2426 erit=

1106 2445 1222 2487 unde
1258 2444 1416 2486 Astio
1448 2443 1672 2485 videbatur
1702 2440 1818 2484 οὕτω
1851 2445 1913 2484 le-

1106 2505 1239 2559 gisae.

1164 2563 1222 2604 D.
1256 2559 1510 2614 διήγησις
1547 2551 1689 2601 ουσα
1720 2556 1912 2611 τυγχά-

1104 2620 1214 2673 νει]
1250 2618 1527 2672 Participium
1559 2615 1809 2669 praedicato
1841 2629 1914 2657 ne-

1108 2679 1432 2727 commodatur3
1463 2689 1502 2716 v.
1521 2675 1574 2716 ad
1595 2676 1685 2716 libr.
1700 2674 1731 2718 l.
1751 2688 1792 2728 p.
1812 2674 1913 2718 333.

1106 2736 1161 2778 E.
1196 2736 1300 2788 Cap.
1335 2735 1457 2776 VIII.
1487 2735 1546 2774 in.

1160 2786 1283 2847 'Aea
1337 2787 1435 2835 οὖν
1486 2789 1610 2843 ούχι
1657 2789 1786 2842 ἤτοι
1825 2787 1913 2842 —-]

1109 2851 1215 2892 Tria
1266 2855 1368 2893 sunt
1413 2850 1612 2903 poeticae
1660 2847 1916 2888 narrationis

1111 2908 1384 2965 (διηγήσεως,
1417 2906 1914 2957 derDarsteiinng)

1108 2981 1284 3020 genera.
1349 2970 1435 3007 Aut
1474 2966 1585 3006 enim
1640 2964 1735 3016 ipse
1783 2968 1917 3016 poeta

1109 3026 1300 3078 loquitur
1339 3026 1562 3074 utiturque
1594 3021 1775 3074 simplici
1817 3032 1914 3060 nar-

1109 3084 1303 3131 ratione;
1341 3085 1416 3123 aut
1446 3081 1553 3122 alios
1589 3081 1818 3132 loquentes
1851 3078 1916 3118 in-

1110 3141 1229 3182 ducit
1258 3140 1342 3190 ita,
1384 3143 1431 3180 ut
1470 3150 1622 3180 eorum
1662 3136 1831 3189 ingenia
1873 3140 1929 3176 et·

1109 3212 1252 3240 mores
1282 3211 1360 3252 per
1390 3197 1671 3238 imitationem
1717 3193 1914 3246 effingat3

1109 3262 1183 3298 aut
1213 3263 1442 3306 utrumque
1473 3267 1609 3308 genus
1645 3253 1812 3295 miscet.
1850 3252 1914 3292 Ex

1109 3315 1266 3368 quibus
1321 3325 1513 3367 poeseos
1550 3311 1782 3365 generibus
1831 3309 1915 3362 pri-

1112 3385 1227 3414 mum
1263 3377 1424 3413 tantum
1445 3372 1536 3412 vuit
1565 3367 1846 3423 philosophus
1873 3366 1915 3406 in

1113 3431 1285 3472 civitate
1316 3442 1391 3470 sua
1434 3428 1633 3477 inveniri
1674 3427 1832 3481 quippe
1875 3424 1914 3465 in

2071 1046 2088 1067 1-
2070 890 2089 1035 *mazer-u
2078 863 2082 877 »Α

2069 1068 2089 1330 ..;-'··3-.ad-,‹aeaen⁵
