2124 3744
339 176 441 228 -204
956 169 1436 223 PLATONIS

339 340 512 380 τατα,
574 318 755 380 εἷπον,
811 317 1235 387 ἐμνημόνευσας.
1337 316 1524 371 Πάλιν
1581 322 1798 378 τοίνυν,
1855 315 2027 383 ὥςπερ

337 401 676 468 παλαιστής,
741 398 842 468 τὴν
894 401 1074 469 αὐτὴν
1134 401 1315 473 λαβὴν
1357 401 1580 472 πάρεχε,
1635 404 1727 455 καὶ
1780 398 1843 454 τὸ
1886 400 2028 455 αὐτὸ

334 491 470 554 ἐμοῦ
516 493 780 557 ἐρομένου
827 489 991 556 πειρῶ
1037 495 1237 551 εἰπεῖν,
1300 482 1443 556 ἅπερ
1498 483 1623 539 τότε
1680 487 1892 554 ἔμελλες
1950 489 2031 539 λέ-

336 593 466 638 γειν.
550 571 809 641 Έάνπερ,
867 563 936 636 ἦν
997 570 1047 625 δ’
1097 570 1227 639 ἐγώ,
1275 568 1538 638 δύνωμαι.
1627 571 1743 623 Καὶ
1797 566 1938 637 μήν,
1996 559 2029 632 ἦ

336 656 383 709 ὸ“’
437 654 820 725 ὅς,”ἐπιι’ἰύμῶ
866 659 958 709 καὶ
1002 654 1175 719 αὐτὸς
1219 655 1479 716 ἀκοῦσαι,
1521 658 1676 716 τίνας
1719 657 1890 721 ἔλεγες
1932 650 2034 715 τὰς

266 757 289 805 >ἱ
341 749 606 809 τέτταρας
649 744 943 804 πολιτείας.
1038 741 1114 794 (Ιὺ
1155 741 1424 810 χαλεπῶς,
1473 730 1539 804 ἦν
1587 738 1638 791 δ’
1695 737 1814 805 ἐγώ,
1861 736 2033 792 ἁκού-

336 845 432 879 σει.
490 828 589 880 εἰσι
643 824 750 894 γὰρ
805 823 874 887 ἃς
918 828 1081 892 λέγω,
1143 830 1305 895 αἴπερ
1363 826 1453 876 καὶ
1509 820 1761 891 ὀνόματα
1805 827 2033 891 ἔχουσιν,

335 908 368 974 ἢ
428 930 483 962 τε
541 907 650 964 ὑπὸ
709 912 818 963 τῶν
865 912 1084 963 πολλῶν
1127 913 1523 977 ἐπαινουμένη,
1574 905 1609 971 ἡ
1669 906 1920 977 Κρητική
1976 927 2031 960 τε

331 997 424 1047 καὶ
469 991 770 1060 Λακωνικὴ
814 991 991 1063 αὕτη,
1038 997 1130 1048 καὶ
1175 996 1399 1064 δευτέρα
1445 994 1535 1045 καὶ
1576 995 1836 1062 δευτέρως
1878 997 2034 1043 ἐπαι-

335 1084 603 1147 νουμένη,
663 1082 972 1147 καλουμένη
1020 1078 1071 1132 δ’
1135 1076 1456 1148 ὀλιγαρχία,
1516 1077 1730 1146 συχνῶν
1786 1078 2029 1144 γέμουσα

454 1299 502 1338 B.
568 1298 655 1345 τὰς
690 1302 955 1353 τέτταρας
983 1300 1125 1354 πολ.]
1169 1301 1221 1339 V.
1258 1298 1494 1352 τέσσαρας,
1537 1301 1686 1338 contra
1718 1297 1846 1339 fidem
1880 1300 2029 1339 melio-

337 1368 428 1396 rum
463 1356 664 1397 librorum
698 1357 903 1399 omnium.

453 1414 502 1455 C.
564 1414 650 1454 καὶ
682 1420 858 1455 πασῶν
887 1414 1096 1454 τούτων
1130 1414 1196 1467 6.]
1234 1414 1334 1456 Par.
1362 1415 1418 1452 A.
1450 1411 1581 1452 Vind.
1615 1411 1716 1452 Vat.
1750 1425 1804 1455 m.
1840 1411 1958 1453 Flor.
1990 1427 2033 1457 a.

337 1483 374 1510 e.
405 1486 446 1514 α.
480 1486 517 1524 γ.
550 1472 619 1511 καὶ
650 1470 672 1522 ἡ
707 1477 866 1524 πασῶν,
899 1472 1013 1525 quod
1045 1473 1148 1513 licet
1177 1484 1313 1524 nuper
1343 1469 1597 1524 quibusdam
1629 1470 1855 1522 placuerit,
1890 1477 2034 1513 tamen

341 1645 432 1695 Vl.‚
466 1627 649 1698 denique
681 1646 736 1686 de
768 1645 1018 1699 disciplinis,
1049 1646 1145 1699 qui·

338 1706 418 1743 bus
462 1717 611 1744 eorum
653 1703 780 1744 animi
819 1703 1044 1744 erudiendi
1091 1715 1144 1744 ac

337 1761 552 1803 formandi
585 1767 746 1811 essent,
769 1761 860 1801 libr.
881 1762 957 1804 Vl.
982 1775 1022 1814 p.
1043 1762 1142 1805 502.

1230 1651 1351 1695 sunt,
1389 1646 1436 1682 ut
1468 1642 1595 1683 Plato
1628 1641 1670 1682 in
1705 1643 1908 1694 proximis
1939 1643 2035 1695 ipse

1230 1703 1348 1742 fecit.
1381 1699 1494 1743 conf.
1532 1699 1642 1740 infra
1673 1712 1713 1751 p.
1735 1698 1836 1743 545.
1859 1701 1906 1742 Β.
1939 1702 2034 1741 Ali-

1231 1765 1297 1800 ter
1329 1756 1829 1801 Schleiermacher.
1863 1772 1903 1811 p.
1934 1758 2034 1802 586.

339 1821 387 1861 C.
419 1832 512 1872 sqq.
549 1826 592 1860 et
622 1820 719 1859 libr.
754 1820 858 1859 VII.

394 1877 492 1929 τὴν
538 1875 713 1927 αὐτὴν
762 1871 939 1930 λαβι]ν
983 1874 1142 1929 πάρε-

335 1935 421 1989 χε]
490 1933 752 1988 Metaphora
815 1949 839 1975 a
888 1935 1143 1976 luctantibus

338 1994 540 2045 repetita.
577 1993 759 2033 Pliaeclr.
793 2006 832 2045 p.
865 1991 963 2036 236.
998 1993 1055 2033 C.
1087 1993 1146 2039 εἰς

337 2048 418 2099 τὰς
482 2048 640 2103 ομοΙας
711 2050 848 2101 λαβὰς
905 2047 1143 2100 ἐλήλυθας.

337 2110 478 2162 Legg.
524 2108 597 2152 ΙΙΙ.
639 2121 680 2161 p.
713 2108 811 2151 682.
845 2108 907 2151 E:
949 2104 973 2147 δ
1019 2105 1146 2161 λόγος

339 2165 445 2220 ἡμῖν
506 2170 600 2207 οἱον
659 2164 801 2219 λαβὴν
864 2164 1142 2207 ἀποδίδωσιν.

337 2224 503 2265 Phileb.
541 2223 683 2277 p.13.
721 2223 778 2264 E:
813 2221 913 2276 τάχ’
950 2220 1144 2269 ἀνιόντες

337 2283 394 2330 εἰς
422 2279 501 2329 τὰς
541 2280 699 2331 ὁμοίας
730 2282 815 2334 (sc.
846 2279 1005 2332 λαβὰς)
1042 2283 1144 2327 ἴσως

337 2339 391 2380 ἄν
420 2353 509 2384 πως
540 2338 746 2390 ἀλλήλοις
776 2336 1141 2392 ξυγχωρήσωμεν,

338 2398 409 2438 ubi
442 2395 738 2438 scholiastes:
770 2394 854 2436 ἀπὸ
891 2400 1146 2451 μεταφορᾶς

339 2458 510 2509 εἴρηται
548 2459 633 2495 τῶν
675 2452 962 2497 παλαιόντων
1024 2455 1141 2496 idem

339 2515 395 2554 ad
437 2512 474 2554 h.
511 2514 535 2554 l.
569 2513 675 2555 ἔθος
707 2510 813 2568 γάρ,
840 2513 1002 2564 inquit,
1041 2510 1146 2552 τού-

339 2585 436 2616 τοις
468 2572 579 2622 (τοῖς
600 2571 899 2630 παλαισταῖς),
934 2567 1044 2609 ὅταν
1073 2573 1146 2609 πέ-

341 2645 468 2669 σωσιν
507 2626 645 2681 ὁμοῦ,
698 2626 755 2672 ὥς
801 2626 964 2680 μηδένα
1004 2628 1147 2667 ἐπιπε-

340 2691 427 2726 σεῖν
458 2690 540 2725 τοῦ
572 2685 750 2739 λοιποῦ,
782 2683 912 2725 πάλιν
941 2686 1143 2738 ἐγερθέν-

341 2759 410 2791 τες
441 2742 511 2798 ἐφ’
547 2741 685 2797 ὅμοίιι
728 2740 1021 2813 σιμηλεκῆναι
1041 2741 1145 2794 σχή-

341 2817 466 2855 ματι,
501 2799 607 2855 ὅπερ
634 2799 715 2852 τὴν
731 2799 873 2852 αὐτὴν
891 2795 979 2841 εἶπε
997 2799 1147 2854 λαβήν.

401 2885 560 2931 τίνας
609 2884 788 2938 ἔλεγες
833 2884 928 2934 τὰς
965 2890 1146 2928 τεττα-

342 2959 437 2999 ρας
475 2943 787 2996 πολιτείας]
831 2943 926 2985 Non
964 2945 1147 2986 obscura

345 3007 414 3043 est
430 3002 600 3043 articuli
625 3002 698 3042 vis.
761 3000 870 3043 Nam
902 3004 1034 3044 verba
1067 3001 1149 3042 hoc

346 3060 607 3112 significant:
645 3058 754 3103 τίνες
784 3058 885 3100 εἰσὶν
913 3061 964 3100 αἱ
993 3062 1144 3101 τέττα-

348 3131 415 3169 ρες
454 3118 671 3156 πολιτεῖαι
716 3115 993 3170 (civitatis
1041 3117 1146 3158 for-

350 3173 506 3228 mae),
536 3171 590 3219 ιῖς
623 3173 772 3228 ἔλεγες.

404 3260 454 3303 C.
532 3257 691 3316 αἵπερ
752 3259 840 3301 καὶ
901 3258 1148 3312 ὀνόματα

349 3318 602 3367 {novom}
655 3317 695 3358 h.
738 3333 774 3359 e.
821 3330 932 3370 qnae
971 3317 1147 3370 quidem

348 3375 476 3416 etiam
509 3375 680 3415 nomina
715 3376 893 3425 habent,
923 3375 949 3418 i.
975 3389 1012 3418 e.
1046 3387 1149 3428 pro-

348 3432 452 3485 priis
505 3432 749 3474 nominibus
800 3433 995 3486 insigniri
1046 3445 1147 3485 pos-

1229 1817 1426 1858 Platonis
1460 1815 1515 1856 de
1550 1815 1776 1866 republica
1813 1815 2032 1857 Lacedae-

1230 1875 1472 1916 moniorum
1506 1878 1551 1914 et
1571 1873 1842 1914 Cretensium
1875 1874 2036 1915 iudicia

1229 1932 1462 1974 admodum
1496 1929 1736 1970 honorifica
1767 1932 2037 1984 collegerunt

1231 1991 1643 2039 Morgensteru.
1717 1987 2031 2032 Commentatt.

1230 2062 1270 2102 p.
1301 2047 1400 2092 306.
1447 2047 1520 2087 De
1556 2047 1721 2087 Geer.
1757 2045 1812 2088 de
1845 2046 2032 2100 Princip.

1231 2106 1326 2148 Pol.
1364 2106 1471 2145 Plat.
1503 2117 1543 2156 p.
1575 2102 1661 2146 113
1693 2116 1757 2155 sq.
1800 2104 1854 2147 cf.
1887 2109 2035 2149 annot.

1228 2163 1282 2205 ad
1315 2163 1481 2203 Criton.
1516 2174 1558 2215 p.
1587 2162 1658 2204 52.
1695 2161 1742 2202 E.

1284 2248 1370 2289 καὶ
1430 2247 1660 2301 δευτέρα
1713 2247 1798 2287 καὶ
1850 2247 2033 2288 δευτέ-

1227 2322 1328 2357 ρως
1367 2305 1471 2359 ἐτι]
1522 2305 1574 2346 C.
1615 2304 1694 2347 Fr.
1744 2305 2032 2348 Hermann.

1231 2365 1288 2405 de
1319 2365 1565 2405 coniectura
1607 2376 1686 2403 sua
1730 2363 1922 2416 scripsit:
1963 2364 2035 2403 καὶ

1230 2421 1412 2477 δευτέρα
1445 2419 1467 2472 ἦ
1503 2421 1709 2472 δευτέρως
1728 2423 1796 2463 ἐπ.
1849 2422 1917 2461 Ac
1932 2434 2033 2474 pro-

1231 2480 1347 2522 fecto
1376 2491 1507 2532 aegre
1537 2479 1742 2519 articulus
1772 2479 1925 2520 abesse
1957 2492 2036 2532 po·

1231 2544 1333 2580 test.
1395 2537 1482 2577 Sed
1516 2537 1606 2589 pari
1642 2537 1734 2577 iure
1767 2537 2033 2578 correxeris:

1231 2595 1303 2635 καὶ
1335 2593 1357 2648 ἡ
1392 2596 1571 2648 δευτέρα
1617 2593 1690 2632 καὶ
1731 2594 1938 2649 δευτέρως
1970 2596 2033 2637 ἐπ,

1231 2667 1292 2694 ac
1323 2652 1564 2694 secunda
1596 2656 1648 2692 et
1679 2651 1932 2693 secund-o
1965 2653 2033 2692 Ιο-

1233 2725 1293 2753 co
1326 2709 1548 2752 laudata
1581 2714 1661 2750 ctr.
1693 2710 1799 2750 Utut
1825 2713 1906 2759 est,
1939 2721 2032 2750 ver—

1232 2771 1285 2810 ba
1321 2769 1516 2809 Platonis
1548 2779 1660 2807 nunc
1680 2772 1851 2809 mutare
1881 2767 2031 2820 piacu—

1234 2829 1321 2869 lum
1351 2826 1565 2867 duximus.

1293 2911 1320 2964 ἢ
1349 2927 1404 2952 τε
1438 2907 1612 2965 ταύτῃ
1642 2905 1919 2963 διάφορος
1954 2908 2031 2961 —]

1233 2975 1288 3013 et
1317 2982 1456 3023 quae
1496 2968 1618 3009 huic
1655 2971 1741 3007 est
1771 2965 2031 3007 adversa-

1233 3028 1325 3071 ria.
1377 3026 1455 3068 Sic
1473 3026 1584 3067 einim
1606 3023 1773 3064 dativus
1805 3036 1900 3064 oum
1937 3023 2035 3063 διά-

1231 3100 1364 3139 φορος
1388 3086 1561 3124 iunctus
1577 3081 1928 3133 interpretandus
1949 3086 2033 3131 est,

1233 3155 1362 3195 quem
1395 3141 1546 3182 iniuria
1581 3141 1797 3180 Astius
1807 3140 1848 3179 in
1870 3138 2033 3189 ταύτης

1234 3200 1428 3241 mutavit.
1476 3211 1515 3239 v.
1560 3196 1828 3238 Matthiae
1867 3198 1944 3240 Gr.
1992 3197 2032 3249 ξ.

1233 3258 1332 3321 366
1364 3268 1461 3297 anu.
1493 3255 1536 3298 3

1291 3318 1473 3355 πασῶν
1494 3309 1708 3352 τούτων
1738 3311 2031 3365 διαφέρου-

1236 3387 1297 3412 σα
1337 3371 1418 3423 -]
1483 3369 1638 3411 Mirum
1707 3382 1812 3410 sane
1859 3369 2032 3418 accidit,

1235 3429 1351 3483 quod
1393 3426 1522 3472 codd.
1563 3427 1653 3470 sere
1691 3439 1843 3469 omnes
1879 3426 2034 3468 habent
