2124 3744
272 195 391 262 5300
851 189 1431 244 ARGUMENTUM

285 345 495 386 tantum
533 334 707 400 abest,
748 339 808 384 ut
846 331 1059 382 animus
1097 350 1310 402 semper
1345 331 1564 403 placida
1589 332 1984 401 tranquillitate

285 407 514 471 fruatur,
552 412 616 455 ut
651 419 1044 474 saepenumero
1082 403 1354 455 variarum
1391 402 1731 472 opinionum,-
1766 412 1986 473 pertur-

287 476 595 542 bationum,
648 474 1060 527 contentionum
1106 475 1162 526 vi
1209 474 1266 525 in
1314 475 1618 527 contrarias
1667 483 1855 543 partes
1905 473 1988 527 di-

287 546 584 602 strahatur.v
680 545 1013 614 Quanquam
1071 546 1156 597 vir
1214 545 1465 616 sapiens,
1531 545 1697 599 animi
1745 547 1987 599 motibus

287 619 672 688 rationis-ope
724 617 961 683 sedatis,
1031 617 1284 668 fortunae
1339 636 1499 670 casus
1536 617 1785 686 ‘aequius
1847 619 1989 671 feret

289 709 451 760 quam
499 689 696 757 ceteri,
750 706 931 757 neque
968 687 1350 741 fortitudinem
1385 696 1440 741 et
1474 689 1836 741 constantiam
1872 689 1986 742 ullo

287 770 532 831 tempore
568 759 955 832 negligendam
990 759 1230 830 putabit*-
1298 757 1570 826 Quoniam
1606 779 1736 813 vero
1773 761 1989 831 sapien-

288 834 360 887 tis
409 833 769 902 aequabilitas
821 838 875 883 et
924 833 1234 883 constantia
1282 833 1462 884 minus
1489 831 1679 885 -zhabet
1716 831 1990 884 iucundae

287 904 598 967 varietati83
637 903 775 955 illud.
814 910 1024 970 autem,
1077 902 1226 971 quod
1276 921 1536 970 vocamus
1571 899 1647 956 τό·
1678 903 1991 970 ’ἀγανακτη-

289 975 477 1037 τικόν,
532 994 811 1044 nunquam
866 974 968 1026 sibi
1024 982 1237 1038 constat
1284 973 1524 1043 ideoque
1577 974 1842 1028 varietate
1891 994 1992 1028 sua

288 1048 536 1114 homines
586 1063 920 1118 magnopere
956 1046 1233 1113 oblectat,
1254 1045 1504 1099 accidere
1543 1045 1863 1115 plerumque
1901 1066 1990 1100 so-

288 1117 395 1187 let,
445 1129 511 1172 ut
553 1127 751 1188 poetae
789 1121 1081 1189 μιμητικοὶ
1119 1117 1508 1170 'turbulentum
1546 1117 1683 1171 illud
1720 1126 1776 1169 et
1807 1126 1991 1171 ¹muta-

289 1191 398 1244 bile
445 1187 601 1255 ἦθος
647 1190 953 1244 imitatione
1009 1189 1331 1260 exprimant.
1422 1188 1618 1258 Itaque
1655 1190 1839 1258 poesis
1876 1189 1988 1259 illa,

290 1280 430 1331 quae
471 1262 869 1314 infimitatione
907 1268 1174 1327 versatur,
1217 1259 1542 1313 deteriorem
1567 1261 1732 1312 animi
1758 1261 1990 1331 partem,

289 1333 394 1386 hoc
432 1341 516 1386 est
555 1353 705 1401 eam,
762 1352 926 1403 quae.
957 1332 1411 1385 commotionibus
1450 1332 1682 1385 maxime
1718 1332 1988 1403 indulget,

288 1424 398 1458 non
446 1405 620 1458 solum
672 1405 904 1472 excitat,
958 1403 1054 1458 sed
1103 1403 1267 1455 etiam
1305 1403 1401 1455 alit
1437 1412 1606 1471 atque
1645 1404 1989 1470 corroborat3

289 1477 567 1529 meliorem
603 1495 734 1529 vero
772 1495 837 1528 ac
873 1476 1344 1547 praestantiorem,
1380 1474 1486 1528 hoc
1524 1482 1608 1528 est
1642 1472 1708 1528 τό
1752 1478 1992 1543 λογιστι-

290 1547 408 1615 κόν,
450 1547 720 1615 debilitat,
761 1547 986 1618 frangit,
1019 1545 1388 1616 pessumdat,
1420 1545 1865 1615 quandoquidem
1904 1548 1991 1600 vel

289 1621 495 1690 optimo
534 1618 730 1689 cuique
769 1619 1017 1672 accidere
1052 1618 1220 1686 solet,
1261 1625 1323 1670 ut
1359 1617 1796 1688 contemplandis
1828 1619 1992 1672 vehe-

288 1692 647 1744 mentioribus
688 1691 861 1744 animi.
892 1690 1180 1743 aflectibus
1229 1709 1328 1760 per
1364 1699 1558 1760 poe-tas
1599 1689 1991 1760 effictispaul-

287 1763 440 1815 latim
500 1762 813 1832 ,istiusmodi
844 1761 1378 1833 perturbationibus
1411 1786 1413 1789 ·
1446 1769 1501 1813 et
1558 1760 1847 1818 affectibus
1912 1764 1991 1815 ita

289 1845 599 1900 assuescat,
655 1843 719 1886 ut
755 1853 848 1898 eos
886 1835 942 1886 in
982 1852 1040 1887 se
1077 1833 1327 1904 ipsc-vix
1364 1832 1634 1886 cohibere-
1662 1852 1726 1886 ae
1765 1833 1987 1887 domare

289 1908 482 1977 possit.
558 1905 716 1973 Quae
755 1907 801 1959 si
833 1925 965 1959 vere
1006 1905 1286 1976 disputata
1323 1915 1477 1973 sunt,
1519 1905 1990 1974 consequitur,‘ut

295 1979 603 2049 voluptaria
637 1978 952 2031 illa-Musa
988 1978 1046 2030 in
1083 1976 1364 2030 civitatem
1395 1975 1710 2046 recipienda
1746 1994 1858 2029 non
1895 1979 1989 2046 sit,

289 2069 396 2118 qua
449 2050 686 2121 benigne
724 2058 956 2121 excepta
992 2068 1103 2102 non
1137 2048 1225 2100 lex
1256 2055 1331 2100 et·
1355 2048 1527 2115 ratio,
1578 2047 1678 2100 sed
1712 2048 1987 2119 'voluptas

287 2130 453 2190 atque
492 2121 783 2192 aegritudo
821 2129 968 2175 esset
1004 2127 1315 2190 regnatura.
1389 2120 1452 2171 P.
1492 2120 1613 2171 602.
1654 2118 1720 2172 C.
1757 2150 1831 2165 -.—=
1866 2123 1987 2175 607.

286 2194 358 2245 A.
435 2192 798 2263 Quanquam,
843 2212 912 2245 ne
961 2193 1100 2244 forte
1150 2198 1382 2266 propter
1421 2197 1578 2243 vetus
1626 2190 1762 2245 illud
1809 2192 1989 2262 philo-

287 2264 513 2335 sophiae
553 2283 676 2317 cum
714 2264 869 2335 poesi
899 2263 1186 2317 dissidium
1207 2263 1459 2331 'iniquius
1484 2261 1662 2334 egisse
1684 2262 1986 2331 videamur,

288 2335 404 2389 eius
454 2337 717 2406 patronis
754 2343 818 2388 et·
845 2335 1035 2388 amicis
1068 2334 1177 2388 hoe
1215 2333 1613 2402 concedemus,
1658 2342 1749 2402 ut,
1789 2335 1838 2387 si
1879 2354 1989 2404 qua

287 2407 522 2476 possint,
564 2409 680 2460 eius
718 2425 937 2460 causam
968 2405 1281 2460 defendant.
1336 2403 1655 2460 :Sedenim
1683 2425 1831 2460 nunc
1866 2408 1987 2476 qui.-

286 2478 408 2531 dem
460 2480 800 2550 exploratum
860 2479 1143 2546 habemUS,
1197 2496 1453 2547 magnam
1489 2484 1634 2530 certe
1686 2497 1810 2531 esse
1861 2497 1990 2532 cau-

285 2551 490 2603 tionem
542 2549 938 2619 adhibendam,
993 2568 1065 2602 ne
1098 2551 1375 2602 interna
1422 2556 1610 2602 nostra
1658 2550 1852 2602 civitas
1891 2569 1990 2620 per

288 2641 405 2674 eam
456 2623 692 2676 violetur
741 2628 838 2675 au't
875 2629 1273 2691 corrumpatur.
1349 2621 1572 2673 Etenim
1610 2628 1696 2674 est
1734 2622 1986 2690 profecto

285 2712 545 2765 magnum
595 2693 887 2763 quiddam,
948 2693 1151 2746 bonum
1188 2711 1251 2746 ac
1290 2693 1591 2763 sapientem
1629 2692 1790 2761 fieri-,2
1816 2693 1986 2764 pluri-

286 2784 541 2835 mumque
595 2766 794 2832 refert,
859 2772 1039 2817 utrum
1099 2764 1361 2821 honestus
1411 2782 1479 2815 an
1502 2810 1504 2812 ,
1530 2763 1707 2817 malus
1766 2763 1985 2818 evadas.

287 2837 487 2906 Itaque
515 2857 632 2908 par
675 2845 768 2889 *est
817 2855 917 2889 nos
965 2855 1187 2903 curare,
1226 2844 1290 2888 ut
1325 2854 1394 2888 ne
1433 2835 1545 2887 ulla
1583 2854 1642 2887 re
1675 2855 1716 2887 a
1741 2834 1987 2888 colenda

284 2908 492 2960 iustitia
538 2909 856 2976 reliquaque
907 2908 1116 2961 virtute.
1157 2926 1258 2960 nos
1286 2907 1517 2960 ‘avocari
1555 2907 1861 2976 patiamur.
1919 2907 1982 2960 P.

425 3122 532 3177 His
587 3121 1212 3192 explicatis-revertitur
1267 3119 1642 3187 Socratesw‘ad
1690 3117 1780 3186 id,
1834 3118 1979 3171 unde

282 3191 530 3263 digressa
566 3201 695 3246 erat.
717 3194 919 3261 oratio,
974 3200 1140 3261 atque
1181 3190 1619 3245 docet-iustitiae
1655 3209 1765 3242 non
1805 3190 1980 3243 solum

283 3263 340 3315 in
378 3263 480 3316 hac
516 3265 659 3332 vita,
715 3264 813 3318 sed
862 3265 1025 3317 etiam
1062 3271 1195 3332 post
1229 3271 1701 3319 mortem‘summa
1739 3262 1980 3332 praemia

290 3353 408 3388 esse
449 3336 745 3405 proposita.
822 3335 1198 3405 Nequevenim
1230 3333 1399 3386 rvfitam
1441 3333 1728 3387 humanam
1765 3332 1862 3386 his'
1888 3352 1982 3385 an-

283 3405 459 3478 gustis
509 3406 702 3475 spatiis
752 3407 1060 3471 terminari,
1115 3404 1333 3475 qui-bus
1361 3423 1478 3458 eam
1527 3405 1773 3458 homines
1812 3404 1980 3475 vulgo
