2106 3594
293 165 484 220 XCVI

294 309 508 362 lestium
571 306 776 359 ratione
840 303 1016 374 deque
1073 303 1371 358 animorum
1419 305 1820 359 immortalitate
1870 315 1997 360 sunt

294 380 593 450 disputata,
622 377 858 430 dubitari
885 395 996 437 non
1035 383 1238 447 potest,
1278 377 1412 444 quin
1448 377 1504 429 in
1532 376 1738 430 Politia
1773 378 1844 431 ad
1882 397 1996 431 rem

294 458 653 522 praesentem!
709 447 1109 502 transferantur
1159 447 1239 517 .*).
1339 448 1718 501 Parmenidem
1781 468 1999 519 quoque

293 518 817 591 tacitewrespectari‘,
857 518 1026 588 idque
1065 538 1128 572 eo
1166 518 1363 587 mod0‚
1404 527 1467 572 ut
1509 539 1650 589 quae
1687 521 1745 573 in
1784 540 1848 574 eo
1884 541 2000 574 mo-

294 603 383 646 tae
423 601 552 646 sunt
588 591 960 645 dubitationes
999 590 1318 651 dialecticae
1354 591 1548 660 paucis
1574 592 1767 646 -verbis
1807 591 2001 646 dissol-

294 672 512 732 vantur,
555 671 717 717 acuta
754 670 839 716 est
877 661 1527 717 Schleiermacheri
1565 663 1880 716 coniectura
1900 663 1999 733 **).

294 734 450 789 Idem
498 735 584 789 vir
631 734 827 788 doctus
877 734 1040 787 etiam
1100 733 1321 787 Politici
1358 733 1625 787 rationem
1663 734 1853 789 haberi
1890 754 2002 788 non

296 808 411 862 sine
448 806 649 860 idonea
685 825 855 859 causa
891 804 1298 874 coniecitv***).
1387 805 1453 858 In
1494 823 1603 874 quo
1640 825 1742 860 nos
1781 805 2002 875 quidem

293 880 459 932 ‘etiam
496 877 776 948 aliquanto
809 877 1037 931 ulterius
1084 875 1480 949 progredimur.
1555 876 1822 932 Putamus
1861 878 2004 930 enim

298 950 553 1003 Politiam
603 950 757 1002 iuxta
795 968 919 1010 cum
955 948 1201 1032 Legibus
1240 967 1304 1001 ac
1340 948 1567 1002 Timaeo
1609 948 1667 1001 in
1704 948 1851 1003 illius
1887 948 2003 1004 dia·

294 1021 707 1092 l'ogi'tanquam
744 1021 864 1075 solo
900 1019 1179 1074 radicibus
1218 1020 1332 1073 suis
1374 1020 1453 1072 ita
1490 1039 1611 1074 esse
1647 1019 1902 1088 defixam,
1943 1027 2006 1074 ut

296 1091 423 1147 inde
473 1093 705 1146 maxime
761 1090 1092 1164 repetendae
1148 1091 1259 1146 sint
1314 1090 1442 1145 eius.
1483 1091 1739 1163 origines.
1835 1091 2003 1160 Quod

299 1167 442 1220 enim
480 1165 558 1219 ibi
607 1163 1028 1237 grandimyth‘o
1081 1162 1418 1231 declaratur,
1460 1182 1578 1216 eam
1619 1163 1834 1233 demum
1873 1163 2004 1217 civi-

298 1239 466 1291 tatem
515 1238 816 1307 perfectam
870 1255 934 1289 ac
973 1236 1188 1289 beatam
1224 1236 1360 1303 fore,
1401 1235 1456 1298 in
1494 1253 1603 1305 qua
1640 1233 1828 1288 divina
1863 1235 2004 1289 ratio

338 1329 396 1362 er
450 1309 631 1362 omnia
668 1308 879 1376 valeat,
920 1306 1177 1378 quodque
1215 1306 1550 1376 reipublicae
1587 1307 1842 1378 princeps
1882 1306 2006 1378 phi-

297 1330 565 1450 lbsophus
603 1379 832 1451 fingitur
868 1378 1118 1435 omnibus
1142 1378 1356 1450 legibus
1395 1378 1662 1448 superior,
1702 1387 1834 1433 sunt
1871 1378 2007 1432 haec

298 1461 561 1521 tanquam
628 1451 890 1520 stamina,
964 1449 1109 1503 unde
1184 1449 1295 1502 tela
1368 1449 1589 1519 detexta
1649 1450 2003 1505 absolutissi-

299 1543 447 1585 mum
487 1566 490 1570 .
523 1523 771 1594 Politiae
802 1559 803 1562 =
852 1540 992 1593 opus
1064 1522 1374 1574 contectum
1461 1529 1558 1576 est.
1670 1520 1793 1576 Nec
1868 1522 2006 1575 male

298 1593 1024 1654 Schleiermacherus
1072 1611 1139 1646 ex
1194 1593 1535 1647 nobilissimo
1574 1592 1697 1647 loco
1735 1593 1862 1647 libri
1901 1593 2007 1647 IX.

300 1689 354 1739 p.
404 1668 528 1720 588.
577 1664 642 1720 C.
681 1684 802 1735 sqq.
855 1664 1129 1719 conclusit
1188 1663 1502 1718 Phaedrum
1557 1672 1682 1717 ante
1727 1665 2007 1721 ‘Politiam

301 1739 568 1810 scriptum
607 1756 728 1792 esse
765 1737 849 1807 †).
924 1735 1255 1805 Quanquam
1278 1740 1280 1742 ’
1307 1735 1397 1792 hic
1435 1754 1656 1805 quoque
1694 1735 2007 1793 addendum

301 1819 397 1873 est,
433 1810 598 1882 longe
628 1803 849 1875 ‘maius
875 1806 1137 1877 quiddam
1175 1814 1340 1877 atque
1379 1827 1463 1861 am
1507 1807 1632 1862 lius.
1707 1807 2010 1863 Inter-cedit

303 1882 455 1950 enim*
497 1881 756 1943 universo
802 1877 1055 1937 Phaedro
1110 1897 1177 1949 ea
1226 1897 1351 1943 curn
1398 1879 1480 1934 Po
1504 1879 1598 1933 itia
1637 1879 2008 1948 necessitudo.,

302 1951 448 2013 uude
497 1953 782 2022 utriusque
834 1951 960 2005 libri
1015 1950 1328 2004 coniunctio
1365 1950 1671 2021 arctis-sima
1707 1970 2010 2024 cognosca-

303 2034 410 2084 tur.
507 2024 729 2078 Etenim
832 2041 934 2077 uae
998 2022 1056 2077 in
1129 2021 1382 2081 Phaedro
1445 2021 1675 2092 poeticis
1735 2023 2009 2079 coloribus

305 2096 630 2158 adumbrata
666 2102 762 2153 est,
829 2094 1043 2150 octrina
1086 2092 1154 2146 de
1203 2094 1407 2164 triplici
1455 2093 1620 2147 animi
1667 2092 1891 2149 humani
1929 2095 2010 2152 fa·

305 2169 540 2236 ciuitate,
597 2186 663 2222 ea
708 2166 765 2220 in
829 2165 1036 2225 Politia
1080 2184 1192 2219 non
1221 2164 1403 2221 ⁴modo
1453 2165 1809 2220 confirmatur
1845 2175 2010 2236 atque

304 2241 640 2308 illustratur,
692 2236 792 2293 sed
845 2238 1009 2294 etiam
1057 2237 1348 2297 universae
1397 2236 1649 2292 civitatis
1683 2246 1741 2295 et
1775 2237 2010 2295 hominis

306 2311 663 2383 descriptioni
735 2308 1078 2366 fundamenti
1137 2309 1268 2363 loco.
1325 2308 1643 2377 subiicitur,
1716 2316 1780 2362 ut
1850 2307 2009 2364 facile

305 2390 492 2456 pateat
546 2381 836 2451 politiam,
886 2380 1050 2438 sicuti
1124 2386 1211 2434 ost
1258 2378 1551 2436 Politicum
1588 2379 1739 2438 edita
1771 2389 1882 2450 est,
1931 2382 2011 2434 ita

306 2475 375 2509 ne
408 2469 557 2519 ante
603 2452 916 2508 Phaedrum
972 2451 1067 2522 qui
1108 2470 1193 2505 em
1246 2452 1502 2523 scriptam
1559 2459 1654 2507 aut
1705 2452 1762 2507 in
1809 2453 2010 2525 vulgus
2092 2459 2103 2477 ³

308 2527 561 2590 emissam
598 2544 738 2580 esse.
812 2523 879 2577 In
917 2542 1027 2594 qua
1063 2542 1260 2578 caussa
1292 2537 1396 2577 'nec
1433 2522 1571 2578 illud
1608 2531 1694 2578 est
1729 2525 2011 2607 negligen-
2090 2527 2098 2561 ἵ

307 2598 467 2667 dum,
530 2595 690 2668 quod.
730 2596 787 2665 hi
834 2595 959 2650 libri
1025 2595 1186 2648 etiam
1240 2595 1347 2650 alio
1407 2595 1624 2649 nomine
1683 2603 2010 2667 cognatione

307 2669 554 2741 quadam.
582 2667 795 2723 consilii
834 2675 891 2722 et
926 2667 1233 2738 argumenti
1255 2667 1618 2723 continentur.
1692 2667 1836 2720 Nam
1863 2675 2010 2722 uter-

307 2762 414 2812 que
467 2741 629 2796 etiam
681 2739 740 2793 id
787 2739 955 2793 habet
990 2738 1362 2810 propositum,
1412 2746 1475 2792 ut
1511 2737 1892 2810 philosophiae
1928 2738 2010 2792 di-

308 2814 487 2885 gnitas
547 2819 604 2866 et
670 2812 969 2871 auctoritas
1032 2809 1090 2864 in
1148 2809 1461 2878 illustriore¹
1507 2809 1631 2863 luce
1687 2810 2008 2879 collocetur,

398 3069 446 3124 ἰ)
492 3070 547 3109 V.
604 3069 690 3108 libr
748 3067 806 3107 X.
849 3079 892 3118 p.
924 3066 1021 3111 611.
1076 3069 1158 3117 A.,
1204 3067 1277 3108 ubi
1318 3067 1434 3110 conf.
1485 3065 1917 3108 Schleiermach.
1966 3079 2009 3118 p.

479 3127 564 3170 616
597 3139 662 3179 sq.
693 3124 809 3167 Ibid.
843 3123 893 3167 B.
928 3142 932 3146 ⁴

369 3201 441 3252 **)
474 3199 549 3238 Ad
578 3198 663 3237 libr
711 3197 785 3238 lV.
816 3210 858 3248 p·
889 3196 990 3241 436.
1027 3197 1182 3238 B-D.
1216 3196 1311 3238 coll.
1345 3202 1494 3236 annot.
1520 3209 1563 3248 p.
1595 3196 1695 3240 556.

343 3272 443 3323 ιΜΨ)
474 3269 691 3375 Lib55‹1)V.
734 3281 775 3320 p.
818 3267 918 3313 423.
969 3270 1042 3320 C„
1091 3270 1146 3310 de
1176 3282 1264 3321 quo
1297 3268 1395 3313 loco
1429 3268 1545 3309 conf.
1581 3267 2007 3309 Schleiermach.

397 3401 442 3452 ἢ)
477 3342 605 3440 gons.
640 3399 720 3438 viri
758 3399 924 3447 egregii
958 3399 1296 3450 disputationem
1324 3411 1364 3450 p.
1396 3398 1481 3442 307
1513 3413 1576 3451 sq.
