2072 3730
703 155 922 209 mem
977 156 1277 224 QUINTL
1738 161 1839 211 395>

137 301 317 354 locum
351 307 541 354 tenent
590 318 675 354 res
724 300 827 354 sub
867 319 1063 354 sensus
1098 301 1411 367 subiectae,
1455 322 1623 371 quae,
1676 322 1841 371 quum

138 390 266 426 vere
303 389 423 425 esse
461 370 769 441 videantur,
808 379 990 426 tamen
1028 391 1218 427 rursus
1255 393 1364 426 non
1403 382 1549 442 sunt,
1589 384 1644 426 ct
1682 373 1843 427 vicis-

142 443 245 496 sim
284 462 693 515 saepenumero,
732 462 899 514 quum
942 463 1053 496 non
1093 463 1211 499 esse
1254 443 1533 514 dieantur,
1572 445 1841 500 essentiae

140 515 435 587 participes
484 514 755 569 videntur.
839 514 1007 570 Unde
1057 534 1160 570 usu
1211 517 1397 570 venire
1436 518 1610 585 solet,
1660 531 1723 570 ut
1762 536 1843 583 ea,

142 605 283 657 quae
319 587 529 658 pulcra,
569 586 730 655 bona,
769 586 915 641 iusta
951 585 1237 656 dicuntur,
1275 589 1404 642 item
1442 590 1641 661 turpia,
1682 588 1839 655 mala,

141 659 345 712 iniusta
379 656 684 712 videantur.
763 657 858 712 Ad
898 675 1034 728 quast
1073 659 1294 730 quidem
1331 679 1440 727 reS,
1483 679 1624 731 quae
1663 680 1844 730 neque

142 738 272 785 sunt
319 747 497 800 neque
543 748 654 783 non
715 738 874 799 sunt,
934 730 1221 785 referenda
1281 732 1527 804 opinio
1588 740 1674 790 est
1731 732 1844 784 sive

143 800 312 870 δόξα,
364 818 506 871 quae
542 800 685 853 inter
729 802 1103 857 scientiam
1140 814 1198 858 et
1234 803 1700 858 inscientiam
1738 823 1847 856 me-

145 873 236 927 dia
279 871 583 926 interiacet.
668 871 746 926 Et
789 873 996 946 ‘vulgus
1047 874 1268 945 quidem
1328 895 1510 929 veram
1547 893 1726 929 rerum
1769 893 1852 928 es-

144 944 375 999 sentiam
426 962 495 997 ne
546 940 793 998 divinare
846 945 1071 1014 quidem
1106 946 1354 1016 videtur,
1393 945 1491 1001 sed
1526 946 1686 1000 unice
1719 965 1850 999 eon-

146 1014 478 1086 templandis
531 1014 697 1069 rebus
744 1017 1097 1072 mutabilibus
1134 1026 1442 1090 occupatus
1480 1017 1597 1072 sola
1634 1017 1852 1071 ducitur

145 1087 418 1160 opinione.
494 1086 653 1155 Quos
690 1086 937 1143 homines
988 1089 1299 1144 discernere
1319 1089 1606 1151 ,debemus
1641 1110 1674 1142 a
1709 1091 1854 1143 veris

146 1159 533 1232 germanisque
594 1157 964 1233 philosophis;
1043 1169 1176 1216 sunt
1235 1162 1379 1216 enim
1440 1162 1853 1233 opinionum

147 1238 501 1286 amatores
537 1250 581 1285 s.
619 1230 931 1306 φιλόδοξοι.
1006 1233 1143 1287 Veri
1197 1241 1379 1288 autem
1415 1233 1728 1306 philosophi
1767 1242 1850 1288 est

146 1302 251 1376 ipsi
277 1301 443 1372 iusto,
473 1302 640 1372 bonn,
667 1300 898 1376 pulchro
930 1305 1319 1378 cognoscendo
1359 1307 1437 1360 ita
1460 1325 1678 1379 operam
1706 1305 1855 1373 dare,

148 1382 214 1429 ut
249 1374 367 1429 eius
403 1374 673 1447 speciem,
724 1383 1003 1430 aeternam
1049 1376 1196 1431 illam
1246 1385 1424 1449 atque»
1450 1378 1855 1445 immutabilem,

151 1447 332 1513 animo
369 1447 659 1501 intueatur.
736 1448 799 1502 P.
838 1450 961 1504 471.
1000 1447 1048 1500 C
1091 1481 1151 1489 —
1195 1451 1319 1505 480.
1356 1451 1427 1505 A.
