2098 3658
292 161 394 214 298
897 162 1376 219 PLATONIS

291 318 446 373 νέους
490 305 661 375 ὄντας
709 315 782 373 εὶς
825 308 1039 380 δείματ’
1090 308 1237 366 ἅττα
1273 316 1562 384 κομιστέον
1605 317 1699 369 καὶ
1741 320 1818 379 εις
1859 313 1989 382 ἡδο-

202 407 251 458 Ε
289 392 392 457 νὰς
450 383 523 448 αὗ
578 396 985 465 μεταβλητέον,
1036 398 1447 465 βασανίζοντας
1505 395 1648 452 πολὺ
1691 401 1912 468 μᾶλλον
1955 398 1988 467 ἢ

141 982 246 1033 414

282 475 492 547 χρυσὸν
552 485 611 533 ὲν
662 485 825 549 πυρί,
884 485 928 533 εἰ
988 482 1387 548 δυς)οητευτος
1437 503 1529 535 και
1583 481 1871 554 εὐσχήμων
1930 491 1990 539 ἐν

287 565 430 616 πᾶσι
467 566 754 636 φαίνεται,
811 563 994 636 φύλαξ
1039 563 1214 619 αὑτοῦ
1262 562 1340 619 ὢν
1382 564 1616 633 ἀγαθὸς
1657 571 1750 621 καὶ
1793 587 1989 637 μουσι-

284 649 384 713 κῆς
424 639 486 712 ἧς
530 646 876 717 ἐμάνθανεν,
922 646 1217 718 εὔρυθμόν
1263 671 1317 704 τε
1348 653 1438 704 καὶ
1465 648 1818 721 εὐάρμοστον
1863 658 1990 707 ἑαυ-

285 728 385 785 τὸν
440 738 499 784 ὲν
557 735 696 786 πᾶσι
750 732 970 797 τούτοις
1026 728 1304 804 παρέχων,
1360 733 1482 797 οἷος
1533 734 1599 801 δὴ
1659 733 1733 790 ἂν
1776 733 1854 790 ὢν
1897 739 1990 791 καὶ

285 818 465 885 ἐαυτῷ
512 819 603 870 καὶ
650 815 806 872 πόλει
846 816 1269 888 χρησιμώτατος
1326 819 1424 886 εἴη.
1481 822 1572 873 καὶ
1629 818 1730 875 τὸν
1787 819 1875 875 ἀεὶ
1929 827 1989 876 ἔν

285 921 340 954 τε
386 903 540 955 παισὶ
602 904 694 956 καὶ
753 911 1061 968 νεανίσκοις
1104 906 1195 957 καὶ
1241 909 1298 957 ἐν
1343 902 1581 973 ἀνδράσι
1623 903 1989 975 βασανιζόμε-

285 1005 386 1040 νον
447 989 538 1039 καὶ
594 984 885 1056 ἀκήρατον
938 989 1267 1056 ἐκβαίνοντα
1313 994 1692 1043 καταστατέον
1738 985 1988 1060 ἄρχοντα

284 1073 385 1136 τῆς
428 1069 634 1135 πόλεως
677 1074 766 1125 καὶ
814 1069 1067 1146 φύλακα,
1106 1075 1196 1127 καὶ
1242 1071 1409 1142 τιμὰς
1450 1075 1645 1128 δοτέον
1689 1077 1782 1128 καὶ
1825 1077 1989 1142 ζῶντι

285 1159 378 1209 καὶ
418 1154 822 1222 τελευτήσαντι,
865 1154 1064 1229 τάφων
1111 1177 1168 1211 τε
1210 1159 1302 1211 καὶ
1347 1159 1459 1211 τῶν
1499 1155 1684 1212 ἄλλων
1709 1163 1988 1228 μνημείων

283 1246 512 1310 μέγιστα
557 1245 689 1310 γέρα
737 1240 1122 1312 λαγχάνοντα·

405 1466 449 1504 1’.
482 1462 583 1506 414.

1175 1238 1276 1296 τὸν
1319 1244 1377 1296 δὲ
1419 1238 1495 1310 μὴ
1541 1245 1803 1298 τοιοῦτον
1844 1242 1987 1298 ἀπο-

654 1460 711 1502 ἐν
752 1459 920 1516 τύπῳ,
963 1459 1027 1515 μὴ
1076 1457 1148 1502 δι’
1188 1458 1325 1517 α’κρ.]
1369 1465 1461 1506 Par.
1494 1462 1548 1508 K.
1594 1463 1661 1504 καὶ
1707 1463 1764 1518 μὴ
1798 1462 1859 1506 δι’
1891 1446 1984 1519 dno.

285 1520 402 1574 quod
439 1534 492 1563 ex
522 1521 793 1575 grammatici
824 1520 1006 1563 alicuius
1037 1521 1315 1563 annotatione
1344 1525 1502 1564 ortum.

287 1694 553 1736 lustrationis
593 1704 741 1734 causa.
781 1689 899 1735 libr.
941 1692 1019 1736 Iv.
1053 1706 1093 1747 p.

283 1752 382 1796 432.
416 1753 474 1792 D:
508 1748 634 1792 πάλαι
666 1750 861 1802 φαίνεται
893 1747 978 1802 πρὸ
1012 1764 1091 1791 πο-

284 1809 373 1851 δῶν
413 1805 509 1863 ημῖν
549 1807 596 1862 ἐξ
633 1803 766 1878 ἀρχῆς
797 1805 1092 1849 κυλινδεῖσθαι

284 1870 353 1910 καὶ
386 1864 466 1920 οὐχ
499 1867 703 1920 ἑωρῶμεν
735 1861 811 1920 ἄρ’
843 1861 965 1915 αυτό,
998 1861 1090 1907 ἀλλ’

284 1921 389 1980 ἦμεν
421 1921 839 1998 καταγελαστότατοι,
873 1921 1015 1977 ὥςπερ
1048 1924 1096 1965 οἱ

282 1984 330 2025 ἑν
369 1990 459 2026 ταῖς
498 1984 642 2038 χερσιν
682 1984 849 2035 ἔχοντες
887 1983 1091 2054 ζητοῦσιν

281 2041 420 2084 ἐνίοτε
450 2037 476 2083 ὅ
509 2044 668 2094 ἔχουσι,
702 2041 770 2081 και
794 2036 912 2094 ἡμεῖς
929 2040 992 2082 εἰς
1010 2056 1088 2082 αυ-

278 2099 338 2201 τὸ1
371 2100 446 2153 μὲν
486 2096 568 2142 οὐκ
608 2095 917 2152 απεβλέπομεν.
967 2099 1084 2140 Libr.

327 2160 357 2201 1.
388 2174 430 2213 p.
388 2158 562 2213 p497.
596 2159 647 2198 Β.
688 2158 807 2210 Vlll‚
836 2171 877 2210 p.
910 2157 1010 2202 557.
1034 2158 1083 2201 C.

278 2160 391 2260 evouf.
424 2216 477 2259 ad
513 2215 730 2258 Phaedon.
766 2229 806 2268 p.
837 2215 907 2259 61.
943 2219 992 2256 Α.

335 2277 386 2316 E.
480 2274 889 2327 βασανίζοντας
949 2269 1083 2314 πολὺ

274 2333 506 2387 μᾶλλον]
551 2332 832 2374 Accusativus
867 2331 1028 2384 pendet
1061 2344 1086 2372 e

277 2391 556 2446 praecedenti
596 2388 820 2440 κομιστέον
862 2390 930 2430 καὶ
962 2403 1083 2439 μετα-

278 2449 480 2504 βλητέον,
513 2450 541 2492 ἰ.
575 2463 612 2492 e.
647 2449 831 2499 κομίζειν
863 2447 930 2487 και
961 2461 1084 2497 μετα-

277 2507 447 2561 βάλλειν
479 2505 556 2558 δεῖ,
593 2519 633 2549 ν,
666 2506 719 2546 ad
741 2507 904 2548 Criton.
940 2518 980 2558 p.
1013 2506 1084 2551 49.

277 2572 327 2609 Α.
395 2564 508 2619 Apte
550 2565 686 2605 utitur
728 2565 863 2604 verbo
902 2564 1083 2615 βασανί-

276 2626 382 2678 ζειν,
432 2622 547 2692 quod
599 2622 773 2676 proprie
824 2621 982 2663 dicitur
1030 2622 1086 2665 de

277 2696 409 2736 auro,
455 2682 575 2723 cuius
620 2681 758 2721 virtus
798 2680 838 2720 in
873 2679 987 2733 lydio
1021 2682 1084 2722 la-

276 2741 376 2795 pide
415 2742 483 2781 vel
516 2741 614 2792 igne
647 2743 893 2791 spectatur3
925 2737 1083 2780 deinde

276 2811 381 2840 vero
414 2771 558 2839 etiam²³
573 2796 628 2837 de
650 2808 908 2849 quacunque
939 2808 988 2837 re
1019 2797 1082 2837 in-

277 2856 476 2910 daganda
515 2860 558 2896 et
589 2854 851 2907 exploranda
882 2854 1081 2905 usurpari

276 2916 416 2966 solet3
454 2926 494 2954 v.
538 2912 742 2953 Suidas
784 2925 819 2953 s.
865 2924 905 2952 v
942 2909 1081 2963 βᾶσα·-

280 2983 358 3012 νος
389 2977 432 3013 et
465 2970 713 3024 βασανίζειν
751 2968 805 3010 Τ.
838 2969 869 3012 l.
909 2983 949 3022 p.
979 2969 1081 3014 418.

275 3029 443 3076 Deinde
486 3030 530 3069 in
572 3027 715 3070 verbis
752 3025 795 3067 sl
820 3025 1080 3081 δυςγοήτευ-

275 3098 348 3127 τος
370 3087 438 3127 καὶ
461 3082 688 3139 ευσχήμων
719 3099 756 3128 κ
794 3099 826 3126 τ.
857 3086 890 3129 λ.
924 3088 1079 3127 obser-

270 3158 346 3186 ves
390 3145 613 3185 transitum
654 3157 676 3184 a
721 3156 900 3185 numero
933 3144 1077 3186 multi·

269 3202 428 3243 tudinis
469 3201 522 3243 ad
555 3201 846 3254 singularem,
895 3202 949 3243 de
989 3213 1076 3256 quo

272 3274 312 3301 v.
344 3258 398 3301 ad
431 3273 471 3313 p.
502 3258 601 3302 389.
636 3259 685 3299 D.

333 3316 415 3358 καὶ
466 3311 740 3381 ἀκήρατον
788 3313 1075 3369 ἐκβαί-νον

279 3374 359 3429 τα]
409 3375 691 3415 sincerum
747 3374 1074 3417 evadentem

277 3433 590 3485 nullamque
641 3431 766 3472 vitii
808 3433 1074 3474 maculam

1179 1691 1616 1735 contrahentem.
1685 1691 1821 1733 Vocis
1861 1705 1988 1734 usum

1177 1752 1406 1794 illustravit
1446 1749 1725 1794 Ruhnken.
1773 1750 1828 1791 ad
1863 1750 1984 1800 Tim.

1178 1823 1218 1864 p.
1267 1809 1337 1854 17.
1407 1807 1577 1850 Eadem
1631 1808 1722 1850 sere
1774 1809 1985 1852 iterantur

1175 1868 1270 1910 libr.
1302 1867 1377 1908 Vl.
1411 1880 1452 1920 p.
1483 1865 1583 1910 503.
1620 1869 1670 1906 Α.

1232 1955 1280 1995 P.
1307 1950 1408 1996 414.
1449 1950 1676 2006 μέγιστα
1707 1950 1834 2006 γέρα
1865 1951 1979 2005 λαγ-

1175 2007 1443 2062 χάνοντα]
1485 2009 1584 2052 Non
1625 2016 1692 2052 est
1734 2009 1850 2062 quod
1883 2010 1981 2062 quis

1176 2082 1273 2110 cum
1355 2068 1660 2110 Benedicto
1730 2065 1980 2121 λαγχάνοντι

1169 2128 1378 2180 corrigat,
1413 2138 1654 2179 quanquam
1679 2132 1877 2167 accurata
1910 2138 1979 2167 ra·

1171 2186 1232 2227 tio
1265 2187 1411 2238 utique
1438 2183 1624 2226 dativum
1647 2186 1855 2238 postulat.
1888 2182 1977 2226 Sed

1171 2245 1445 2284 accusativus
1477 2255 1554 2294 per
1577 2242 1867 2295 plagiasmum
1900 2255 1980 2296 po·

1171 2302 1280 2343 situs
1313 2305 1407 2351 est,
1448 2304 1495 2340 ut
1526 2300 1885 2342 accommodatus
1921 2300 1979 2340 sit

1170 2359 1383 2413 superiori
1414 2352 1614 2411 ἄρχοντα.

1176 2464 1180 2467 ·
1232 2442 1299 2485 ὥς
1329 2443 1385 2484 ἐν
1416 2442 1584 2500 τύπῳ,
1626 2442 1690 2497 μὴ
1733 2440 1795 2484 δι’
1831 2440 1974 2497 ἀκρι-

1171 2504 1352 2557 βείας,
1396 2502 1690 2557 εἰρῆσθαι]
1742 2508 1799 2544 ut
1840 2515 1976 2545 sum·

1171 2563 1354 2611 matim
1432 2560 1711 2611 dicamus,
1801 2572 1977 2613 neque

1169 2634 1275 2663 rem
1318 2619 1628 2670 diligenter
1678 2631 1975 2672 persequa-

1170 2691 1298 2721 mur.
1369 2675 1531 2724 Τύποε,
1552 2676 1679 2729 ,quod
1713 2676 1887 2729 proprie
1919 2674 1975 2717 de

1168 2736 1401 2790 imaginum
1431 2734 1764 2776 adumbratione
1799 2734 1972 2783 dicitur,

1167 2795 1329 2838 indicat
1357 2794 1603 2846 generalem
1637 2804 1777 2844 neque
1807 2791 1971 2844 singula

1166 2856 1504 2906 persequentem
1533 2851 1596 2892 rei
1615 2849 1971 2901 descriptionem:

1166 2910 1280 2952 unde
1311 2907 1360 2949 έν
1389 2906 1508 2961 τύπῳ
1541 2908 1678 2961 λέγειν
1709 2911 1795 2948 est
1835 2918 1971 2947 sum-

1166 2968 1349 3010 matim
1399 2965 1614 3007 dicere..
1680 2965 1791 3005 Hinc
1831 2965 1970 3005 lucem

1165 3026 1376 3078 accipient
1415 3024 1486 3064 illa
1531 3024 1625 3066 libr.
1672 3022 1746 3061 VI.
1785 3035 1825 3074 p.
1867 3021 1968 3065 491.
2007 3076 2010 3078 q
2095 3021 2098 3031 '

1165 3082 1217 3125 C.
1247 3083 1345 3125 coll.
1377 3094 1419 3134 p.
1439 3079 1540 3124 504.
1573 3081 1625 3124 1).
1658 3080 1777 3120 Vlll.
1810 3079 1968 3132 p.559.
2097 3113 2098 3123 ,

1160 3142 1219 3185 Α.
1281 3142 1404 3181 Plura
1435 3137 1535 3179 dedi
1567 3138 1621 3179 ad
1652 3138 1814 3181 Pliileb.
1832 3151 1872 3191 p.
1897 3138 1968 3181 61.
2090 3146 2093 3178 3

1161 3200 1220 3240 A.
1255 3203 1299 3239 et
1333 3200 1555 3249 Protagor.
1588 3209 1631 3249 p.
1662 3194 1762 3239 344.
1804 3196 1853 3239 B.

1217 3255 1271 3298 B.
1331 3255 1432 3294 τῶν
1476 3267 1525 3294 τε
1565 3253 1778 3305 ἔξωθεν
1818 3253 1966 3294 πολε-

1160 3314 1294 3365 μίων
1325 3313 1425 3352 τῶν
1457 3326 1509 3352 τε
1541 3312 1613 3366 —J
1648 3313 1868 3354 observes
1899 3311 1965 3352 di-

1160 3371 1382 3425 ligentiam
1426 3376 1469 3411 et
1501 3369 1812 3421 subtilitatem,
1856 3381 1967 3421 quae

1159 3429 1346 3472 cernitur
1405 3428 1447 3469 in
1506 3439 1585 3468 usu
1657 3427 1963 3469 adverbiorum
