2124 3744
241 160 340 208 104
855 123 1328 210 PLATole

242 305 331 356 καὶ
382 299 441 355 τὸ
493 299 798 355 σκευαστὸν
844 299 980 356 ὅλον
1026 308 1196 370 γένος.
1279 306 1511 372 Τίθημι,
1559 308 1682 376 ἔφη,
1728 296 1815 357 τΗ
1856 308 1948 358 και

244 389 462 447 ἐθέλοις
503 380 577 436 ἂν
621 381 763 438 αὐτὸ
811 382 1010 458 φάναι,
1059 379 1126 452 ἦν
1172 385 1213 440 δ’
1267 385 1402 453 ἐγώ,
1463 390 1771 462 διῃρῆσθαι
1811 385 1948 453 άλη-

244 472 384 538 θείᾳ
429 488 486 522 τε
530 470 621 521 καὶ
665 467 773 537 μή,
835 466 908 531 ὡς
951 469 1015 523 τὸ
1066 469 1339 535 δοξαστὸν
1388 468 1528 540 πρὸς
1574 467 1635 525 τὸ
1683 471 1949 539 γνωστόν,

247 549 391 608 οὕτω
441 548 504 605 τὸ
553 549 842 620 ὁμοιωθὲν
888 550 1026 621 πρὸς
1073 553 1132 608 τὸ
1169 545 1209 622 ᾧ
1242 551 1547 623 ὡμοιώθη,-
1576 551 1787 623 ”Εγωγ’,
1829 559 1950 629 ἔφη,

241 639 332 690 καὶ
377 636 578 708 μάλα.»
642 633 856 691 Σκόπει
901 636 967 703 δὴ
1030 630 1102 690 αὖ
1149 641 1240 691 καὶ
1298 637 1402 704 τὴν
1446 642 1546 693 τοῦ
1602 641 1811 704 νοητοῦ
1858 661 1950 692 το-

238 719 351 789 μήν
395 713 427 795 ᾖ
481 726 730 788 τμητέον.
824 723 955 795 Πῇ;
1002 715 1104 775 ἴΗι
1164 720 1225 775 τὸ
1271 725 1372 791 μὲν
1421 720 1597 777 αὐτοῦ
1649 734 1766 785 τοῖς
1822 722 1949 777 τότε

240 806 541 872 τμηθεῖσιν
596 800 668 865 ὡς
714 802 881 858 εἰκόσι
938 809 1189 875 χρωμένη
1251 803 1404 876 ψυχὴ
1469 804 1952 873 ζητεῖνάνοιγκά-

240 891 386 954 ζεται
433 887 488 953 ἐξ
531 885 885 957 ὑποθέσεων,
935 889 1034 943 οὐκ
1081 886 1156 943 ἐπ’
1211 889 1394 961 ἀρχὴν
1430 895 1788 962 πορευομένη,
1827 888 1940 944 ἀλλ’

239 976 325 1025 ἐπὶ
375 969 650 1037 τελευτήν,
698 967 759 1024 τὸ
808 970 851 1025 δ’
904 965 975 1026 αὖ
1020 979 1207 1042 ἕτερον
1257 971 1401 1048 [τὸ]
1449 973 1535 1028 ἐπ’
1589 972 1767 1044 ἀρχὴν
1815 973 1950 1028 ἀνυ-

239 1053 497 1110 nde-stov
543 1055 597 1120 ἐξ
639 1053 964 1119 ὑποθέσεως
991 1060 1153 1112 ἐοῦσα
1201 1063 1292 1112 καὶ
1337 1057 1472 1112 ἄνευ
1519 1051 1595 1111 ὧν
1641 1062 1763 1126 περὶ
1809 1066 1951 1112 ἐκεῖ-

239 1161 307 1195 νο
367 1139 620 1203 εἰκόνων,
689 1137 883 1203 αὐτοῖς
953 1140 1112 1195 εἴδεσι
1174 1140 1245 1195 δι’
1311 1142 1500 1196 αὐτῶν
1549 1141 1648 1208 τὴν
1691 1146 1950 1211 μέθοδον

245 1227 567 1293 ποιουμένη.
663 1222 865 1285 Ταῦτ’,
913 1228 1048 1298 ἔφη,
1093 1222 1129 1278 ἃ
1177 1228 1373 1295 λέγεις,
1428 1225 1529 1297 οὐχ
1573 1227 1776 1290 ἱκανῶς
1819 1229 1951 1297 ἔμα-

245 1310 386 1363 θον.
427 1305 561 1361 Ἀλλ’
614 1298 807 1371 αὖθις,
854 1299 923 1372 ἦν
969 1310 1009 1362 δ’
1057 1308 1189 1378 ἐγώ·
1236 1308 1382 1382 ῥᾷον
1423 1308 1530 1380 γὰρ
1556 1308 1772 1364 τούτων
1814 1331 1953 1382 προ-

361 1528 409 1569 Β.
456 1534 570 1570 τοῖς
604 1526 721 1569 τότε
754 1530 1072 1583 τμηθεῑσιν]
1107 1531 1355 1584 μιμηθεῖσιν
1399 1532 1493 1573 Par.
1515 1534 1569 1575 A.
1605 1546 1749 1586 prave.
1800 1547 1839 1574 v.
1873 1547 1948 1574 ex-

245 1587 410 1638 piicatt.
470 1600 474 1604 ·

240 1760 509 1815 respondent
537 1762 666 1803 verba
696 1760 756 1800 Τὸ
793 1762 939 1801 τοίνυν
964 1762 1052 1803 {⁶12-

240 1832 318 1872 ρον
354 1820 476 1860 τίθει
508 1819 596 1860 κτλ.
654 1818 763 1860 Nam
806 1819 886 1872 μέν
916 1821 1051 1861 inter-

241 1877 414 1929 posuit,
454 1877 496 1918 in
538 1881 683 1919 mente
722 1875 883 1918 habens
922 1877 972 1918 τὸ
1008 1878 1052 1918 δὲ

241 1931 384 1987 ἕτερον
418 1935 506 1974 noi..

297 1994 342 2032 P.
375 1991 464 2036 510
538 1992 770 2034 ἐθέλοις
812 1989 874 2030 ἄν
904 1991 1046 2032 αὐτὸ

238 2046 429 2102 φάναι]
471 2050 685 2091 Refertur
716 2046 830 2088 αὐτό
863 2048 918 2089 ad
955 2051 1048 2090 uni-

237 2118 411 2147 versum
469 2120 608 2160 genus
664 2109 747 2146 τοῦ·
807 2103 1047 2159 ὁρωμένου,

236 2163 354 2215 quod
389 2176 474 2205 non
506 2164 640 2205 modo
673 2164 870 2204 claritate
892 2169 936 2204 et
968 2164 1049 2204 ob-

237 2221 447 2263 scuritate
478 2220 555 2263 sed
589 2221 716 2262 etiam
749 2221 945 2260 veritatis
979 2235 1046 2261 ra-

237 2279 356 2319 tione
387 2279 482 2319 vuit
512 2284 659 2330 partes
706 2277 863 2318 habere
900 2277 1046 2319 diver-

235 2349 326 2387 sas,
349 2335 705 2388 quandoquidem
720 2336 831 2376 inter
852 2334 910 2386 id,
929 2335 1043 2388 quod

234 2390 363 2433 alicui
405 2394 686 2434 assimilatum
731 2394 812 2443 sit,
861 2398 905 2433 et
936 2406 1044 2444 rem,

235 2452 302 2491 cui
333 2451 388 2492 sit
419 2452 574 2502 simile,
609 2452 761 2492 eadem
802 2450 1047 2492 intercedat

233 2507 491 2559 differentia,
522 2522 633 2561 quae
664 2507 722 2548 sit
751 2508 863 2548 inter
893 2508 1042 2561 opina-

234 2566 319 2606 bile
351 2571 395 2605 et
422 2565 701 2619 intelligibile.

288 2622 340 2662 B.
378 2616 461 2663 ‘Ha
492 2622 549 2663 τὸ
558 2599 682 2675 Ὸμὲν
713 2621 887 2663 αὐτοῦ
908 2647 963 2653 -—-
990 2623 1048 2675 ἐξ

201 2677 587 2733 Ἴὑποθέσεων]
663 2679 800 2722 Verba
849 2681 890 2721 in
932 2679 1044 2722 hunc

233 2737 408 2778 modum
443 2738 687 2807 iungenda:
721 2741 745 2790 ᾗ
771 2737 888 2792 ψυχὴ
913 2736 1043 2792 α’ναγ-

230 2793 405 2843 κάζεται
438 2794 573 2847 ζητεῖν
603 2794 652 2834 τὸ
673 2797 749 2847 μὲι
772 2794 822 2836 αὐ
811 2801 913 2835 τοῦ
945 2796 1043 2849 (ai-

230 2857 406 2893 teram
441 2865 562 2894 eius
585 2853 824 2906 partem)
858 2854 900 2897 ἐξ
930 2868 1043 2894 υπο-

228 2913 392 2950 θεσεων
429 2913 617 2962 χρωμένη
655 2914 748 2957 τοῖς
787 2908 892 2950 τότε
932 2927 1044 2962 τμη-

233 2970 376 3007 θεῖσιν
406 2966 461 3013 ὡς
478 2965 652 3017 εἰκόσιν,
682 2966 711 3007 i.
738 2980 774 3010 e.
806 2967 880 3008 iis
905 2981 1042 3020 quae

235 3028 395 3064 antea
445 3024 733 3065 divisimus
782 3029 1040 3076 tanquam

233 3081 568 3133 imaginibus
629 3085 803 3126 utens.
876 3082 1040 3123 intelli·

231 3141 391 3189 guntur
434 3152 503 3179 res
554 3138 756 3179 sensibus
805 3140 1041 3189 subiectae,

227 3206 408 3246 quarum
442 3194 690 3236 distributio
724 3195 857 3237 modo
893 3195 1039 3249 (τότε)

226 3251 418 3292 instituta
452 3257 533 3293 est.
583 3253 645 3293 De
678 3251 784 3293 τότε
814 3254 876 3294 sic
909 3266 1035 3295 usur-

223 3314 324 3361 pato
353 3321 406 3350 ne
435 3311 528 3361 quis
554 3310 746 3354 dubitet..
782 3313 1038 3352 consiliatur

220 3379 316 3408 ann.
355 3378 484 3419 supra
516 3366 572 3407 ad
600 3380 643 3418 p.
663 3366 763 3410 507.
794 3368 844 3410 B.
873 3368 928 3409 ad
946 3369 1036 3410 Po-

221 3424 320 3465 iitic.
347 3437 387 3478 p.
407 3423 508 3468 263,
537 3423 585 3466 Ε.
613 3437 654 3477 p·
676 3423 776 3468 164.
805 3425 873 3469 ed.
899 3423 1035 3470 Goth.

1143 1763 1458 1804 Describuntur
1505 1767 1648 1803 autem
1697 1762 1761 1803 his
1807 1763 1951 1804 verbis

1140 1821 1394 1874 disciplinae
1428 1819 1789 1871 mathematicae,
1823 1834 1949 1873 quae,

1140 1879 1222 1920 etsi
1265 1883 1367 1918 sunt
1408 1879 1751 1927 intellectuales,
1802 1884 1950 1919 tamen

1140 1949 1224 1977 non
1259 1948 1427 1988 puras
1460 1935 1587 1976 ideas
1611 1936 1789 1987 habent,
1822 1936 1899 1977 sed
1923 1949 1946 1977 a

1137 2006 1282 2034 rerum
1318 1993 1675 2046 adspectabiiium
1716 1994 1866 2034 formis
1908 1999 1951 2035 et

1138 2050 1398 2102 imaginibus
1433 2051 1701 2102 abstractas,
1741 2064 1827 2103 quo
1870 2065 1949 2092 no-

1139 2109 1251 2148 mine
1283 2120 1386 2148 sane
1420 2108 1652 2160 plurimum
1698 2122 1721 2149 a
1755 2108 1949 2162 philoso-

1133 2164 1231 2217 phia
1274 2165 1541 2217 discrepant,
1585 2179 1695 2218 quae
1742 2167 1781 2206 in
1828 2168 1947 2219 puris

1135 2223 1245 2263 ideis
1316 2223 1664 2276 contemplandis
1735 2231 1948 2265 versatur.

1130 2281 1291 2333 Itaque
1331 2282 1429 2321 illae
1470 2284 1566 2326 τοῖς
1610 2279 1714 2320 τότε
1756 2286 1948 2335 τμηθεῖ-

1134 2352 1200 2377 σιν
1255 2336 1312 2383 ὡς
1365 2335 1500 2378 εἰκόσι
1543 2343 1733 2378 utuntur.
1793 2339 1946 2392 Atque

1130 2396 1246 2435 hanc
1286 2395 1421 2449 ipsam
1467 2397 1523 2436 ob
1569 2408 1766 2436 caussam
1813 2398 1944 2440 etiam

1131 2453 1461 2505 proficiscuntur
1549 2452 1592 2495 ἐξ
1674 2451 1946 2502 ὑποθέσεως.

1130 2510 1260 2552 Quod
1293 2510 1393 2563 quid
1428 2511 1506 2558 sit,
1547 2522 1681 2563 quum
1716 2512 1811 2564 ipse
1848 2514 1946 2554 Pla-

1131 2573 1176 2608 to
1211 2569 1251 2608 in
1284 2567 1491 2620 proximis
1523 2569 1630 2609 satis
1653 2569 1841 2611 dilucide
1869 2584 1946 2612 ex-

1128 2626 1392 2677 plenaverit,
1440 2631 1528 2667 tum
1573 2626 1768 2667 ostendit
1810 2627 1942 2670 etiam

1134 2685 1368 2724 proclus
1393 2683 1433 2723 in
1456 2683 1585 2724 Polit.
1609 2697 1647 2737 p.
1669 2683 1772 2728 432.
1807 2684 1940 2739 Quip-

1133 2754 1185 2793 pe
1212 2745 1311 2780 sunt
1330 2741 1521 2793 ipsarum
1549 2740 1832 2783 fundamenta
1856 2755 1940 2783 non

1133 2797 1366 2849 eiusmodi,
1418 2803 1464 2838 ut
1504 2800 1724 2851 explanari
1772 2813 1823 2840 ac
1863 2800 1941 2840 de-

1133 2856 1364 2896 monstrari
1397 2861 1570 2907 queant,
1606 2856 1681 2897 sed
1715 2857 1829 2896 bona
1855 2857 1942 2899 fide

1132 2911 1410 2954 concedenda
1433 2913 1532 2956 sint.
1567 2913 1834 2955 Quambrem
1858 2914 1941 2954 Ci-

1131 2983 1261 3011 cero
1293 2970 1361 3011 De
1393 2969 1487 3010 Fin.
1512 2970 1568 3012 V.
1589 2970 1658 3014 28.
1686 2971 1943 3013 verissime:

1131 3029 1189 3070 ln
1221 3027 1533 3080 geometria
1566 3028 1743 3080 prima
1775 3029 1824 3068 si
1853 3028 1941 3070 de-

1130 3085 1317 3132 deris,
1361 3083 1538 3124 danda
1583 3090 1710 3125 sunt
1747 3087 1940 3130 omnia.

1133 3142 1335 3183 Academ.
1378 3141 1440 3181 ΙΙ.
1485 3154 1522 3182 c.
1565 3141 1635 3186 36.
1679 3141 1712 3193 §
1756 3143 1854 3187 116.
1899 3150 1942 3185 et

1127 3199 1228 3243 117.
1273 3198 1345 3238 nbi
1374 3199 1511 3252 tangit
1541 3200 1707 3240 initia
1741 3201 1939 3242 mathe-

1122 3231 1491 3307 maticorume,
1562 3257 1761 3309 quibus
1834 3271 1937 3314 non

1123 3312 1443 3363 concessis,
1519 3312 1754 3365 digitum
1820 3329 1935 3367 pro-

1122 3369 1277 3424 gredi
1312 3381 1415 3410 non
1438 3373 1680 3422 possint.
1710 3373 1748 3413 L
1759 3373 1935 3414 ucian.

1126 3427 1387 3471 Hermotim.
1411 3441 1446 3470 c.
1462 3426 1530 3471 74.
1556 3434 1655 3471 οἱον
1676 3429 1749 3470 καὶ
1770 3426 1795 3482 η’
1816 3433 1935 3471 θαυ-
