2098 3658
635 159 711 213 111
723 158 848 212 BRI
885 156 1242 214 SECUNDI
1699 161 1796 214 117

86 323 226 374 quae
277 305 384 357 iam
433 303 582 358 dicta
626 310 786 369 sunt,
836 301 931 354 vix
966 301 1288 370 quisquam,
1329 300 1425 370 qui
1463 300 1552 354 vel
1587 300 1798 371 ingenii

88 375 295 430 viribus
357 376 446 430 vel
500 373 701 445 opibus
758 372 843 426 vel
903 391 999 426 cor
1039 373 1149 426 oris
1205 373 1400 427 robore
1447 371 1538 430 vel
1572 371 1796 444 generis

86 447 375 501 nobilitate
411 446 610 514 valeat,
646 443 888 497 animum
923 444 981 497 in
1023 452 1171 512 ucet‚
1211 451 1275 497 ut
1309 443 1577 497 iustitiam
1613 441 1797 498 colere

87 518 247 583 velit3
297 519 407 573 imo
454 515 664 585 rideat,
720 516 768 570 si
816 533 979 585 quem
1040 533 1159 568 eam
1214 513 1529 572 laudantem
1590 513 1795 568 audiat.

87 589 199 659 Qui
240 609 311 663 pe
347 597 405 644 et
435 588 595 642 venia
631 587 701 642 ab
738 586 990 641 omnibus
1026 585 1190 639 datur
1225 586 1526 640 iniustitiae
1541 626 1558 654 ‚
1610 594 1668 639 et
1702 604 1797 640 ne·

88 682 176 716 mo
224 680 315 716 ere
342 679 443 715 sua
478 666 679 730 sponte
715 658 896 714 iustus
933 665 1036 726 est,
1075 664 1137 711 ut
1175 658 1428 728 quisque,
1466 665 1664 711 nactus
1713 657 1796 711 in-

1 735 3 740 ’
86 734 231 788 iuste
266 730 508 786 faciendi
538 737 892 802 potestatem,
928 748 994 783 ea
1032 729 1195 782 etiam
1222 729 1486 784 continuo
1521 728 1797 783 abutatur.

87 805 194 860 Est
221 812 424 871 autem,
447 802 522 856 mi
560 802 810 870 Socrate,
847 801 1042 855 horum
1066 802 1309 855 omnium
1346 817 1544 854 caussa
1564 800 1799 854 maxime

87 878 145 931 in
179 895 248 931 eo
283 874 484 947 posita,
523 872 676 957 quod
710 873 819 927 iam
857 891 1028 944 supra
1054 872 1123 927 ab
1157 872 1467 927 orationum
1486 878 1797 926 nostrarum

0 998 1 1002 ,
87 948 244 1002 initio
290 964 737 1000 memoravmus:
792 964 952 999 nemo
998 944 1142 998 enim
1190 963 1410 1012 eorum,
1460 942 1555 1012 qui
1604 941 1798 997 laudes

87 1018 328 1074 institiae
364 1017 641 1080 celebrare
674 1017 861 1071 conati
899 1023 1048 1083 sunt,
1089 1035 1335 1085 unquam
1369 1014 1429 1068 id
1465 1014 1598 1068 fecit
1634 1014 1795 1069 aliter

0 1084 1 1154 Ῠ
87 1109 252 1162 quam
289 1090 390 1159 sic,
426 1096 491 1143 ut
525 1088 597 1142 ad
633 1088 881 1161 gloriam,
922 1087 1184 1158 praemia,
1224 1105 1434 1158 poenas
1470 1085 1792 1158 respiceret,

87 1181 229 1234 quae
266 1161 336 1216 ab
370 1160 582 1215 iustitia
616 1161 706 1214 vel
741 1159 1015 1214 iniustitia
1047 1159 1560 1231 proficiscerentur3
1610 1157 1796 1228 ipsum

87 1253 218 1288 vero
264 1240 559 1302 utrumque
595 1251 699 1303 per
733 1250 791 1286 se
842 1232 1071 1302 eiusque
1118 1231 1249 1300 vim,
1301 1250 1467 1301 quam
1514 1230 1573 1283 in
1611 1229 1795 1283 animo

86 1306 268 1361 latens
303 1303 450 1377 apud
488 1302 625 1359 deos
662 1311 722 1359 et
756 1303 1008 1358 homines
1045 1302 1263 1372 habeat,
1301 1321 1462 1357 nemo
1502 1301 1796 1371 quisquam

86 1386 187 1432 aut
218 1378 277 1432 in
313 1384 568 1448 poemate
603 1375 790 1447 aliquo
827 1384 926 1429 aut
960 1375 1016 1429 in
1043 1373 1151 1429 alio
1185 1392 1437 1428 sermone
1474 1372 1794 1441 celebravit,

0 1501 1 1526 χ
88 1451 167 1504 ita
209 1457 276 1503 ut
317 1447 612 1531 perspicue
661 1446 887 1502 doceret
932 1446 1261 1501 iniustitiam
1317 1464 1441 1501 esse
1498 1445 1794 1499 maximum

0 1540 1 1562 ¹
89 1521 383 1589 malorum,
441 1519 706 1575 laetitiam
760 1518 1055 1573 maximum
1099 1517 1386 1574 bonorum.
1470 1517 1598 1571 Hoc
1650 1516 1797 1571 enim

0 1598 1 1635 ἶ
90 1593 139 1649 si
185 1592 255 1648 ab
302 1590 556 1647 omnibus
605 1591 675 1646 ab
724 1590 881 1645 initio
928 1608 1106 1660 usque
1155 1588 1226 1644 ad
1276 1589 1423 1643 hunc
1470 1588 1615 1642 diem
1669 1606 1796 1660 per·

91 1672 259 1738 petuo
308 1670 457 1719 esset
500 1661 710 1717 dictum
759 1669 927 1733 atque
962 1662 1121 1717 nobis
1157 1660 1285 1715 inde
1330 1680 1364 1714 a
1398 1660 1637 1732 pueritia
1670 1679 1797 1732 per-

89 1753 332 1803 suasum,
367 1733 519 1789 haud
553 1752 687 1788 sane
722 1753 826 1788 nos
862 1733 1099 1788 invicem
1136 1733 1206 1787 ab
1243 1732 1444 1786 iniuria
1479 1731 1796 1804 prohibere-

90 1825 245 1876 mus,
292 1805 458 1861 sicuti
491 1805 613 1860 fieri
650 1805 882 1875 assolet,
921 1804 1020 1860 sed
1058 1804 1443 1875 unusquisque
1481 1809 1655 1858 semet
1705 1803 1792 1875 ip-

89 1897 211 1935 sum
246 1877 452 1951 optime
500 1875 833 1945 custodiret,
884 1895 955 1932 ne
986 1876 1291 1932 faceremus
1325 1874 1599 1944 iniuriam,
1637 1892 1796 1929 cura-

90 1958 311 2022 rctque..
347 1967 418 2003 ne
453 1948 657 2003 iniuste
692 1948 900 2003 faciens
937 1967 1063 2003 cum
1098 1947 1334 2002 maximo
1369 1946 1513 2000 malo
1550 1945 1794 2018 degeret.
1871 1955 1875 1959 ’

89 2022 248 2078 Haec
267 2020 454 2094 igitur,
476 2040 510 2075 o
534 2019 782 2089 Socrate,
805 2038 870 2074 ac
897 2020 1130 2075 fortasse
1158 2019 1324 2073 etiam
1341 2018 1524 2102 plura,
1550 2017 1796 2092 Thrasy-

90 2091 317 2150 machus
353 2099 451 2147 aut
488 2091 687 2163 aliquis
709 2091 848 2146 alius
886 2091 956 2146 de
998 2091 1212 2147 iustitia
1248 2097 1305 2144 et
1337 2089 1610 2145 iniustitia
1645 2089 1796 2145 dice-

90 2173 207 2235 ret,
251 2164 431 2220 utrius
473 2183 541 2218 ue
587 2164 831 2218 rationes
866 2163 1178 2236 importune
1216 2169 1552 2235 pervertens.
1629 2161 1790 2231 Quae

89 2256 195 2311 ego
229 2255 340 2292 non
375 2235 450 2291 du
490 2235 623 2291 itavi
673 2236 918 2308 apertius
954 2236 1040 2291 elo
1082 2235 1159 2304 ui,
1197 2242 1392 2307 utpote
1429 2233 1567 2289 nihil
1603 2234 1701 2289 abs
1738 2241 1796 2289 te

89 2308 255 2365 celari
304 2308 532 2380 cupiens
596 2316 904 2380 optansque
967 2328 1038 2363 au
1080 2307 1158 2361 ire
1219 2306 1511 2362 contraria.
1596 2306 1796 2378 Itaque

89 2399 238 2437 nunc
271 2379 332 2434 id
371 2398 491 2453 age.
527 2399 756 2451 quaem,
794 2387 859 2435 ut
895 2399 1007 2435 non
1044 2377 1210 2435 modo
1248 2377 1593 2433 demonstres
1634 2378 1796 2433 iusti·

87 2452 221 2509 tiam
280 2470 403 2507 esse
475 2452 745 2507 iniustitia
804 2452 1288 2522 praestantiorem,
1370 2469 1560 2505 verum
1629 2450 1796 2504 etiam

90 2523 357 2593 declares,
391 2523 527 2595 quid
563 2531 684 2579 utra
727 2542 795 2578 ue
832 2523 888 2578 in
912 2532 1147 2595 utroque
1181 2522 1389 2579 efficiat
1422 2521 1548 2595 ipsa
1582 2541 1684 2595 per
1716 2539 1794 2590 se,

88 2596 205 2655 cive
239 2596 409 2651 lateat
442 2594 577 2651 deos
613 2604 672 2650 et
747 2595 989 2666 omines,
1029 2597 1145 2650 sive
1178 2614 1289 2650 non
1325 2594 1526 2663 lateat,
1565 2601 1630 2648 ut
1667 2592 1795 2647 ideo

91 2668 262 2724 ultera
307 2686 410 2740 pro
474 2667 653 2737 bono,
720 2667 894 2722 altera
949 2687 1052 2741 pro
1113 2665 1256 2721 malo
1324 2665 1515 2720 haberi
1577 2664 1795 2720 debeat.

88 2738 155 2796 P.
188 2741 314 2796 362.
351 2740 421 2795 B.
456 2771 526 2780 —
562 2740 685 2795 36⁷.
721 2738 790 2793 E.

230 2811 390 2867 Haec
460 2811 632 2884 igitur
700 2811 965 2865 hactenus
1023 2807 1241 2865 Glauco
1317 2815 1373 2863 et
1445 2806 1794 2863 Adimantus.

89 2880 341 2954 Quorum
390 2884 667 2939 orationes
721 2881 854 2953 quid
910 2881 1149 2935 habeant
1181 2880 1520 2953 propositum
1566 2886 1624 2934 et
1659 2898 1799 2951 qua-

20 2964 22 2969 “
90 2972 217 3012 nam
262 2955 653 3011 coniunctione
699 2974 824 3011 cum
872 2953 1130 3007 universo
1181 2972 1213 3007 o
1257 2971 1347 3007 ere
1386 2952 1793 3021 contineantur,

92 3044 203 3082 non
236 3025 379 3083 odeo
413 3026 639 3083 difficile
678 3034 763 3082 est
798 3024 870 3080 ad
906 3023 1188 3079 diiudican
1230 3044 1338 3079 um.
1411 3022 1635 3079 Etenim
1662 3042 1794 3078 con·

91 3105 367 3154 summam.
410 3098 536 3154 illae
580 3096 984 3172 quodammodo
1032 3115 1099 3151 ao
1143 3096 1438 3169 perficiunt
1493 3114 1588 3165 ea,
1652 3114 1794 3165 quae

92 3167 244 3224 dicta
276 3178 435 3226 amnt
454 3190 490 3226 a
522 3168 957 3243 Thrasymach0‚
997 3168 1075 3222 ita
1099 3168 1342 3251 quidem,
1379 3174 1444 3222 ut
1468 3167 1630 3223 huius
1669 3186 1794 3222 sen-

90 3241 266 3297 tentia
286 3240 452 3297 etiam
470 3243 726 3299 subtilius
760 3250 927 3312 atque
962 3239 1257 3296 dilucidius
1278 3239 1580 3296 illustretur
1617 3257 1795 3322 eoque

90 3311 256 3369 nodo
281 3312 583 3370 iniustitiae
618 3314 820 3386 image,
861 3311 1133 3368 contraria
1154 3311 1250 3368 illa
1280 3311 1543 3381 iustitiae,
1579 3310 1794 3383 plenius

87 3383 428 3441 informetur.
499 3385 668 3456 Quod
716 3386 859 3441 enim
912 3392 1022 3441 tam
1062 3384 1330 3440 iniustitia
1367 3402 1532 3455 quam
1565 3381 1794 3449 iustitia,
