2098 3658
114 824 214 876 391

254 179 357 231 232
868 176 1367 235 ΡΒΑΤΟΝΙΞ’

253 324 378 380 οὐδὲ
412 324 523 380 ’τὸν
573 327 672 380 τοῦ
712 323 992 396 Ἀχιλλέως
1053 329 1410 399 παιδαγωγὸν
1459 331 1698 384 Φοίνικα
1742 337 1959 387 ἐπαινε-

254 414 402 473 τέον,
451 407 523 474 ὡς
565 415 795 480 μετρίως
839 413 982 480 ἔλεγε
1041 411 1431 485 συμβουλεύων
1473 412 1626 484 αὐτῷ
1665 418 1816 488 δῶρα
1857 419 1959 487 μὲν

252 492 484 565 λαβόντι
532 493 831 564 ἐπαμύνειν
875 508 990 562 τοῖς
1051 497 1316 569 Ἀχαιοῖς,
1367 494 1502 552 ἄνευ
1547 502 1603 553 δὲ
1649 498 1838 570 ὁώρων
1880 498 1956 568 μὴ

251 578 727 634 ἀπαλλάττεσθαι
773 582 872 648 τῆς
913 580 1128 651 μήνιος.
1177 581 1294 637 οὐδ’
1347 581 1525 638 αὐτὸν
1570 581 1673 638 τὸν
1711 583 1959 654 Ἀχιλλέα

251 663 564 733 ἀξιώσομεν
612 662 736 719 οὐδ’
789 663 1212 739 ὁμολογήσομεν
1252 664 1395 722 οὕτω
1430 667 1853 741 φιλοχρήματον
1886 668 1959 723 εἷ-

253 769 377 818 ναι,
427 746 560 813 ὥςτε
608 747 764 820 παρὰ
807 753 909 805 τοῦ
948 750 1360 824 Ἀγαμέμνονος
1401 755 1554 823 δῶρα
1599 756 1818 823 λαβεῖν,
1864 758 1956 808 καὶ

258 830 426 903 τιμὴν
481 825 555 888 αὖ
626 831 878 903 λαβόντα
936 839 1134 908 νεκροῦ
1188 834 1484 900 ἀπολύειν,
1541 834 1720 902 ἄλλως
1773 840 1829 892 δὲ
1879 835 1956 907 μὴ

252 921 490 974 ἐθέλειν.
580 914 798 973 Οὔκουν
857 920 1073 976 δίκαιόν
1117 943 1207 990 γε,
1249 926 1386 995 ἔφη,
1430 927 1677 976 ἐπαινεῖν
1722 919 1790 976 τὰ
1837 943 1954 977 τοι-

250 1005 418 1057 αῦτα.
499 998 660 1058 Ὀκνῶ
720 1006 775 1057 δέ
829 1024 919 1075 γε,
964 998 1035 1073 ἦν
1090 1005 1138 1061 δ’
1190 1006 1322 1075 ἐγώ,
1368 1004 1426 1059 δι’
1466 1003 1715 1078 Ὅμηρον
1760 1010 1949 1076 λέγειν,

249 1084 338 1144 ὅτι
382 1085 505 1142 οὐδ’
557 1083 716 1142 ὅσιον
773 1087 956 1144 ταῦτά
1006 1111 1066 1160 γε
1133 1088 1277 1145 κατὰ
1317 1089 1600 1161 Ἀχιλλέως
1641 1091 1820 1166 φάναι
1863 1095 1956 1146 καὶ

249 1169 434 1228 ἄλλων
504 1170 780 1240 λεγόντων
838 1178 1170 1230 πείθεσθαι.
1232 1177 1325 1229 καὶ
1390 1167 1463 1230 αὖ
1523 1172 1596 1239 ὡς
1653 1173 1793 1248 πρὸς
1854 1173 1954 1230 τὸν

241 1255 487 1312 Ἀπόλλω
537 1254 712 1311 εἶπεν·

332 1340 591 1441 ἔβλαψάς
632 1339 680 1411 μ’
727 1339 969 1412 ἑκάεργε,
1013 1308 1171 1397 θεῶν
1214 1339 1494 1398 ὀλοωτατε
1537 1343 1790 1398 πάντων·

341 1418 372 1493 ἦ
420 1424 459 1480 σ’
503 1422 585 1479 ἂν
627 1430 902 1496 τισαίμην,
951 1424 1000 1480 εἴ
1039 1449 1136 1494 μοι
1184 1427 1418 1497 δύναμίς
1459 1449 1519 1496 ,ε
1564 1432 1779 1500 παρείη.

253 1514 344 1566 καὶ
391 1508 465 1574 ὡς
506 1506 649 1581 πρὸς
693 1507 792 1564 τὸν
838 1509 1113 1580 ποταμόν,
1160 1507 1305 1565 θεὸν
1347 1507 1505 1575 ὅντα,
1548 1511 1807 1576 ἀπειθῶς
1849 1512 1952 1584 εἶχε

253 1598 345 1650 καὶ
388 1591 693 1674 ἶμάχεσθαι
750 1600 972 1665 ἕτοιμος
1025 1614 1124 1661 ην·
1182 1599 1274 1650 καὶ
1329 1588 1402 1650 αὖ
1469 1594 1572 1661 τὰς
1617 1599 1718 1651 τοῦ
1766 1603 1952 1671 ἐτέρου

364 1734 418 1775 Ε.
479 1731 760 1774 astantia.
805 1715 901 1787 τῆὲ
938 1731 1188 1787 infimos]
1234 1711 1513 1790 Vspcrp'mfinffi
1547 1737 1668 1788 quod
1698 1718 1952 1778 coddsfere

249 1806 402 1834 omnes
434 1797 738 1845 aspernantur.
771 1792 890 1832 conf.
921 1793 1079 1833 Matth.
1114 1791 1192 1835 Gr.
1223 1794 1354 1845 ampl.
1385 1807 1428 1846 p.
1461 1792 1563 1836 158.
1597 1799 1640 1834 et
1669 1808 1711 1847 p.
1732 1796 1833 1839 517.
1869 1796 1949 1837 So-

246 1853 308 1892 let
345 1852 487 1903 Plato,
515 1856 567 1890 ut
594 1851 681 1891 iam
711 1851 817 1891 alibi
848 1851 1211 1898 observavimus,
1229 1852 1315 1891 ubi
1347 1856 1576 1902 poetarum
1607 1853 1725 1893 dieta
1757 1855 1949 1907 respicit,

245 1922 400 1951 eorum
427 1910 624 1978 linguam
655 1910 843 1949 imitari·
874 1910 991 1949 unde
1020 1909 1093 1948 hie
1124 1909 1312 1950 formam
1342 1909 1440 1949 Ion.
1473 1912 1681 1981 servavit.

368 1969 415 2008 Ρ.
447 1967 533 2011 391
567 1961 742 2008 Ὀκνῶ
774 1966 826 2007 δέ
858 1981 936 2021 γε,
971 1960 1030 2023 ἦν
1061 1961 1104 2006 δ’
1136 1963 1261 2020 εγιό,
1270 1967 1290 2018 ]
1322 1968 1474 2008 Verba
1505 1961 1558 2021 ἦν
1590 1963 1641 2008 δ’
1658 1965 1742 2021 ἐγώ
1774 1969 1875 2012 Vat.
1900 1967 1947 2012 Θ.

167 2068 171 2081 Ι
246 2039 279 2065 r.
298 2026 434 2069 Vind.
465 2026 619 2066 locant
645 2032 751 2078 post
770 2022 975 2079 Ὄιιηρον.
1035 2026 1207 2066 Abesse
1240 2039 1331 2066 non
1362 2032 1569 2079 possunt,
1586 2040 1717 2079 quum
1744 2025 1949 2069 Socrates

244 2085 340 2137 ipse
372 2097 489 2125 nune
517 2084 705 2136 primum
734 2085 931 2124 Homero
965 2083 1204 2124 dictorum
1202 2084 1481 2136 impietatem
1512 2086 1764 2137 exprobret

361 2143 410 2185 C.
471 2138 746 2194 νοσήματε
789 2139 892 2182 δύο
932 2139 1133 2194 ἐναντ.]
1194 2142 1382 2183 Dualem
1425 2156 1523 2183 cum
1570 2143 1671 2183 Par.
1715 2147 1770 2183 A.
1817 2144 1944 2184 codd.

303 2283 398 2325 τὸν
465 2285 561 2325 τοῦ
635 2279 905 2336 Ἀχιλλέως
975 2286 1047 2338 π.]

242 2343 388 2384 Hom.
422 2344 470 2384 11.
507 2341 590 2394 ΙΧ,
630 2343 721 2387 435
751 2357 849 2397 sqq.
885 2367 939 2372 —
970 2357 1048 2394 με·

242 2403 408 2455 τρίωε·
446 2401 616 2454 ἔλεγε,
645 2403 676 2442 i.
709 2415 746 2442 e.
781 2407 951 2442 reete.

299 2459 445 2512 δῶρα
473 2459 839 2514 λαβεῖν]Ηοω.
849 2460 901 2500 Il.
915 2460 1047 2508 XIX,

239 2519 327 2563 278
357 2531 425 2571 sq.

298 2577 385 2617 καὶ
440 2573 598 2628 τιμὴν
648 2569 714 2615 αὖ
775 2573 1046 2630 λαβόντα]

240 2634 393 2676 Hom.
427 2634 481 2674 Il.
515 2634 684 2681 Xle,
716 2634 802 2679 175
834 2649 901 2687 sq.

297 2693 346 2734 P.
389 2692 523 2736 391.
552 2688 712 2733 Ὀκνῶ
763 2692 818 2732 δέ
863 2706 921 2747 γε
962 2694 1044 2763 ω]

239 2750 368 2794 Tim.
391 2750 537 2791 Gloss.
562 2765 603 2803 p.
627 2750 736 2794 190:
759 2746 899 2791 ὀκνεῖ·
923 2746 1044 2791 εὐλα-

236 2808 331 2860 βῶς
352 2810 445 2861 ἔχει,
476 2809 554 2849 ubi
587 2823 629 2850 v.
650 2809 865 2853 Ruhnk.
897 2811 1043 2850 Etiam

238 2869 379 2909 schol.
423 2867 480 2908 ad
516 2868 561 2908 h.
603 2869 631 2909 1.
681 2870 914 2909 annotavit
953 2862 1045 2908 ἀντὶ

238 2927 316 2966 τοῦ
348 2921 547 2976 εὐλαβῶς
579 2925 674 2977 ἔχω.
739 2927 837 2967 Imo
860 2932 926 2967 est
954 2939 1042 2966 ve·

236 2997 364 3024 reor
434 2985 662 3024 Homeri
737 2998 905 3026 causa
966 2985 1040 3024 di—

235 3055 382 3083 cere.
426 3066 479 3070 -——
521 3043 607 3081 καὶ
650 3041 829 3084 ἄλλων
868 3044 901 3082 λ.
934 3045 1040 3082 πεί·

233 3099 467 3146 ὕεσθαι,
510 3106 586 3152 et,
623 3115 780 3154 quum
820 3101 923 3141 alii
967 3101 1041 3141 di-

232 3163 391 3207 cunt,
447 3159 520 3198 iis
581 3159 751 3200 fidem
818 3159 1041 3199 habere.

231 3214 382 3255 Minus
441 3221 557 3255 recte
618 3219 732 3258 enim
787 3217 1040 3269 Wytten-

231 3273 256 3312 b
268 3286 295 3313 a
310 3287 333 3313 e
346 3273 391 3312 h.
413 3273 470 3312 ad
488 3272 644 3317 Seleet.
657 3275 854 3327 Princip.
869 3275 1040 3314 Histor.

230 3344 276 3382 p.
322 3329 421 3374 353.
464 3331 708 3382 genitivum
748 3346 775 3373 a
807 3332 1045 3373 πείθεσθαι

234 3388 428 3441 pendere
461 3387 615 3429 voluit.

288 3441 1036 3501 ἔβλαψάςιίἑκάεργεῙΗοπι.

1137 2285 1374 2331 11.XX11,
1408 2285 1466 2329 15
1499 2299 1566 2339 sq.

1193 2342 1245 2383 Β.
1310 2344 1396 2383 καὶ
1437 2339 1505 2383 ὥς
1545 2340 1681 2395 πρὸς
1728 2338 1825 2382 τὸν
1857 2355 1944 2382 πο-

1138 2399 1335 2452 ταμόν,
1368 2398 1508 2442 θεὸν
1543 2398 1705 2449 ὄντα)
1739 2401 1944 2442 Scaman-

1136 2460 1266 2500 drum
1304 2461 1543 2512 intelligit3
1589 2474 1632 2500 v.
1674 2459 1843 2500 Hom.
1898 2460 1944 2500 ΙΙ.

1136 2518 1276 2569 XXI,
1317 2519 1406 2561 222
1446 2531 1540 2571 sqq.
1602 2516 1674 2558 De
1726 2520 1943 2571 proximis

1133 2589 1175 2615 v.
1210 2576 1256 2615 ΙΙ.
1289 2577 1471 2626 XXIII,
1507 2575 1608 2619 151.

1192 2628 1715 2685 toiswat's'E'ntwpos
1742 2632 1940 2685 algeas!

1133 2693 1283 2734 Hom.
1320 2694 1367 2734 n.
1407 2693 1557 2740 xxii,
1593 2691 1681 2736 394
1711 2705 1806 2744 sqq.

1190 2747 1286 2791 τὰς
1336 2751 1440 2790 τῶν
1477 2752 1640 2803 ζωγρ.
1692 2747 1939 2828 σφαγάς]

1132 2810 1266 2850 Hom.
1298 2809 1356 2849 11.
1387 2806 1571 2849 XXIII.
1605 2808 1704 2851 175.

1189 2865 1240 2907 C.
1306 2867 1392 2908 καὶ
1432 2867 1620 2919 τρίτου
1653 2853 1939 2918 ἀπήόΛιόε]

1130 2924 1246 2965 Nam
1266 2920 1429 2966 Peleus
1446 2925 1585 2965 Aeaci
1609 2925 1727 2963 filius
1753 2928 1796 2962 et
1815 2922 1939 2962 Iovis

1128 2996 1266 3035 nepos
1281 2984 1393 3033 fuit3
1412 2996 1452 3022 V.
1467 2983 1610 3022 Hom.
1627 2982 1671 3022 ΙΙ.
1689 2981 1820 3029 XXI,
1837 2980 1937 3023 188.

1186 3037 1294 3081 ὑπὸ
1348 3041 1416 3094 τῷ
1465 3035 1768 3092 σοφωτάτῳ
1815 3037 1936 3089 Χεί-

1129 3113 1262 3151 ρωνι
1295 3098 1468 3152 τεθμ]
1488 3121 1489 3124 =
1512 3099 1695 3138 Dativus
1729 3110 1819 3137 non
1852 3097 1936 3138 hoc

1128 3157 1385 3208 simpliciter
1414 3157 1597 3210 indicat,
1619 3156 1840 3196 Achillem
1870 3155 1934 3195 ab

1128 3214 1325 3255 Chirone
1374 3216 1606 3255 educatum
1651 3226 1770 3264 esse,
1814 3215 1933 3266 quod

1128 3274 1453 3324 significaretur
1525 3272 1673 3324 potius
1734 3273 1932 3324 genitivo

1127 3331 1450 3383 praepositioni
1469 3332 1668 3377 adiecto,·
1698 3331 1777 3371 sed
1806 3336 1933 3369 notat

1127 3401 1227 3429 enm
1285 3390 1524 3441 magistro,
1589 3402 1676 3441 quo
1733 3394 1929 3441 tempore

1128 3448 1221 3488 eius
1282 3447 1515 3500 disciplina
1565 3447 1792 3493 utebatur,
1841 3446 1930 3486 fere

2076 1059 2094 1076 ἶ
2075 871 2098 1027 ἵζῦῧῑςᾼκ.
2096 844 2098 847 .

2096 1608 2098 1628 .-
2067 1562 2098 1602 -ἳ
2076 1458 2093 1521 3217
2078 1383 2098 1453 fat-os
2079 1304 2098 1375 ενι-’,Ε
2079 1275 2087 1299 ’”
2081 1263 2085 1270 ²
